3625 5192
272 412 273 417 ,
300 358 354 411 206
673 324 934 423 Gescbicbtsquellen
952 355 1001 408 der
1018 354 1092 408 Pror.
1112 355 1233 409 Saebscn.

300 504 493 589 Snspitionis
519 510 626 568 notam
653 503 761 569 devito
786 504 911 569 tacitus.
960 503 1008 566 Tu
1037 503 1144 568 verbis
1169 504 1297 586 assequi
1326 510 1534 587 potestatam
1555 524 1608 569 ex·

299 608 519 693 pectationem.
561 607 648 671 Bene
670 606 789 671 valeas.

380 710 496 774 Datum
524 729 561 773 eo
583 710 675 790 die,1
698 728 759 791 quo
781 708 911 774 Clodius
933 708 1166 773 Cornicularius
1191 716 1224 774 et
1242 708 1400 773 Maximus
1420 708 1608 773 Parthenius

300 823 332 879 et
352 813 496 878 Saturius
517 812 646 877 decurio
667 812 930 875 cubiculariorum
952 820 984 875 ct
1002 811 1131 893 quidam
1146 832 1164 875 e
1179 811 1371 892 gladiatorio
1386 812 1460 875 lndo
1473 813 1608 875 vulneri-

300 916 359 980 bus
384 922 506 999 septem
541 914 759 980 Domitianum
792 914 940 979 Cesarem
973 912 1238 979 contrucidarunt.
1297 914 1431 995 lguosce
1465 915 1609 978 verbosis

300 1018 431 1102 ineptiis
451 1016 555 1081 amici.

491 1132 596 1197 Fortis
617 1141 649 1196 et
670 1131 790 1196 strenui
811 1130 929 1213 equitis
948 1112 1177 1216 epithaphium.

490 1234 577 1299 Mille
598 1236 730 1316 coclites,
752 1234 883 1299 totidem
906 1235 1031 1319 pedites
1051 1254 1165 1299 manus
1185 1254 1250 1299 una
1270 1235 1405 1315 subegit.

492 1336 576 1414 Quid
599 1336 688 1399 tum?
722 1336 934 1401 Stormdorlirs
956 1337 1106 1401 sternitur
1127 1356 1201 1413 ense
1223 1356 1330 1402 senex:

493 1438 597 1503 Fortis
619 1448 695 1503 erat.
726 1439 809 1515 Quid
826 1442 913 1503 turn?
943 1439 1053 1504 Claros
1074 1448 1146 1522 post
1166 1440 1253 1503 mille
1273 1440 1405 1504 labores.

492 1542 573 1605 'lam
595 1542 706 1605 l'ortenr
726 1542 816 1606 tortis
837 1543 956 1607 temina
976 1560 1059 1607 mors
1080 1543 1193 1624 rapuit.
1563 1554 1587 1614 t
1645 1526 1659 1549 '

371 1664 550 1711 llarrdsclrriltl.
570 1664 589 1709 F
610 1664 660 1710 515
682 1665 722 1711 tol.
738 1664 936 1711 altr—mter.
972 1664 1048 1713 Gedr.
1068 1665 1091 1712 b.
1111 1664 1153 1711 Ta.
1171 1666 1194 1711 S.
1215 1664 1361 1711 113424
1379 1682 1424 1709 rma
1446 1666 1534 1710 Testor
1551 1664 1609 1709 «loos

300 1736 337 1781 tir
354 1752 404 1781 enirn
425 1736 539 1783 subluere.

300 1989 379 2057 542.
401 1988 445 2061 ll.
469 2007 515 2055 arr
536 1988 671 2060 Urban.
893 1988 1040 2075 (Gotlra)
1062 1989 1145 2056 1515
1168 1988 1282 2074 (Nuclr
1304 1991 1357 2063 18.
1372 1992 1606 2074 September.)

371 2114 432 2162 Μαι.
456 2116 521 2160 frcul
542 2115 594 2160 sich
619 2115 679 2161 iiber
697 2115 795 2162 Urbana
817 2115 966 2162 l'crlrlciberr
991 2116 1017 2163 lu
1041 2116 1126 2161 Eriurt
1150 2116 1201 2161 uud
1224 2118 1329 2175 spiittolt
1346 2117 1408 2163 irbcr
1426 2117 1466 2162 dic
1487 2118 1609 2177 lguorauz

302 2186 344 2231 dos
355 2186 447 2231 Paulus
469 2186 605 2233 Huthcncr.
634 2186 685 2231 Iler
704 2187 846 2233 Schiiuaucr
865 2186 1018 2231 Sclrwindlcr
1037 2186 1072 2231 sci
1091 2187 1191 2231 crullieh
1212 2186 1255 2231 des
1271 2188 1370 2232 Laudes
1388 2188 1535 2248 vcrwiascn,
1553 2203 1607 2233 auur

302 2271 402 2313 gromen
422 2256 542 2307 Kummcr
563 2256 606 2302 dns
626 2257 712 2303 Abtcs.
750 2256 835 2303 Urbun
854 2256 916 2303 sollc
934 2256 960 2301 in
980 2256 1083 2315 Leipzig
1100 2258 1219 2302 manches
1237 2258 1338 2303 kauien.

382 2354 539 2419 Urbano
561 2373 710 2419 economo
732 2355 764 2417 in
788 2354 894 2418 secula
916 2354 1090 2419 seculorum
1114 2354 1273 2419 Mutianus
1293 2355 1402 2420 Rufus.

382 2456 412 2521 S.
455 2455 587 2520 Gaudeo
614 2463 646 2519 et
669 2455 822 2537 gratulor,
849 2456 932 2537 qnod
953 2457 1047 2520 saluti
1070 2464 1102 2519 et
1122 2456 1331 2521 incolumitati
1354 2464 1407 2521 tue
1428 2476 1487 2520 sua
1506 2455 1609 2538 digni-

301 2561 373 2623 tas²
402 2560 444 2623 sit
463 2566 651 2622 conservata
674 2578 735 2623 non
757 2557 866 2622 ablata
887 2578 944 2641 per
965 2558 1121 2623 invidiam
1142 2560 1394 2624 obtrectatorum.
1441 2561 1609 2623 Timueras

300 2663 385 2725 enim
407 2680 468 2725 non
491 2668 553 2723 tam
579 2661 651 2724 boni
674 2660 806 2725 Duronli
829 2663 1042 2744 supercilium,
1063 2663 1113 2725 cui
1135 2662 1230 2726 l'acile
1251 2670 1299 2727 est
1320 2661 1492 2745 imponere,
1513 2682 1607 2743 quam

301 2764 417 2843 impias
447 2764 660 2827 fraternitates
691 2764 797 2828 nescio
836 2784 981 2845 quorum,
1010 2764 1064 2845 qui
1096 2764 1230 2828 Lotiaue
1266 2765 1369 2845 magis
1407 2764 1608 2845 llorianequc

300 2866 451 2930 factioni3
482 2867 591 2929 favent
620 2884 714 2946 quam
748 2866 840 2929 beate
872 2867 1103 2948 tranquillitati.
1157 2867 1243 2931 Bene
1276 2866 1385 2946 babet,
1414 2886 1471 2949 per
1504 2866 1606 2930 lovem

301 2968 524 3050 Capitolinum.
567 2966 738 3032 Virinnae
785 2967 868 3031 Nam
895 2969 977 3033 istuc
1010 2968 1112 3051 ipsum
1140 2974 1358 3052 expectabam.
1401 2970 1485 3034 Cura
1514 2968 1607 3051 igitur

302 3070 394 3133 bonis
416 3070 529 3133 avibus
550 3071 691 3133 economi
713 3070 903 3154 provintiam
926 3080 958 3135 et
979 3070 1141 3154 voluptate
1163 3072 1285 3136 urbana
1304 3073 1406 3137 t'rnere
1432 3073 1606 3152 nostrisque

301 3152 438 3254 negotiis
484 3190 610 3236 manum
654 3182 825 3237 extremam
861 3174 997 3255 impone.
1058 3173 1199 3238 Adamus
1232 3176 1315 3238 inter
1348 3193 1508 3238 sermones
1545 3172 1605 3236 duo

301 3276 438 3340 maxime
455 3274 590 3339 ridicula
610 3276 760 3339 narravit.
799 3274 973 3357 Utrumque
993 3284 1100 3340 natum
1122 3275 1199 3339 mibi
1222 3275 1348 3340 videtur
1366 3296 1405 3339 ex
1428 3275 1607 3355 ignorantia

300 3379 443 3459 talsaquo
468 3378 681 3459 persuasione.
725 3376 819 3457 Quid,
842 3377 982 3456 obsecro,
1002 3379 1157 3461 peccavit,
1180 3378 1233 3459 qui
1256 3377 1338 3441 dixit
1359 3377 1504 3441 blicluiel.
1546 3376 1606 3441 Cur

301 3482 343 3546 ab
365 3480 537 3565 cpiscopo⁵
560 3479 642 3543 male
663 3479 810 3543 audivit?
851 3478 945 3557 Quid,
965 3479 992 3543 si
1014 3480 1160 3553 dixisset,
1181 3486 1215 3544 ut
1235 3481 1328 3543 docet
1349 3480 1485 3561 insignis
1506 3500 1606 3561 gram-

302 3568 711 3661 maticusNen1·issens'is⁶,
734 3580 931 3645 Michaclus?
971 3580 1069 3660 Quid,
1090 3584 1116 3646 si
1139 3602 1232 3664 grece
1253 3575 1389 3666 Μιχάηλ.
1433 3582 1608 3647 Revocetnr

289 3684 343 3749 'ab
380 3682 491 3749 inieris
529 3684 740 3763 Democritus,
781 3691 904 3767 repetat
940 3684 1165 3748 intermissum·
1186 3684 1241 3749 diu
1282 3684 1387 3749 risum.
1446 3684 1608 3748 Adonicus

301 3806 410 3853 versus
432 3793 481 3851 est
500 3786 718 3850 Maricinelli:l
738 3786 839 3865 „Care
860 3785 1027 3851 clientela
1068 3786 1104 3850 Si
1124 3788 1257 3851 antistes
1279 3788 1379 3851 bonas
1399 3786 1510 3853 literas
1528 3786 1610 3852 didi-

366 4019 377 4061 1
403 4023 447 4076 18.
461 4023 632 4093 September.
673 4024 736 4094 Vgl.
759 4022 872 4079 Suetcu.
904 4023 1049 4078 Domitian
1071 4021 1185 4093 eupli.

364 4100 378 4141 2
402 4102 461 4175 Vgl.
483 4103 527 4159 Br.
541 4102 599 4157 524
621 4102 646 4158 S.
661 4104 718 4157 188
740 4103 822 4157 Anrn.
836 4108 862 4160 1.

364 4180 490 4237 3Psrtei
517 4186 565 4238 der
593 4184 757 4239 Kanonilrer
785 4185 918 4255 lliitcling
945 4186 1001 4238 und
1028 4184 1138 4253 Morch,
1162 4184 1270 4237 welche
1296 4185 1358 4238 deur
1387 4185 1494 4239 Mutiau
1521 4188 1611 4241 scind-

303 4266 360 4320 lich
381 4264 493 4336 gesinnt
512 4282 610 4318 waren.

363 4339 377 4384 4
398 4344 463 4415 Vgl.
484 4344 530 4400 Br.
543 4344 598 4397 541
623 4342 648 4398 S.
660 4342 726 4398 204.

364 4420 521 4479 cursuum
539 4424 738 4479 Wcihbisclrof
757 4424 860 4478 Paulus
881 4425 1036 4480 Hutbcuer.

365 4502 379 4545 6
400 4504 497 4559 Aelius
516 4504 656 4559 Antonius
677 4504 873 4573 Nebrisscnxis,
894 4505 938 4559 cin
961 4506 1120 4576 spanisclrcr
1140 4506 1297 4574 Humanist,
1318 4508 1336 4570 †
1360 4506 1442 4559 1522.

368 4581 380 4625 7
402 4585 465 4657 Vgl.
488 4584 535 4641 Br.
547 4586 583 4639 66
606 4585 630 4641 S.
644 4585 690 4639 93.
710 4584 793 4639 Arm.
807 4584 832 4641 2.
