3625 5192
275 264 328 316 356
648 259 909 345 Gescbichtsquellcn
927 263 975 317 der
992 257 1067 317 Prov.
1087 260 1209 320 Samen.

345 411 387 475 ·S.
428 413 564 494 agerem
585 412 644 476 tibi
663 413 795 493 gratius,
814 412 1120 493 quodvicariorum1
1142 420 1297 477 atrocum
1317 413 1478 497 negotium
1499 415 1581 481 bene

275 521 412 597 apteque
432 522 563 594 tractas,
589 514 647 578 sed
668 534 791 591 vereor,
818 533 857 577 ne
877 510 995 578 lactum
1022 535 1071 580 me
1097 515 1187 579 dicas
1207 513 1419 595 adulatorem,
1445 536 1515 581 cum
1541 536 1581 582 eo

275 615 397 681 venerit
415 616 637 681 benevolentia
657 622 849 681 nostratem
870 622 988 681 testata
1009 635 1103 697 quam
1123 624 1246 695 mutua,
1274 624 1307 679 nt
1328 617 1392 681 ista
1412 620 1581 701 popularia

274 718 485 803 nonpossint
520 738 582 781 non
613 737 684 782 esee
716 726 873 801 suspecta.
922 718 1072 801 Sumptus
1104 725 1137 783 et
1160 718 1312 783 Martini2
1343 720 1580 786 sinisteritatum

274 820 404 901 allegas.
435 818 498 882 Rea
515 819 561 881 ita
577 829 636 898 est,
651 821 696 883 uti
716 818 806 884 dicis.
842 820 1019 901 Acqoiesco
1035 820 1103 884 tibi.
1146 820 1212 885 Fac
1236 820 1324 901 ligna
1338 820 1498 885 Duronius
1518 823 1580 887 lar·

272 922 378 1003 giatur
401 962 430 969 -
452 921 551 986 stabit
566 922 649 985 enim
666 920 751 985 hand
768 920 864 986 dubie
876 922 1041 1005 promissis
1057 958 1095 967 —
1113 922 1163 986 lac
1174 941 1276 1019 euram
1288 922 1384 1007 duplo
1397 923 1488 1006 plura
1508 924 1580 989 vel*
1604 970 1607 977 ,

273 1022 370 1088 isthic
388 1023 420 1087 in
441 1024 508 1087 loro
524 1023 575 1086 vel
592 1024 624 1086 in
646 1030 751 1087 vestro
771 1042 907 1101 nemore,
930 1024 980 1087 lae
999 1008 1204 1089 ite1u⁸adesse
1226 1024 1382 1106 imbrices,
1403 1034 1579 1091 cementum

273 1146 312 1190 uc
331 1125 439 1190 omnia
458 1124 683 1195 stabilimenta,
705 1132 810 1189 tamen
832 1144 912 1207 opus
933 1125 993 1188 erit
1013 1144 1089 1189 auro
1110 1124 1143 1189 in
1165 1126 1294 1207 reliqua.
1338 1127 1416 1192 Erat
1436 1127 1495 1193 bec
1508 1149 1580 1194 mea

273 1228 446 1307 sententia,
474 1234 508 1291 nt
529 1234 560 1291 te
581 1227 763 1291 meminisse
783 1227 932 1303 arbitror,
960 1226 1019 1290 das
1039 1247 1099 1308 eyn
1123 1228 1202 1292 l'rom
1224 1248 1337 1311 person
1356 1230 1409 1293 rel.
1452 1230 1515 1311 lta,
1536 1231 1579 1294 mi

274 1329 419 1411 Urbane,
447 1330 529 1393 alius
550 1338 694 1411 sumptos
716 1331 834 1393 laceret
856 1338 887 1392 et
910 1336 979 1393 rata
1007 1335 1148 1394 maneret
1169 1336 1357 1395 mortuorum
1378 1331 1526 1397 voluntas
1548 1340 1581 1395 et

272 1451 365 1496 nemo
386 1450 436 1494 nre
459 1431 609 1518 culparet.
653 1429 827 1512 Utcunque
840 1430 896 1504 sit,
924 1439 1010 1494 tuum
1032 1428 1183 1494 iudicium
1210 1450 1272 1495 non
1294 1432 1489 1516 improbabo,
1531 1434 1579 1499 De

257 1533 408 1597 -llartino
443 1532 548 1597 dicam
574 1551 631 1597 auo
660 1540 800 1615 tempore
829 1532 999 1596 mirabilia.
1055 1531 1143 1596 Duos
1173 1532 1276 1598 babeo
1304 1541 1522 1615 procuratores
1548 1545 1580 1601 et

272 1635 355 1700 bunc
368 1635 582 1716 etHornbergi
603 1634 712 1697 alium:
735 1635 835 1697 Senes
855 1633 998 1714 callidos,
1021 1643 1171 1715 versutos,
1191 1635 1255 1701 sibi
1265 1636 1369 1717 magis
1387 1656 1482 1718 quam
1503 1637 1579 1701 mihi

272 1738 481 1807 consulentes.
531 1736 669 1817 Uterque
694 1736 799 1800 forsan
827 1735 919 1799 dabit
945 1735 1023 1799 mibi
1050 1736 1193 1801 nonnihil
1222 1738 1397 1803 moriturus.
1439 1738 1473 1803 Si
1499 1738 1579 1802 nibil

271 1839 405 1919 dederit,
424 1857 524 1923 penas
545 1838 671 1917 sentiet,
691 1836 719 1901 si
740 1836 818 1918 quid
838 1837 945 1900 anima
967 1836 1010 1901 sit
1020 1844 1160 1902 sensura.
1202 1837 1270 1921 Ego
1292 1848 1396 1905 tamen
1415 1842 1488 1906 nolo
1508 1860 1578 1905 cum

272 1939 369 2005 larvis
397 1940 519 2005 luctari.
567 1939 618 2003 Me
645 1938 733 2002 llocci
760 1939 890 2002 faciunt
939 1939 1029 2002 Alter
1054 1937 1247 2005 adversariis
1268 1940 1354 2006 l'avet
1373 1948 1404 2007 et
1430 1941 1580 2007 affinibus

172 2040 179 2059 ⁸
272 2042 493 2117 astutissimis,
520 2043 602 2105 alter
624 2047 657 2104 ut
677 2059 819 2103 morosus
839 2047 871 2103 et
890 2039 981 2103 dives
1002 2058 1036 2102 se
1057 2039 1133 2103 mibi
1165 2042 1290 2124 prefert.
1306 2044 1365 2107 etsi
1388 2044 1522 2109 rusticus
1546 2054 1579 2108 et

273 2145 408 2209 incultus
435 2152 544 2227 utpote
565 2142 790 2206 Frimarianus.
832 2141 889 2204 llle
917 2140 1032 2205 dicitur
1057 2142 1142 2205 mille
1170 2162 1285 2207 aureos
1308 2153 1578 2223 nummcaeusto-

271 2247 349 2326 dire,
370 2247 421 2309 bic
441 2248 575 2310 tortasse
595 2244 709 2324 minus,
730 2245 823 2324 longe
847 2251 952 2305 tamen
975 2244 1046 2327 plus
1067 2246 1135 2307 aori
1154 2243 1250 2309 babet
1271 2265 1365 2327 quam
1388 2266 1457 2327 ego.
1499 2246 1578 2311 lnde

271 2350 370 2413 oritur
396 2354 595 2431 contemptus
619 2346 691 2435 mei.
733 2345 817 2434 Quid
844 2343 982 2409 leolam?
1031 2344 1140 2410 Didici
1166 2346 1301 2411 osculari
1327 2348 1520 2430 pacientiam
1547 2356 1579 2413 et

271 2459 347 2535 pntc
367 2449 479 2514 melius
500 2468 569 2513 csse
586 2449 686 2512 salem
715 2466 784 2511 cum
814 2466 893 2529 pace
915 2446 1078 2528 delingere
1104 2466 1198 2528 quarn
1222 2466 1292 2512 cunr
1321 2448 1505 2514 turbacione
1531 2450 1578 2513 di-

271 2553 359 2617 vitiis
384 2550 520 2617 studere.
567 2550 731 2631 Reliquum
762 2556 825 2621 est,
853 2554 888 2611 ut
913 2547 954 2611 od
984 2567 1171 2630 aequoque
1199 2549 1421 2633 respondeum,
1447 2569 1508 2633 que
1535 2552 1577 2618 ad

272 2640 451 2717 Fuldaoum
471 2651 586 2716 abbam
608 2651 753 2714 attinent.
795 2648 885 2727 Quod
909 2650 963 2713 ubi
985 2648 1102 2713 lactum
1123 2650 1199 2730 erit,
1225 2651 1351 2716 videbis
1378 2672 1427 2717 me
1454 2655 1495 2716 ad
1515 2654 1577 2718 sio-

270 2754 361 2838 gulos
381 2754 542 2819 literarum
563 2766 685 2817 tuarum
707 2754 857 2816 articulos
879 2753 1015 2833 singulis
1044 2760 1076 2817 et
1096 2752 1236 2835 quidem,
1252 2754 1344 2817 iustis
1365 2757 1510 2839 epistolis
1533 2776 1576 2821 re-

270 2856 447 2941 spondisse.
489 2856 583 2933 Cura,
607 2864 640 2919 ut
660 2854 715 2919 din
736 2854 919 2919 felicissime
941 2854 1060 2919 valeas.
1125 2910 1129 2916 .

340 2988 522 3036 Handacbriltl.
541 2986 620 3034 aaut
643 2986 683 3033 l'ol.
694 2984 858 3032 acer-206
864 3000 889 3031 v.

340 3088 352 3115 ⁸
369 3095 395 3139 l·
408 3099 444 3142 ut

271 3296 347 3367 etl.
369 3296 413 3368 ll.
435 3315 480 3363 an
502 3295 637 3366 Urban.
1032 3293 1165 3379 (ectus
1180 3294 1274 3365 1513.
1306 3293 1446 3376 inlang
1460 3295 1574 3381 duni.)

339 3422 402 3469 ttae
424 3423 541 3479 verlangt
562 3421 644 3480 oinigo
667 3420 776 3480 Briclrer,
804 3420 931 3481 bospriclrt
950 3420 990 3467 die
1014 3420 1082 3480 Lago
1108 3419 1189 3465 seirres
1210 3418 1366 3491 Sclrlltalings
1390 3420 1499 3480 l'yrrlrua
1522 3421 1573 3466 und

147 3550 152 3559 ,
269 3492 370 3552 gaisaelt
386 3492 431 3537 das
450 3491 608 3550 lroclrnrlitiga
625 3491 769 3537 Beuclrnren
790 3492 833 3537 dee
850 3491 981 3539 llerebord
993 3506 1018 3539 v.
1029 3492 1050 3537 d
1061 3490 1186 3537 Marthae.

349 3588 401 3653 Ad
422 3588 636 3668 Urbanum,
657 3596 834 3671 questorem
855 3589 950 3654 vallis
968 3589 1071 3655 saneti
1086 3587 1227 3669 Georgii,
1249 3587 1350 3653 virum
1371 3595 1573 3672 prestantem,

270 3691 430 3756 llntianns
451 3691 557 3757 Rulirs.

347 3794 404 3859 Dii
431 3803 462 3859 tc
488 3802 602 3859 ament.
645 3794 841 3859 Bonifaeinnr
868 3794 1085 3860 Simonetam⁸
1113 3800 1176 3857 tam
1203 3792 1314 3858 videre
1342 3792 1450 3875 cupio,
1478 3810 1572 3875 qnam

269 3896 322 3977 qui
355 3896 696 3988 maximeidesiderat,
726 3917 828 3979 oeque
859 3898 978 3961 solum·
1009 3895 1092 3961 hune
1122 3895 1254 3959 latinum
1285 3896 1483 3978 scriptorem,
1515 3893 1571 3959 sed

268 3999 392 4074 cornia,
421 3998 484 4081 qne
510 4000 620 4063 venire
644 3998 761 4078 solent,
790 3999 891 4062 eciam
920 3998 1077 4062 teutonice
1106 3995 1242 4060 condita.
1295 3995 1406 4076 ltaque
1434 3994 1572 4059 Burrbus

339 4114 351 4142 ⁸
372 4122 404 4167 Ta
422 4123 488 4169 hunc
508 4123 595 4169 solum.

268 4246 468 4254 ——-—.—-

332 4332 343 4373 ¹
364 4335 429 4406 vgl.
452 4334 496 4391 Br.
507 4335 573 4390 253.
587 4334 646 4389 aba
659 4352 683 4389 n
695 4336 762 4391 269.

202 4436 207 4443 ·
327 4410 341 4453 2
362 4416 420 4469 Des
440 4416 542 4470 Martio
562 4414 657 4486 Schyl.
781 4458 789 4472 ,

329 4492 344 4535 ³
365 4496 428 4567 t'gl.
449 4497 487 4550 Br
510 4496 568 4549 ‘235
588 4494 684 4551 &314
705 4496 785 4550 anm.
803 4495 829 4550 2.
