3625 5192
300 336 351 391 lot
680 333 940 403 Geschichtsquellen
960 334 1009 389 dor
1026 332 1104 388 Prov.
1122 332 1244 387 Sachscn.

298 485 354 553 tt.
376 484 420 556 ll.
435 483 627 554 anUrban.
855 480 988 567 (cotun
999 480 1104 553 1508.
1126 476 1422 546 Kurunaolrdom
1435 473 1601 561 ll.dull.)

369 609 431 657 mot.
449 609 575 656 boricirtot
593 609 656 657 iiber
676 608 716 655 dio
735 609 918 667 Urrtenedurrg,
937 608 1030 655 malcho
1050 622 1076 653 er
1094 606 1140 653 mit
1161 605 1286 651 Duronius
1304 603 1366 649 tibur
1383 602 1424 648 dio
1441 601 1498 649 dein
1516 602 1602 649 Urbau

299 682 466 739 rrrrclrgesugto
488 679 638 738 Sehdndung
660 679 711 725 und
735 680 894 737 Enttillrrung
917 678 987 724 oiner
1009 678 1099 723 Nonne
1124 691 1168 722 aus
1190 676 1245 739 (lom
1272 673 1450 720 Krouzlrlostor
1474 672 1603 733 gepflogen

299 752 351 811 frat,
371 750 421 796 und
441 749 567 809 bespricht
586 750 620 794 im
639 750 775 795 Ausculuss
794 749 882 795 hieran
901 750 1006 807 arralogo
1023 748 1092 794 l'iille
1112 760 1157 793 nris
1176 746 1231 791 dom
1251 744 1390 791 rdmisclrcn
1408 744 1540 789 Altcrtum.

379 846 537 911 Mutianus
558 844 656 908 Rufus
678 844 832 909 Urbano
853 862 920 909 suo.

379 950 411 1014 S.
434 946 465 1010 d.
507 946 630 1026 Totam,
653 944 790 1025 Urbane,
812 945 852 1010 de
865 945 965 1011 sacris
985 941 1203 1028 penetralibus
1224 940 1494 1025 abductepuellel
1515 940 1603 1005 fabu-

299 1054 378 1132 lam,
406 1053 557 1132 quantum
582 1048 625 1111 ad
655 1056 687 1113 te
707 1050 835 1128 attinet,
864 1046 991 1111 derides
1015 1052 1109 1128 atque
1136 1044 1280 1128 explodis
1305 1052 1339 1109 ut
1365 1044 1504 1126 maligne
1531 1064 1602 1108 con-

298 1154 403 1219 fictam
431 1171 452 1215 a
479 1151 613 1235 perditis
640 1150 912 1215 obtrectatoribus,
960 1148 1081 1230 Negari
1114 1167 1176 1212 non
1207 1153 1327 1229 potest,
1360 1146 1435 1229 quin
1464 1166 1484 1210 a
1510 1146 1604 1229 plebc

298 1255 475 1321 maledictis
496 1260 657 1336 strepente
677 1251 808 1335 vrrlgata
829 1253 871 1316 sit
891 1258 961 1316 orta
981 1252 1130 1335 primunr,
1154 1256 1187 1313 ut
1209 1250 1334 1332 opinor,
1361 1248 1395 1313 in
1417 1249 1493 1331 ipsc
1508 1248 1605 1331 virgi·

299 1358 365 1423 nali
384 1355 516 1421 cenobio
537 1361 646 1437 utpote
667 1354 787 1418 sanctis
801 1354 981 1435 virginibus
1001 1352 1154 1417 incestam
1176 1358 1271 1434 atque
1283 1353 1448 1435 profugam
1470 1370 1606 1416 sororem

298 1480 363 1525 una
383 1478 454 1523 cum
467 1463 646 1540 stupratore
656 1456 881 1521 contumeliose
895 1462 927 1520 et
939 1455 1051 1519 acerbe
1063 1454 1286 1519 lacerantibus.
1327 1452 1368 1517 Et
1389 1462 1437 1520 est
1459 1456 1604 1519 nimirum

298 1580 418 1627 summe
439 1556 614 1643 impietatis
635 1578 673 1622 ac
694 1558 823 1623 sceleris
843 1564 999 1621 sacratam
1021 1556 1160 1621 castitati
1186 1556 1312 1620 domum
1334 1555 1490 1623 dedecore
1510 1563 1605 1640 atque

299 1662 431 1729 infamia
451 1661 583 1745 replere.
626 1660 727 1725 Nemo
750 1680 812 1724 non
833 1658 954 1723 iudicat
976 1658 1340 1741 expugnatoremvelate
1362 1658 1520 1741 pudicicie
1542 1678 1605 1723 ma-

299 1765 439 1829 culosum
460 1780 530 1828 esse
551 1771 583 1828 et
603 1768 726 1844 turpem
747 1762 894 1844 omnique
922 1781 1008 1846 pena
1033 1760 1273 1843 dignissimum,
1302 1760 1357 1826 sed
1382 1768 1416 1824 ut
1436 1761 1535 1825 claret
1553 1780 1605 1825 uc-

299 1866 413 1931 farium
434 1863 591 1949 probrum,
613 1864 661 1929 ita
680 1864 759 1927 latet
779 1862 885 1928 adhuc
905 1864 938 1927 in
960 1863 1098 1928 tenebris
1119 1871 1150 1929 et
1170 1863 1242 1945 quis
1252 1863 1294 1927 sit
1312 1863 1474 1945 ignoratur
1495 1862 1605 1929 infelix

300 1974 469 2052 corruptor.
522 1966 719 2031 coniecturis
753 1972 859 2030 tauron
889 1966 1066 2047 multiiugis
1093 1964 1294 2029 adducuntur
1325 1965 1479 2041 vestales,
1515 1972 1549 2031 ut
1575 1972 1606 2032 te

300 2069 401 2137 solum
428 2068 503 2134 feda
525 2067 729 2150 sugillatione
755 2069 788 2131 in
815 2074 957 2149 apertum
985 2067 1133 2141 referant,
1160 2087 1217 2151 per
1243 2086 1304 2150 que
1332 2088 1370 2133 eo
1396 2075 1523 2133 ventum
1549 2076 1607 2151 est,

301 2181 335 2238 ut
358 2173 467 2254 quinto
493 2170 566 2235 fdus
592 2169 750 2248 Quintiles
778 2169 971 2234 venerabilis
1001 2168 1159 2233 Duronius
1181 2170 1284 2236 flothe
1314 2177 1459 2235 vocatum
1485 2190 1536 2236 mc
1564 2170 1606 2236 ad

300 2294 336 2337 se
357 2272 549 2340 consuluerit
559 2270 610 2336 de
631 2272 890 2337 sacricommisso.
932 2270 1093 2355 Respondi
1116 2291 1177 2335 non
1198 2292 1268 2337 esse
1279 2271 1431 2338 credibile
1443 2272 1607 2338 Urbanum

301 2376 421 2460 pudore
442 2393 511 2438 esse
533 2392 631 2455 usque
652 2371 734 2438 adeo
754 2372 933 2457 profligato,
955 2375 1000 2437 ita
1021 2373 1155 2458 perditis
1173 2374 1328 2455 moribus,
1350 2374 1395 2438 ita
1419 2393 1551 2459 pronum
1574 2376 1606 2441 in

301 2476 392 2543 fedas
413 2483 508 2558 atque
536 2475 737 2541 inconcessas
764 2475 931 2556 libidines,
962 2480 996 2540 ut
1016 2494 1154 2541 sororem
1180 2494 1286 2557 suam,
1311 2474 1429 2541 Christi
1457 2495 1607 2560 sponsam

301 2598 418 2660 genere
437 2577 575 2642 nobilem
598 2578 629 2639 in
648 2584 712 2641 tam
734 2577 890 2642 custodito
912 2576 1092 2643 sanctuario
1114 2596 1176 2642 nou
1198 2578 1297 2642 solum
1321 2577 1456 2643 humane
1478 2599 1608 2645 censure

304 2680 528 2760 bonorumque,
549 2678 813 2761 quibusadheret,
834 2678 1073 2759 familiaritatis,
1094 2680 1258 2745 sedetiam
1279 2679 1401 2745 ordinis
1422 2682 1471 2745 sui
1491 2681 1608 2747 divini-

302 2802 364 2865 que
395 2780 500 2846 iuditii
527 2781 644 2846 oblitus
672 2780 800 2846 visundi
833 2780 1057 2863 salutandique
1082 2782 1149 2846 iure
1177 2784 1419 2849 contrectaverit
1449 2784 1610 2867 impudice

302 2884 353 2948 vel
375 2883 551 2949 abduxerit
591 2883 779 2949 Prudentior
799 2889 856 2963 est,
877 2902 972 2965 quam
995 2890 1028 2947 ut
1049 2884 1201 2947 malorum
1222 2885 1390 2949 domenum
1410 2884 1536 2949 insidiis
1556 2886 1608 2952 de-

302 2994 412 3068 ceptus
433 2986 466 3049 in
488 2985 622 3069 puellari
645 2986 791 3051 examine
813 2985 905 3049 litare
927 2984 1072 3051 uirilibus
1094 2986 1158 3049 suls
1180 2986 1340 3052 voluerit⁸.
1383 2988 1553 3070 Nunquam
1575 2990 1606 3053 in

302 3108 340 3153 eo
361 3088 531 3169 vestigium
554 3088 666 3153 insane
681 3087 854 3170 voluptatis
875 3086 1082 3171 deprehendi.
1124 3088 1224 3153 Homo
1236 3088 1365 3171 egregie
1378 3089 1489 3156 doctus
1509 3090 1609 3157 bonas

302 3192 411 3255 literas
431 3199 533 3268 amat,
560 3189 684 3255 mollem
706 3188 794 3252 illam
815 3196 1057 3272 corruptamque
1079 3187 1291 3273 Sardanapali
1313 3192 1411 3255 vitatu
1429 3192 1496 3256 odit
1517 3200 1610 3259 natus

302 3292 345 3354 ad
372 3310 491 3374 magna
515 3292 664 3373 claraque
695 3292 840 3372 negotia,
870 3310 931 3373 que
962 3291 1114 3357 mandato
1141 3298 1195 3357 tuo
1221 3311 1282 3357 non
1314 3293 1418 3357 minus
1449 3295 1610 3378 sapienter

303 3413 397 3477 quam
422 3394 555 3460 feliciter
582 3394 678 3474 gerit,
710 3399 793 3459 totus
821 3394 941 3477 pietate
967 3395 1118 3476 insignis,
1154 3401 1238 3460 totus
1265 3394 1398 3459 llutiani
1428 3396 1609 3476 admirator,

303 3504 386 3561 totus
411 3496 536 3577 integer
562 3494 753 3578 scelerisque
781 3515 892 3579 purus,
927 3505 960 3562 ut
995 3498 1089 3561 etiam
1118 3496 1185 3561 divi
1215 3496 1371 3562 Beruardi
1398 3498 1610 3565 cubicularius

303 3597 465 3663 eunuchus
487 3615 557 3662 esse
579 3603 694 3679 posset.
737 3596 844 3662 Garrit
864 3599 970 3664 forsan
993 3598 1101 3663 nescio
1114 3598 1190 3681 quid
1203 3604 1290 3664 cetus
1309 3599 1525 3683 imperitarunt
1548 3601 1610 3665 vir-

302 3700 412 3781 ginum
434 3705 466 3763 et
490 3699 604 3780 repetit
633 3698 901 3778 benevolentiam,
935 3718 995 3783 que
1017 3699 1147 3765 Urbano
1166 3718 1235 3763 curn
1257 3700 1392 3783 profuga
1413 3699 1481 3767 fuit.
1523 3702 1609 3785 Esto,

307 3800 454 3866 dederint
482 3800 617 3864 invicem
645 3801 860 3867 internuncios
886 3801 1055 3885 epistolas,
1076 3801 1197 3866 minuta
1223 3800 1370 3883 donaria,
1390 3802 1557 3869 inviserint
1578 3826 1613 3872 se

303 3911 427 3983 mutuo,
448 3901 584 3967 libenter
604 3902 803 3969 consederint
829 3904 861 3967 iu
884 3903 966 3969 cella
994 3904 1109 3987 cupide
1132 3902 1388 3987 confabulantes,
1412 3906 1492 3971 ultro
1519 3926 1611 3973 aures

304 4004 496 4082 arrexerint,
527 4024 589 4068 nou
617 4005 691 4071 ideo
715 4006 884 4090 suspiciosi
911 4007 1042 4080 erimus,
1071 4025 1141 4071 cum
1173 4007 1215 4070 sit
1242 4006 1365 4089 antiqui
1394 4008 1490 4073 moris
1515 4007 1611 4077 licere

304 4108 458 4171 monastic
478 4106 596 4171 habere
617 4109 812 4190 caritatulas,
834 4128 914 4191 quas
935 4128 993 4189 ego
1016 4126 1174 4191 nunquam
1196 4108 1336 4175 amasias
1356 4116 1411 4174 aut
1432 4110 1610 4194 impudicas

304 4207 508 4291 appellarem.
552 4209 627 4291 „lta
657 4212 741 4293 est“,
773 4210 876 4293 inquit
897 4211 996 4276 bonus
1019 4210 1187 4276 Duronius.
1230 4259 1246 4291 ‚‚
1256 4210 1319 4279 Sed
1345 4231 1401 4276 cur
1427 4212 1612 4279 notabiliter

375 4326 386 4352 ³
405 4333 430 4377 F
442 4332 529 4379 voluit.

368 4561 380 4604 1
401 4565 465 4639 Vgl.
487 4564 533 4622 Br.
549 4564 586 4619 73
608 4562 633 4619 S.
646 4566 704 4619 100
725 4564 807 4621 dnm.
822 4566 847 4621 4.
