3625 5192
639 343 728 415 aare
746 345 866 417 uacans
883 357 944 416 mo.
963 314 1031 415 soc
1043 351 1126 420 aon·

458 511 508 574 An
531 528 621 575 meus
642 511 790 576 Urbanus
811 511 959 576 Suffenus
971 511 1094 592 diligat
1115 512 1210 596 ipsos,

457 611 606 690 Queritur
623 619 680 676 aut
700 622 805 678 vatum
828 615 903 677 rina
925 615 1031 678 iocosa
1054 613 1152 679 bibat.

390 734 396 744 ·
458 715 573 780 Dulcia
593 714 734 797 pollicito
753 716 895 796 seqnitur
913 716 1061 780 convivia
1081 736 1167 790 cene,

458 816 512 893 Ut,
532 817 692 898 Tilonine,
711 824 798 881 tuam
820 817 969 881 diffutuat
988 817 1180 883 dominam-².

456 919 602 1002 (lherule,
622 937 780 983 cuunosas
800 919 931 984 Urbano
953 939 1034 1002 pone
1056 921 1194 1002 puellas:

456 1021 525 1085 Hoc
545 1023 625 1088 satis
646 1028 703 1101 est,
726 1022 819 1086 Barii
841 1020 917 1087 vina
938 1021 1099 1103 chelisqne
1121 1023 1209 1088 nibil.
1297 1093 1299 1098 ,
1375 1091 1379 1100 ,

299 1123 387 1190 Vale.

288 1234 467 1282 Handsclrriltl.
489 1234 510 1280 Ρ
529 1234 579 1280 att
603 1235 643 1281 iol.
665 1233 860 1282 arur-trtv.
905 1234 986 1284 chr:
1009 1234 1034 1280 b.
1056 1229 1152 1292 liram,
1182 1233 1264 1280 Briel'c
1288 1233 1338 1280 uud
1362 1234 1521 1281 Dokumente

214 1306 239 1358 S.
259 1305 309 1352 200
327 1319 378 1350 vom
397 1304 496 1364 Arp'onp
513 1304 549 1350 bis
565 1305 737 1364 sophistarum

818 1415 971 1424 ——u-v--m-

137 1537 142 1546 .
215 1484 297 1552 301.
319 1483 364 1550 ll.
384 1503 430 1550 an
451 1459 916 1557 llercbcrdv.d.'llartlreu.
1027 1485 1175 1569 (liotha)
1188 1435 1286 1557 1513ss
1313 1487 1450 1570 August
1467 1488 1519 1554 21.
1584 1437 1587 1441 Ι

285 1596 414 1643 Herebord
425 1612 448 1642 v⁴
458 1597 482 1642 d.
495 1596 620 1655 unchen,
639 1597 684 1644 der
701 1599 749 1644 salt
767 1597 951 1644 vlerllonaterr
969 1598 1040 1652 nicht
1057 1598 1228 1656 gcsebriebcn,
1247 1600 1290 1645 liat
1309 1600 1349 1644 ein
1364 1599 1521 1658 jurictscuos
1545 1613 1553 1630 ·

215 1666 359 1712 Gutaehteu
385 1667 448 1732 liber
470 1666 511 1712 die
533 1668 699 1726 gaflbclrtetcn
723 1669 844 1720 Patrizier
870 1669 986 1714 vertisset..
1023 1667 1121 1716 Mutina
1150 1669 1276 1728 bespriclrt
1304 1669 1417 1715 dassclbe
1435 1671 1520 1718 nillrer.

216 1737 271 1783 Dan
291 1738 439 1815 varlangten
457 1736 610 1796 Sinnspruclr
628 1738 711 1784 werde
731 1754 757 1784 er
775 1737 902 1785 echichen.

274 1833 456 1898 Herebordo
476 1834 719 1917 llargarito,
740 1822 844 1901 ardico
864 1836 1025 1920 primario,
1047 1835 1207 1901 Matienus
1227 1835 1335 1901 Rulus.

294 1935 326 2001 S.
366 1935 474 1999 Potest
502 1936 583 2014 lieri,
605 1943 640 2001 ut
660 1956 748 2002 amor
769 1923 832 2002 non
853 1936 1046 2028 dissolvatur
1067 1938 1208 2016 silentio,
1235 1957 1400 2020 possumus
1419 1941 1520 2004 eciam

215 2037 261 2100 uti
287 2036 420 2102 silencio
444 2056 508 2101 non
534 2037 656 2130 incivili
683 2057 786 2121 neque
812 2039 957 2122 superbo.
1008 2039 1182 2122 Utrumqns
1210 2048 1296 2103 tuam
1324 2037 1464 2124 culpam,
1494 2041 1522 2105 si

213 2139 308 2221 culpa
342 2144 391 2203 est
422 2140 628 2205 intermittere
664 2140 825 2206 literarum
860 2140 1124 2213 vicissitudinem,
1163 2147 1333 2224 expurgat,
1366 2143 1392 2206 si
1429 2143 1522 2208 iuter-

214 2239 398 2322 pretaberls.
440 2240 523 2305 Nam
551 2242 693 2307 sincerus
719 2261 808 2306 amor
835 2233 871 2306 in
894 2241 1043 2306 cordibus
1069 2243 1130 2306 sibi
1152 2242 1258 2306 sedem
1280 2243 1400 2307 defixit.
1441 2244 1522 2307 Eum

213 2350 288 2406 tunc
317 2343 451 2406 testibus
485 2343 630 2426 epistolis
661 2347 871 2423 ostentamus,
899 2364 969 2409 cum
1005 2343 1146 2410 infirmus
1179 2353 1291 2409 nrrtare
1321 2352 1417 2427 atque
1448 2345 1521 2409 ideo

213 2443 390 2510 fulciendus
411 2445 551 2523 videtur,
573 2444 657 2526 quod
679 2446 744 2510 illis
763 2446 935 2526 contingit,
956 2465 1087 2528 qnorum
1109 2446 1287 2511 voluntates
1308 2454 1414 2511 mutue
1435 2447 1523 2511 tenui

213 2564 252 2609 ae
280 2545 387 2627 fragili
416 2546 531 2630 copula
557 2547 714 2611 coherent.
762 2547 880 2611 Nostra
910 2567 985 2612 vero
1014 2547 1234 2612 benevolentia
1267 2548 1409 2613 doctrine
1438 2551 1521 2613 nodo
1548 2609 1553 2619 ,

213 2646 361 2714 devincta
383 2669 443 2713 non
463 2648 555 2713 lacile
576 2648 736 2712 dissuitur.
778 2649 939 2712 Salutaeio
955 2647 1082 2730 quidem
1099 2657 1154 2711 tua
1174 2649 1397 2730 quadrimestri
1416 2649 1522 2715 studio

212 2751 334 2816 lassata
353 2749 534 2815 dormivit2.
575 2751 794 2816 Amorantem
815 2770 893 2833 erga
914 2771 964 2814 me
986 2757 1056 2814 tuus
1079 2758 1187 2834 utpote
1202 2752 1380 2833 singularis,
1396 2773 1457 2816 non
1474 2759 1521 2816 est

212 2853 344 2936 sopitus,
374 2852 431 2918 sed
457 2853 559 2936 spirat
585 2852 701 2934 iugiter
726 2860 877 2935 tanquam
903 2853 989 2934 ignis
1013 2853 1159 2917 Vestalis.
1208 2852 1373 2935 Collegisti
1401 2855 1521 2936 scripta

151 3039 156 3047 ι
213 2955 430 3034 Soerolarum,
456 2955 511 3036 qui
532 2955 564 3019 in
586 2955 725 3019 tenebris
746 2955 838 3036 quasi
858 2955 925 3020 oeci
946 2961 1088 3044 errantes
1110 2955 1209 3020 lucem
1231 2955 1323 3020 huius
1340 2957 1437 3020 seculi
1459 2975 1521 3020 nou

212 3065 417 3138 aspexerunt,
448 3056 511 3121 imo
538 3075 578 3120 ue
609 3056 729 3139 priores
756 3054 884 3138 quidem
911 3057 1141 3120 iurisconsulti·
1166 3055 1235 3120 iura
1256 3057 1370 3142 populi
1387 3057 1520 3122 Romani

188 3167 407 3244 ¹exponentes
432 3159 511 3222 satis
539 3156 752 3242 perviderunt.
802 3157 959 3234 Quocirca
987 3165 1095 3221 carent
1123 3156 1314 3222 authoritate
1340 3158 1425 3240 apud
1453 3179 1519 3222 eru-

212 3259 313 3338 ditos,
348 3261 381 3324 in
417 3261 485 3323 loro
520 3265 641 3325 tantum
675 3259 832 3343 imperite.
849 3258 1061 3338 multitudinis
1091 3259 1257 3324 celebres·
1293 3259 1357 3323 sed
1391 3245 1535 3324 induam

212 3361 387 3425 laudatoris
413 3369 446 3425 et
463 3362 660 3442 ‘gratulantis
686 3380 868 3444 personam,
896 3380 937 3424 ne
964 3363 1091 3424 omuino
1115 3348 1293 3441 perdidisse
1312 3361 1412 3425 oleum
1434 3361 1520 3425 vide-

212 3465 285 3527 aris.
334 3463 510 3542 Debemus,
538 3470 572 3526 ut
599 3462 697 3541 nosti,
722 3463 827 3546 patrie
853 3469 885 3526 et
912 3461 1033 3526 amicis.
1079 3463 1182 3525 Amici
1208 3461 1350 3526 doctores
1379 3482 1439 3543 que
1462 3463 1520 3527 tibi

212 3565 417 3647 mandarunt,
444 3564 560 3630 obiisti.
610 3565 659 3628 De
683 3565 805 3629 furibus
830 3564 941 3637 erarii,
970 3566 1023 3645 qui
1052 3565 1188 3646 patrium
1215 3564 1313 3628 solum
1341 3571 1463 3628 vertere
1489 3574 1521 3629 et
1603 3631 1606 3635 ,

213 3686 319 3731 eorum
340 3666 544 3732 facultatibus
571 3685 609 3729 ac
629 3665 757 3750 publice
778 3664 908 3729 creditis
929 3667 1089 3730 consultus
1115 3666 1304 3748 respondisti
1313 3667 1335 3746 3,
1363 3673 1453 3748 puto,
1481 3686 1520 3730 ex

213 3768 346 3851 tripode.
389 3767 467 3846 Quis
495 3767 577 3832 hanc
603 3767 752 3850 pietatem
777 3766 1013 3850 reprehendat?
1061 3767 1182 3831 Tamen
1209 3767 1317 3848 abest,
1344 3775 1377 3832 ut
1400 3769 1432 3832 iu
1463 3767 1521 3832 boc

118 3875 127 3889 '
213 3889 315 3934 rernm
340 3876 413 3935 actu
440 3869 581 3951 eulpam,
608 3869 637 3933 si
664 3868 757 3933 modo
779 3875 870 3933 cante
889 3868 995 3932 stilum
1017 3868 1160 3948 duxeris,
1186 3868 1335 3950 insector,
1365 3876 1398 3933 ut
1418 3870 1518 3933 eciam

214 3971 353 4048 landem.
370 3974 529 4037 merearis.
575 3971 761 4053 Quanquam
799 3971 896 4034 inicio
926 3969 1144 4034 difficultatem
1177 3976 1209 4036 et
1242 3969 1413 4053 periculum
1450 3991 1519 4054 pro-

213 4075 353 4157 spiciens
371 4074 431 4138 tibi
450 4073 540 4138 timui
559 4072 733 4154 suadendo,
754 4079 787 4137 ut
808 4073 984 4137 abstineres
1005 4079 1099 4154 atque
1120 4073 1153 4134 iu
1174 4079 1205 4136 te
1222 4072 1430 4138 descenderes
1444 4072 1521 4136 data'

283 4191 296 4219 ⁸
315 4199 341 4243 1⁸
352 4197 549 4244 iurisconsultos.

174 4421 180 4436 ι
276 4348 288 4392 ¹
308 4353 372 4426 Vgl
384 4348 423 4408 Br
440 4353 508 4410 267.

277 4429 291 4472 ²
309 4433 373 4505 vgt
385 4434 431 4488 Br.
438 4433 499 4488 290
510 4451 537 4489 u.
552 4433 618 4488 296.

276 4508 291 4552 ³
309 4514 354 4569 De
374 4515 492 4569 consilio
511 4514 643 4584 loquitur,
664 4515 739 4584 quod
749 4514 928 4570 Herebordus
949 4516 1099 4586 collegerat
1119 4523 1215 4571 cornua
1232 4517 1333 4572 exules.
1374 4515 1411 4571 So
1431 4495 1520 4570 lautct

215 4595 278 4650 eine
298 4593 553 4672 Ruudbenmrkung
571 4595 600 4649 iu
619 4595 669 4650 der
688 4593 871 4652 Fraukfmter
889 4595 1078 4652 Handschriit

1259 4692 1316 4746 aa*
1366 4659 1378 4736 s
