3625 5192
305 341 358 395 808
489 342 495 355 “
676 340 937 411 Geschichtsquellen
956 344 1005 397 der
1022 342 1097 397 Pror.
1115 342 1237 398 Sachsen.

304 491 363 553 Ais
378 496 479 555 tecum
499 509 569 555 esse
586 508 726 571 vcrpum.
769 490 846 553 Hem
860 490 936 573 quid
959 491 1029 555 ais?
1070 492 1190 557 Forsan
1212 500 1261 557 cst
1274 492 1462 575 explorator.
1494 492 1610 559 Occule

304 590 412 657 literas
432 600 465 655 ot
484 593 599 656 omnia.
641 590 703 657 Odi
724 612 784 673 ego
805 593 1016 673 circumcisos,
1038 614 1227 676 quamquam
1250 594 1322 659 boni
1345 594 1410 659 sint
1431 594 1557 678 plurimi
1579 600 1611 659 et
1692 602 1697 613 ’

304 694 418 758 deme
447 693 668 758 benemeriti.
716 694 764 757 De
791 694 934 777 Duronio
963 695 1113 761 iudicium
1151 716 1251 761 areum
1278 695 1405 779 amplio.
1453 696 1610 778 Cogitabo

304 796 459 879 pressius,
488 794 565 876 quid
583 801 615 861 te
636 794 756 859 deceat.
800 794 978 878 culpabilis
999 804 1048 861 est
1074 804 1106 861 et
1130 798 1220 863 multi
1243 782 1397 863 infamant
1422 800 1536 882 partim
1564 797 1609 861 in-

304 898 407 981 eptias
429 898 543 980 partim
566 897 781 962 temeritatem.
824 898 923 962 Novit
942 900 1024 963 aula.
1066 900 1149 977 Quid
1173 902 1255 965 enim
1276 899 1434 965 delatores
1457 920 1517 964 non
1540 918 1610 983 per-

304 1000 422 1065 forant!
456 999 571 1062 Verum
590 1019 660 1063 oum
672 1001 915 1079 sbanicerehri,
929 1022 1047 1079 uereor,
1070 1022 1109 1068 ne
1123 1002 1180 1067 tibi
1194 1006 1357 1067 irascatur.
1390 1002 1465 1065 Dixi
1485 1001 1524 1064 de
1542 1020 1608 1085 per-

303 1101 459 1166 ditissimo
478 1094 619 1165 chaldea.
646 1101 822 1181 ‚‚l'ellem“‚
843 1103 954 1184 inquit,
972 1104 1100 1184 „adhue
1116 1124 1209 1169 unum
1226 1104 1373 1169 haberem
1384 1112 1458 1169 ante
1473 1102 1610 1168 Valles“.

304 1203 376 1282 Qua
405 1222 482 1267 voce
507 1203 586 1267 nihil
613 1205 822 1285 arrogantius.
869 1204 1004 1287 impium
1031 1214 1079 1271 est
1111 1206 1237 1271 credere
1262 1206 1470 1279 divinaculis,
1503 1204 1609 1269 fouere
1726 1220 1730 1227 ·

303 1306 400 1371 lalsos
422 1304 594 1390 prophetas
614 1306 778 1385 netarium,
801 1307 880 1371 tueri
904 1326 979 1371 vero
992 1314 1155 1390 peccatum
1167 1308 1262 1373 nullis
1282 1306 1608 1390 hostiisexpiandum.

304 1407 373 1473 Huc
393 1408 477 1473 adde
499 1409 681 1473 societatem
703 1408 774 1492 plus
797 1428 891 1491 quam
912 1410 1154 1492 aspernabilem.
1198 1409 1261 1475 Sed
1281 1409 1356 1491 qaid
1383 1408 1504 1474 iacies?
1546 1408 1571 1471 13
1578 1406 1608 1470 bi

304 1509 397 1573 dabis
417 1503 603 1574 meliorem?
645 1510 680 1573 ln
702 1510 760 1573 boc
781 1510 846 1589 ille,
867 1511 898 1575 in
921 1511 994 1575 aliis
1014 1511 1097 1577 alius
1117 1512 1180 1576 sibi
1201 1510 1352 1593 indulget.
1396 1511 1483 1575 Vale.

383 1611 445 1676 Die
464 1611 603 1695 nclitum.

373 1734 554 1782 Handschrit'tl.
573 1734 658 1781 F260
679 1736 720 1784 sol.
736 1735 816 1789 ltissv.

301 2001 379 2073 230.
401 2002 445 2074 lll.
466 2021 510 2069 an
531 2002 666 2073 Urban.
1017 2034 1020 2039 ·
1058 2001 1191 2087 (Gotho
1202 2003 1312 2089 1512.)
1346 2001 1548 2069 November
1559 2000 1608 2073 11.

371 2129 433 2175 utut.
453 2132 549 2174 itussert
567 2128 636 2173 seina
654 2127 751 2172 Frende
770 2126 831 2173 uber
850 2127 890 2173 dio
910 2128 1038 2175 Prolosaur
1056 2127 1098 2173 dos
1117 2128 1246 2174 llerobord
1268 2144 1290 2173 v.
1310 2128 1334 2174 d.
1353 2126 1469 2173 Murthen
1495 2127 1544 2172 urard
1568 2126 1608 2172 die

303 2199 490 2257 Varhairatung
516 2198 559 2243 des
584 2198 692 2243 Gerlach
720 2212 746 2242 v.
774 2197 798 2243 d.
818 2197 935 2243 blarrlron
963 2199 1008 2244 mit
1036 2198 1161 2244 Cluistina
1191 2198 1329 2245 liborbach.
1372 2198 1406 2243 Er
1429 2198 1540 2243 erwtthnt
1568 2197 1608 2243 oin

302 2271 413 2316 Gerllcht
436 2268 497 2315 uber
519 2268 560 2313 die
580 2267 672 2313 Witwo
697 2267 741 2313 des
759 2266 842 2323 Gaora
862 2268 1001 2313 liberbaeb.
1040 2270 1088 2313 Am
1111 2268 1181 2315 Fndc
1209 2268 1335 2327 baspriebt
1359 2282 1386 2315 er
1408 2266 1452 2314 das
1476 2268 1609 2313 satureum

301 2332 346 2386 das
364 2340 443 2386 Abtoa
463 2353 512 2384 uon
531 2338 666 2383 Clairvaux
684 2339 729 2382 aul
746 2338 803 2383 dem
824 2338 937 2384 Konzile.

382 2435 558 2515 Urbano,
578 2435 646 2499 viro
667 2434 816 2518 sapienti,
839 2443 872 2498 ut
893 2436 1080 2518 parcissime
1101 2435 1238 2517 laudem,
1260 2436 1421 2500 blutianus
1441 2434 1548 2499 Rufus.

381 2538 414 2601 S.
456 2536 577 2600 Scribis
602 2538 709 2600 omnia
736 2556 805 2600 esse
835 2538 913 2599 bene
940 2536 1102 2621 expedita.
1144 2537 1260 2603 Laudo
1287 2546 1318 2603 et
1348 2538 1426 2603 letor
1455 2544 1487 2601 et
1507 2538 1610 2602 amico

301 2641 495 2721 magnil'aoto
521 2639 671 2720 gratulor.
719 2639 756 2701 ln
783 2659 820 2702 eo
849 2640 932 2702 enim
962 2638 1066 2702 solida
1087 2646 1187 2703 estet
1209 2642 1349 2723 perlecta
1370 2640 1494 2721 leticia,
1520 2640 1547 2703 si
1577 2639 1609 2703 id

299 2744 435 2809 solidum
456 2730 710 2823 existimandum,
733 2750 767 2806 ut
788 2744 890 2826 inquit
912 2743 1108 2841 Lactanoiusp
1129 2743 1178 2807 cui
1200 2743 1279 2806 nihil
1301 2742 1464 2818 decedere,
1487 2741 1519 2805 id
1544 2760 1610 2824 per·

300 2848 431 2923 lectum,
462 2848 511 2911 cui
537 2846 615 2909 nihil
644 2847 743 2928 possit
773 2844 934 2909 accedere.
982 2844 1054 2909 Duo
1086 2844 1243 2928 siquidem
1275 2846 1305 2908 in
1336 2845 1404 2908 vita
1431 2852 1611 2930 proponunt

302 2950 475 3031 sapientes:
502 2949 621 3013 lucrum
653 2957 685 3012 et
719 2949 875 3012 bonorem.
933 2947 1131 3012 Herebordus
1165 2948 1318 3012 lucrosum
1351 2954 1383 3013 et
1412 2967 1487 3012 vere
1519 2966 1608 3030 ques-

302 3051 439 3115 tuariam
460 3050 596 3135 adeptus
623 3059 672 3114 est
697 3049 916 3130 aragistratum
946 3048 986 3113 cb
1017 3049 1142 3131 insigne
1167 3047 1326 3113 doctorisl
1360 3068 1474 3114 nomen
1507 3050 1609 3132 pulpi-

305 3153 387 3217 taria
414 3160 538 3238 partum
565 3151 678 3232 gloria.
724 3150 833 3215 Placet
854 3151 933 3214 mibi
954 3152 1049 3215 etiam
1072 3144 1185 3215 mirum
1206 3152 1239 3214 in
1260 3149 1400 3231 modum,
1428 3152 1511 3232 qnod
1534 3150 1612 3215 Ger·

302 3255 412 3319 locust
439 3254 500 3319 sibi
523 3252 762 3337 Aperbaocbam
791 3252 1002 3333 coniunxerit,
1032 3252 1124 3315 homo
1152 3254 1255 3335 prime
1276 3252 1452 3317 nobilitatis
1474 3253 1609 3336 puellam

302 3356 557 3421 honestissimam
592 3374 652 3418 non
684 3353 753 3417 eine
785 3352 901 3434 dapsili
937 3353 1017 3417 dote.
1070 3353 1119 3417 Sit
1153 3354 1229 3418 teliu
1262 3354 1452 3435 coniugium.
1505 3352 1610 3419 Audio

301 3458 442 3524 tabulam
464 3477 526 3521 non
539 3457 665 3520 omnino
681 3455 862 3538 pessimam,
884 3455 946 3517 imo
963 3456 1068 3531 talem,
1092 3456 1216 3536 qualem
1233 3456 1320 3537 leges
1332 3454 1474 3537 probent,
1497 3463 1609 3540 nuptu-

304 3564 365 3626 rire
392 3560 514 3625 scilicet
544 3558 696 3621 matrem³
716 3556 1002 3639 Aperbaocborum.
1044 3556 1157 3620 Melius
1181 3566 1229 3621 est
1257 3557 1375 3622 nubere
1401 3577 1494 3639 quam
1517 3559 1611 3623 nimis

304 3663 362 3728 uri.
409 3662 479 3724 Non
508 3678 608 3741 pauca
635 3666 707 3722 sunt
736 3667 890 3735 matrone,
919 3677 980 3739 que
1010 3658 1105 3740 vulve
1132 3659 1215 3723 cultu
1246 3660 1389 3740 neglecto
1412 3668 1558 3741 egrotant
1580 3668 1611 3725 et

304 3763 485 3827 moriuntur.
536 3760 648 3823 Sciunt
686 3752 731 3821 id'
751 3758 875 3822 medici.
929 3760 1057 3823 Connus
1091 3760 1134 3823 uti
1168 3760 1283 3824 landus
1316 3769 1379 3841 est,
1415 3782 1507 3843 quem
1548 3764 1609 3827 nisi

304 3884 468 3943 exerceas,
488 3861 647 3944 torpescit.
690 3860 868 3924 admittant
891 3860 988 3942 igitur
1008 3862 1092 3924 docti
1121 3862 1234 3927 fratres
1260 3883 1320 3928 non
1343 3864 1502 3929 indoctum
1525 3866 1611 3930 vitri·

305 3988 374 4030 cnm
404 3972 547 4045 materne
567 3962 760 4027 valetudinis
786 3964 913 4027 racione
935 3962 1054 4027 habita.
1102 3964 1135 4026 Si
1165 3964 1219 4028 ille
1254 3964 1394 4029 delectus
1424 3975 1485 4041 est,
1516 3987 1607 4049 quem

304 4070 391 4133 fama
412 4066 558 4149 loquitur,
579 4070 718 4148 prolecto
740 4065 840 4128 bonus
859 4067 918 4144 vir,
940 4074 1089 4147 quantum
1102 4085 1161 4147 ego
1173 4066 1314 4131 iudicare
1325 4086 1461 4151 possum,
1483 4068 1608 4135 beatam

305 4170 433 4235 viduam
454 4167 586 4232 curabit.
634 4166 675 4230 Et
692 4167 732 4230 de
753 4166 802 4229 his
822 4167 949 4248 uiridem
970 4166 1131 4231 hactenus.

305 4322 506 4333 ———-.-...—--

369 4412 379 4452 ¹
401 4412 455 4467 Am
479 4410 505 4465 8.
527 4411 709 4467 Novembm·
735 4413 797 4484 vgt
811 4412 857 4469 ΒΓ.
870 4410 938 4469 224,

366 4491 380 4533 ²
403 4494 465 4565 vgt.
477 4492 598 4549 Baaat.

365 4570 380 4615 ³
400 4574 455 4649 vgr
484 4573 553 4629 iubar
572 4574 612 4629 sie
633 4572 681 4631 Br.
693 4572 748 4627 163
770 4572 796 4627 S.
809 4569 905 4649 22314.
