3625 5192
295 345 345 401 188
417 353 419 358 '
664 345 926 416 Gcaehichtsquellcn
944 345 993 400 der
1012 344 1086 402 Prov.
1106 343 1228 402 Sachaen.

373 495 457 558 Rara
480 501 512 560 et
534 496 684 562 notabilis
706 515 765 576 res,
786 515 827 561 ne
848 495 954 560 dicam
974 503 1074 576 atrox,
1096 494 1294 579 Erphnrdiae
1314 475 1528 577 corrigiatis
1544 498 1600 560 So-

293 597 378 662 lani¹
409 601 507 664 nostri
532 599 614 663 nrale
635 599 792 682 percisum
813 606 871 680 est,
893 619 954 664 non
977 600 1050 664 dico
1071 599 1265 682 praecisum,
1284 598 1448 683 pulsatns²
1468 617 1490 663 a
1508 597 1601 662 Petro

293 719 351 782 par
377 701 448 784 pari
469 701 614 764 retulisse
631 700 754 765 dieitur.
797 701 823 768 0
845 700 1038 785 culpabilem
1065 701 1249 766 audaciam!
1296 699 1442 781 Magistri
1474 701 1599 764 titulum

293 801 472 886 philosophi
495 803 542 866 illi
565 801 782 868 decreverunt.
824 804 1022 884 Gaudeham,
1043 804 1100 868 sed
1122 804 1204 868 hano
1224 823 1339 867 novam
1356 802 1599 887 amplitudinem

292 905 423 968 licenter
449 905 562 988 polluit
590 905 779 989 hospitalem
810 906 913 971 lovem
939 907 1072 971 violans.
1124 907 1234 971 Petrus
1260 913 1385 971 acetum
1406 925 1463 990 pro
1486 906 1601 970 iniuria

292 1025 439 1094 promens
460 1007 677 1072 comminatur.
719 1007 894 1072 Timendus
912 1015 960 1073 est
975 1009 1173 1090 Henningm,
1193 1009 1243 1073 vir
1264 1027 1410 1073 summus.
1453 1007 1547 1091 Apud
1569 1013 1601 1072 tc

292 1118 324 1173 et
346 1109 472 1175 Crotum
506 1108 707 1192 expostulent
729 1109 893 1190 iniuriam,
919 1117 974 1175 tua
1002 1112 1184 1192 cognitione
1212 1110 1269 1175 fiat
1294 1111 1540 1195 praeiudicium,
1568 1117 1602 1174 ut

293 1219 436 1295 uterque,
457 1196 581 1276 etiamsi
597 1211 755 1278 Xhabeut
775 1213 912 1296 linguas,
935 1219 1039 1278 mntns
1054 1214 1096 1278 ait
1119 1221 1151 1277 et
1170 1213 1321 1278 recondat
1341 1215 1506 1278 verborum
1529 1233 1600 1278 acn-

292 1315 389 1380 leos..
417 1315 540 1380 Teneat
567 1314 703 1380 Solanus
732 1323 839 1380 noster
864 1315 1019 1380 Pacuvii³
1050 1316 1257 1381 sententiam:
1291 1315 1477 1397 „Grandem
1505 1322 1601 1398 atque

293 1425 431 1481 atrocem
444 1401 555 1483 coerce
566 1416 818 1482 confidentiam“.
862 1419 987 1483 Teneat
996 1417 1107 1483 Petrus
1116 1425 1319 1501 praeceptum
1331 1418 1484 1502 apostoli:
1507 1419 1599 1497 „Non

293 1525 414 1585 vosmet
434 1520 522 1601 ipsos
543 1520 744 1602 ulciscentes,
772 1519 965 1602 charissimi,
992 1520 1050 1586 sed
1070 1520 1144 1584 date
1166 1521 1268 1586 locum
1288 1521 1374 1584 irae⁴
1395 1527 1453 1586 etc.
1495 1521 1530 1585 Si
1550 1541 1601 1586 me

292 1620 537 1705 appellaverint,
553 1618 680 1685 dicam:
705 1623 822 1700 „Aemo
842 1621 936 1702 idem,
958 1623 1041 1704 qnod
1056 1622 1143 1687 Titio
1161 1623 1247 1707 apud
1265 1623 1499 1688 meiusesroe‘.
1541 1623 1599 1688 Vel

292 1723 404 1788 saltem
435 1723 513 1788 illud
537 1722 769 1806 Vergilianum:
802 1725 898 1806 „Non
932 1733 1071 1790 nostrum
1101 1727 1260 1790 intervos
1287 1732 1393 1791 tantas
1413 1745 1601 1810 componere

294 1825 416 1892 lites⁶“.
462 1825 548 1892 Vale.

363 1951 439 2000 Gcclr.
462 1950 485 2008 Ι)
505 1951 538 1998 im
558 1951 613 1998 Lib.
633 1967 689 1999 rrov.
711 1953 751 2000 sol.
771 1951 793 1998 ll
805 1951 909 1999 tur-G
921 1953 960 2000 ΒΓ.
998 1953 1023 2009 2)
1040 1953 1065 1999 b.
1084 1952 1118 2000 'lh
1136 1953 1159 2001 S.
1172 1935 1326 2000 tud-⁶237.

292 2225 368 2295 132.
391 2225 434 2290 ΙΙ.
457 2243 501 2291 an
524 2225 632 2291 Peter
652 2224 849 2291 llhorhaolr.
952 2224 1070 2294 tiotlra
1080 2226 1197 2311 (1509.
1223 2225 1403 2293 linrnvor
1417 2226 1599 2310 ihioul.)

365 2338 426 2384 ltlnt.
445 2337 495 2383 nin
515 2336 563 2382 dou
576 2337 728 2382 Adrcssatun
747 2353 831 2394 tropen
851 2337 933 2383 solues
952 2338 1108 2384 Bonnlrmcns
1126 2339 1152 2384 in
1171 2339 1227 2384 dom
1240 2339 1331 2384 Stroitc
1351 2339 1396 2384 mit
1410 2339 1497 2385 Errbsn
1508 2340 1599 2386 lleasua

294 2423 359 2454 ‘ru-ar
376 2409 447 2454 niclrt
466 2407 564 2466 tudela,
591 2408 644 2453 lritlt
662 2407 722 2454 abur
745 2408 808 2456 doch
827 2409 875 2455 don
895 2408 1025 2454 Arrsdruck
1047 2424 1150 2470 „armen
1167 2406 1250 2456 Poot“
1269 2410 1295 2456 in
1310 2407 1383 2472 jeder
1401 2409 1544 2469 Bcziohung
1561 2411 1600 2456 tim

294 2479 350 2524 libel
367 2479 530 2538 ungohracht.
1199 2496 1203 2503 ²
1467 2501 1469 2504 >

375 2576 491 2641 Petro
518 2576 798 2661 hpcrhaooho,
830 2579 1018 2664 philosopho
1038 2585 1070 2641 et
1094 2577 1248 2658 medic07,
1280 2576 1383 2642 amico
1409 2576 1602 2656 honorando,

294 2679 442 2745 s.1>.o.
1654 2667 1657 2670 ’

332 2765 339 2820 ⁸·
374 2782 572 2866 singularem
598 2785 732 2850 adhihes
761 2784 793 2850 in
821 2783 964 2866 epistolis
989 2783 1183 2861 cautionem,
1207 2790 1240 2846 ut
1259 2783 1386 2849 etiamsi
1405 2784 1600 2867 interceptae

293 2883 424 2964 luerint,
452 2887 570 2951 nullam
590 2886 805 2951 calumniandi
827 2887 1025 2951 occasionem
1047 2885 1199 2950 ridiculus
1218 2886 1385 2950 cavillator
1405 2885 1600 2971 depraehen-

293 2986 368 3050 derc
390 2979 498 3071 possit.
541 2988 632 3054 adde
654 2988 727 3052 huic
743 2988 850 3052 virtuti
874 2987 1147 3054 mansuetudinem
1170 2994 1202 3051 et
1224 2988 1384 3054 lenitatem
1407 2989 1510 3072 posita
1532 3008 1599 3070 per-

293 3083 408 3152 tinatia
429 3097 460 3154 et
482 3091 660 3155 severitate.
702 3088 765 3155 Oro
788 3097 818 3152 te
840 3092 963 3156 exorari
984 3092 1089 3169 sinas,
1117 3090 1160 3154 da
1179 3090 1304 3154 veniam
1327 3089 1599 3174 per·cussor·l⁸,‚in-

292 3189 389 3272 dulgc
423 3193 570 3276 precibus
599 3183 779 3256 amicorum.
827 3193 1003 3274 Obiurgavi
1031 3194 1202 3272 Enbanum,
1223 3200 1405 3276 tutatusquc
1423 3212 1491 3257 sum
1513 3205 1599 3257 tuam

286 3295 517 3375 innocentiam,
540 3295 740 3360 emendatum
769 3313 839 3359 cunr
868 3295 963 3360 credo
990 3304 1022 3360 et
1047 3297 1104 3362 tibi
1132 3296 1377 3360 satistacturnm.
1418 3295 1539 3377 Scripsi
1561 3294 1601 3359 de

299 3461 460 3468 m.-

357 3547 367 3588 ¹
390 3550 447 3604 Des
468 3551 597 3606 lithaniis
621 3553 737 3618 Hessius,
767 3553 815 3605 der
841 3552 945 3604 scutrum
965 3550 1071 3605 Numen
1098 3552 1171 3606 noch
1193 3551 1291 3606 Helius
1310 3558 1460 3615 versante,
1486 3568 1533 3602 run
1551 3550 1598 3603 ihn
1619 3577 1623 3586 ·

292 3632 431 3686 durchaus
452 3631 584 3686 hlasaisrh
612 3651 644 3686 zu
668 3633 813 3702 gestaltcn.
861 3631 915 3684 Die
936 3651 989 3687 von
1013 3632 1119 3686 hlntian
1142 3631 1224 3686 dafcir
1244 3632 1415 3702 gebrauchte
1437 3628 1598 3684 tareintsehe

295 3712 375 3766 Form
399 3711 485 3766 findet
506 3713 564 3766 sich
588 3731 639 3766 nur
657 3731 691 3767 un
714 3714 803 3766 dieser
823 3711 917 3766 Stcllc.

355 3787 517 3848 ‘thouarno
539 3793 643 3847 llos-sus
664 3793 719 3846 und
742 3793 867 3864 l'ctrejus
889 3793 1033 3846 liberbach
1056 3810 1144 3846 waren
1171 3792 1221 3846 mit
1248 3793 1380 3847 einander
1399 3792 1427 3844 in
1449 3789 1533 3844 Struit
1554 3808 1600 3861 ge·

293 3883 372 3928 raten
399 3875 455 3927 rrnd
485 3873 656 3928 sclrliesslich
686 3892 717 3925 κιι
744 3873 973 3926 ΤΙιΙίῖΙῑοΙιΙυίῐυιι
1000 3872 1220 3943 iibcrgegangen.
1267 3871 1325 3927 Dor
1345 3873 1478 3944 Vorgang
1501 3871 1600 3941 spieltc

292 3955 353 4008 sich
377 3955 404 4008 in
431 3955 492 4009 (leur
517 3955 756 4008 Eberhaclr'schcn
779 3949 871 4007 llarisc
896 3954 941 4009 ab.
985 3953 1048 4006 Mau
1077 3953 1155 4007 weiss
1178 3954 1297 4008 dariiber
1323 3971 1375 4007 nur
1396 3953 1484 4006 durch
1505 3951 1599 4005 diesen

294 4037 350 4087 und
372 4036 416 4088 die,
439 4035 538 4089 beiden
559 4033 780 4106 rraclrfolgeurlcn
805 4033 896 4088 Bricl'c
919 4042 1009 4088 etwas.
1218 4031 1221 4035 ’

355 4109 369 4153 ³
393 4115 499 4169 Nonius
522 4114 604 4171 llaec.
622 4116 646 4170 4.
660 4115 704 4168 tl.

354 4190 368 4234 ⁴
388 4195 490 4248 Rorner
503 4195 547 4262 1⁶2,
563 4196 607 4248 lu.

355 4270 450 4344 ⁵Vgl.
472 4273 588 4344 Gellius,
611 4275 714 4330 Noctes
736 4275 786 4330 Au
804 4275 856 4346 ΙΙΙ,
870 4277 913 4330 lli.
927 4277 959 4326 tu
979 4276 1035 4328 und
1057 4275 1186 4328 linteatus
1207 4274 1313 4345 Adapia
1334 4293 1360 4344 p,
1374 4273 1441 4327 347.

356 4351 370 4394 ⁶
391 4355 496 4426 Vergil,
511 4356 636 4427 Elrlogcn
650 4358 702 4426 ΙΙΙ,
717 4357 779 4410 108.

357 4431 369 4475 ³
391 4436 462 4490 Dem
485 4437 698 4492 medicinischen
717 4437 843 4492 Studium
866 4435 976 4492 scheint
995 4436 1121 4507 Petrojus
1140 4453 1192 4489 nur
1212 4453 1282 4510 ganz
1301 4434 1530 4507 voriihergehend
1552 4433 1599 4488 ob·

197 4549 214 4574 s
309 4517 409 4588 elegen
431 4535 464 4570 zu
485 4517 584 4572 haben.

356 4591 454 4672 8Vgl.
475 4599 528 4654 den
551 4597 662 4673 vorigo'n
685 4597 770 4654 Brief.

1398 4722 1421 4808 )
