3625 5192
708 367 797 425 Briele
816 365 935 425 blutinns
951 367 1011 424 loo.

204 516 398 580 constituens
420 517 596 600 Herculem,
619 519 651 582 in
674 520 775 584 altera
794 539 828 586 se
850 521 954 605 ipsum
976 522 1035 586 sub
1057 541 1096 587 ea
1117 522 1313 604 condicione,
1335 529 1377 595 ut,
1399 525 1425 588 si
1448 526 1518 609 ipse

204 621 343 696 uicisset,
363 620 404 684 de
425 621 507 704 stipe
531 624 638 708 templi
662 623 722 686 sibi
750 643 859 688 cenam
883 630 1010 707 pararet
1030 626 1227 707 amicamque
1247 627 1445 706 conduceret,
1467 629 1515 691 sin

205 729 309 784 autem
332 723 467 786 uictoria
487 723 633 788 Herculis
653 724 755 806 lieret,
778 727 837 790 hoc
859 727 943 791 idem
964 725 1005 790 de
1026 727 1162 810 pecunia
1183 748 1241 792 sua
1261 730 1418 812 voluptati
1439 731 1516 795 Her-

205 825 284 887 culis
306 825 498 890 exhiberet.“
540 827 648 902 Vides,
670 828 809 910 Urbane,
832 831 1004 894 uersutiam
1025 828 1174 894 flaminis.
1217 831 1271 894 Sic
1291 831 1386 896 hodie
1400 831 1519 897 sacriti-

205 927 266 990 culi
284 928 478 993 inhonorem
498 929 627 994 deorum
649 938 762 995 rorant
785 938 826 1011 ct,
848 932 875 995 si
897 932 973 1014 quid
995 932 1061 996 aris
1080 933 1223 1015 offerunt,
1244 933 1391 1008 (offerunt
1412 941 1517 999 autem

205 1029 348 1094 Cererem
376 1039 408 1094 et
434 1031 596 1096 Liberum:
631 1053 746 1118 panem
773 1041 804 1099 et
835 1035 957 1111 vinum)
988 1034 1048 1118 ipsi
1075 1035 1193 1100 esitant
1221 1043 1253 1100 et
1278 1036 1388 1100 dicunt
1416 1035 1517 1100 Deum

205 1151 283 1198 esse.
327 1133 414 1214 „Sed
441 1135 516 1198 hie“
544 1136 659 1218 (inquit
680 1137 803 1214 Cicero)
834 1157 951 1219 ‚,quem
973 1143 1037 1201 taur
1059 1145 1216 1203 amentem
1241 1157 1310 1203 esse
1333 1145 1440 1222 putas,
1464 1140 1517 1219 qui

205 1235 299 1315 illud,
332 1256 393 1318 qum
424 1245 586 1316 vescatur,
619 1238 712 1304 deum
744 1240 853 1304 credat
884 1240 1022 1304 esse?¹“
1073 1239 1269 1320 lntelligisne
1302 1241 1408 1304 ludum
1437 1240 1519 1304 hunc

205 1338 439 1402 PoticiorumP‘2
489 1341 626 1404 Vincunt
653 1361 785 1425 semper.
839 1343 915 1408 Siue
943 1342 1021 1407 dant
1049 1341 1175 1407 Herculi
1205 1341 1360 1413 decimas,
1393 1361 1519 1426 pergre-

205 1449 324 1511 oantur‚
347 1441 415 1506 siue
437 1443 599 1526 accipiunt
619 1443 768 1518 decimus,
793 1445 876 1509 laute
899 1445 1012 1508 vivunt
1032 1454 1064 1508 ct
1081 1445 1217 1509 letantur
1231 1445 1343 1526 securi,
1365 1446 1520 1510 immunes

204 1551 236 1606 et
268 1544 368 1606 libori.
421 1544 504 1609 olim
538 1545 637 1609 ric'tor
671 1545 822 1610 Hercules
855 1547 978 1625 leones,
1008 1567 1119 1628 apros,
1153 1566 1230 1610 aves
1257 1554 1396 1624 atroces,
1428 1566 1520 1611 sevos

203 1651 370 1728 tyrannos,
393 1646 490 1712 boves
512 1654 543 1710 et
562 1667 659 1729 equuus
681 1647 851 1712 indomitos
874 1650 1041 1728 nraotarit,
1071 1657 1105 1711 ut
1126 1648 1254 1713 tandem
1278 1649 1377 1734 ipsius
1399 1649 1519 1714 Pinarii

203 1755 234 1812 et
255 1747 369 1814 Potieii
395 1749 639 1814 luxuriarentur.
682 1749 744 1828 Qui
771 1751 837 1815 vult
857 1750 949 1816 dives
970 1750 1037 1814 fieri
1060 1758 1090 1815 et
1111 1751 1239 1831 beatus,
1264 1751 1367 1816 soluat
1389 1751 1518 1816 Herculi

204 1851 361 1916 decimas:
387 1851 513 1916 Christo
543 1851 698 1916 libamina
725 1851 850 1934 ollerat,
878 1853 911 1918 id
942 1852 1026 1934 quod
1053 1853 1255 1936 peculiariter·
1283 1852 1427 1917 olierenti
1450 1873 1519 1938 pro-

202 1951 276 2016 licit.
320 1953 401 2018 Nam
423 1953 502 2019 deus
524 1954 674 2019 Hercules
695 1975 796 2037 neque
819 1957 917 2020 esurit
939 1975 1040 2037 neque
1061 1954 1138 2018 sitit.
1180 1954 1263 2018 Hinc
1287 1974 1366 2038 opes
1386 1954 1520 2034 Luculli,

204 2053 326 2130 Crassi,
359 2055 460 2138 Hylle,
493 2056 566 2120 hinc
593 2057 790 2140 pontificum,
823 2056 977 2120 abbatum
1006 2063 1038 2120 ct
1063 2056 1193 2120 fratrum
1219 2056 1375 2120 arralium
1402 2055 1519 2120 diricie

204 2165 377 2222 creuerunt.
420 2159 522 2222 Cacus
551 2159 592 2223 sit
618 2168 648 2225 et
674 2159 776 2224 rualus
805 2159 978 2239 hereticus,
1006 2159 1149 2241 quisquis
1174 2158 1300 2223 Herculi
1323 2158 1421 2222 hores
1448 2159 1516 2222 sub·

204 2263 342 2326 traxerit.
390 2261 545 2326 lldircrso
574 2261 722 2327 Euander
748 2263 790 2327 sit
823 2269 853 2327 et
881 2263 953 2344 pius
982 2261 1101 2342 Encas,
1135 2261 1278 2343 quisquis
1311 2260 1393 2324 hunc
1426 2263 1520 2325 deum

204 2363 336 2428 decimis
353 2365 521 2429 ornaverit.
563 2365 646 2429 Olim
663 2365 815 2428 Germani
836 2373 919 2429 teste
937 2365 1071 2428 'l'acito3
1093 2363 1326 2429 volnerabantur
1344 2361 1519 2427 Herculem.

205 2465 269 2530 Sed
296 2466 445 2548 qualem?
487 2468 566 2531 'l'res
588 2466 762 2546 Diodorus,
791 2486 845 2530 sex
868 2466 999 2531 Cicero⁴
1021 2473 1192 2531 enumerat.
1235 2465 1427 2530 Lactaucius
1448 2486 1519 2530 eon-

204 2569 307 2632 l'undit
330 2567 479 2634 historias
500 2576 531 2633 ot
553 2589 648 2633 unum
670 2554 765 2633 vexat
788 2569 967 2649 Herculem,
988 2555 1090 2632 multa¹
1108 2568 1277 2650 Vergilius,
1299 2568 1361 2633 imo
1381 2569 1468 2650 greci
1489 2575 1521 2632 et

203 2669 294 2734 latini
314 2669 463 2735 authores
485 2671 620 2754 plurima
642 2672 784 2736 scribunt
805 2671 845 2734 de
862 2670 1007 2735 Herculis
1029 2669 1200 2734 laboribus.
1243 2671 1311 2734 Nos
1333 2670 1519 2735 brevitatem

203 2773 364 2854 sequimur
380 2780 412 2838 et
437 2779 558 2838 tantum
582 2773 720 2838 iucunda
742 2773 915 2855 signamus.
959 2771 1172 2851 „Herculcs,“
1196 2772 1299 2852 inquit
1320 2772 1519 2852 Lactancius,

205 2876 280 2957 „qui
310 2876 350 2938 ob
378 2877 526 2940 virtutem
554 2876 749 2940 clarissimus
782 2882 814 2939 et
840 2875 932 2958 quuasi
957 2875 1126 2939 Africanus
1155 2875 1237 2939 inter
1267 2874 1344 2939 deos
1370 2875 1518 2955 babetur,

204 2997 307 3041 nonne
328 2978 435 3042 orbem
457 2985 553 3057 teme,
580 2998 671 3060 quem
695 2997 884 3062 peragrasse
910 2997 949 3041 uc
977 2996 1172 3060 expurgasse
1199 2985 1360 3045 narratur.
1390 2979 1518 3060 stupris,

203 3079 407 3158 libidinibus,
439 3079 604 3145 adulteriis
634 3081 837 3162 iuqruiuavit‘i
890 3080 960 3144 Nee
990 3079 1216 3160 nrirrurru,fcurn
1249 3086 1331 3143 esset
1361 3079 1518 3144 adulterio

204 3183 330 3264 genitus
352 3182 532 3247 Aleruene.“
583 3183 661 3246 Vide
690 3191 787 3246 totum
815 3183 873 3246 hoc
901 3189 996 3265 caput
1015 3181 1074 3256 lX,
1101 3180 1156 3246 lib.
1181 3181 1193 3242 l
1217 3187 1249 3244 et
1268 3180 1339 3262 lege
1363 3181 1518 3264 primum5

204 3285 307 3348 Plauti
336 3285 510 3349 comediam
539 3292 571 3349 et
591 3285 604 3348 l
626 3286 746 3350 Senecc
769 3285 978 3366 tragediami.
1020 3283 1197 3348 Miraberis.
1238 3283 1307 3365 Ego
1334 3304 1395 3348 uon
1423 3282 1516 3347 credo

203 3393 267 3452 tam
295 3389 406 3452 tortam
431 3388 532 3452 virum
561 3387 646 3452 vinci
674 3388 815 3472 potuisse
837 3409 857 3451 a
879 3387 1050 3470 voluptate.
1092 3385 1205 3449 Linum
1228 3393 1444 3469 preceptorem
1467 3407 1516 3449 oe-

205 3491 282 3556 eidit
309 3498 341 3555 et
369 3490 505 3555 crudelis
534 3499 566 3555 et
594 3491 818 3572 sanguinarius
846 3491 921 3567 ibit,
950 3488 1007 3552 sed
1036 3508 1159 3552 aruorcs
1188 3487 1360 3572 Omphales
1388 3495 1419 3551 ct
1446 3508 1515 3572 pro-

203 3601 328 3678 postere
359 3593 490 3657 Veneris
516 3593 609 3656 lictos
642 3599 785 3670 autumo,
821 3591 883 3655 uisi
924 3594 1003 3654 torte
1031 3597 1063 3652 tu
1095 3589 1189 3653 aliter
1216 3590 1350 3669 sentias,
1383 3609 1453 3653 cunr
1485 3599 1517 3654 et
1618 3571 1624 3586 ⁸

204 3696 326 3779 Iupiter
349 3695 527 3760 defamatus
553 3696 596 3758 sit
619 3701 650 3757 et
672 3700 776 3756 notum
799 3693 859 3756 hoc
881 3713 1022 3757 carmen:

456 3819 546 3900 „Dat
565 3837 643 3902 puer
667 3817 803 3902 [parntes
832 3817 928 3881 nivea
947 3817 1112 3882 carchesia
1134 3817 1247 3881 dextra

456 3923 518 3987 Sed
541 3943 616 3987 suus
636 3922 751 4005 Alcide
771 3924 885 4006 pocula
905 3925 1017 3987 miscet
1038 3923 1167 4004 Hylasf‘

269 4129 278 4170 ¹
301 4131 359 4188 cie.
381 4134 425 4188 De
447 4139 545 4188 natura
565 4134 679 4187 deorum
700 4133 752 4188 lll.
773 4133 816 4186 lli.
834 4131 879 4187 41.

266 4209 279 4250 ²
302 4214 354 4268 Diu
372 4215 475 4268 Poticii
496 4215 597 4268 ehenso
619 4214 669 4266 wic
691 4205 734 4266 lib
756 4213 860 4268 Pinarii
885 4231 973 4267 wuren
995 4212 1117 4266 Priester
1134 4213 1182 4266 des
1204 4211 1364 4266 llercules.‘

266 4288 280 4330 3
302 4294 393 4349 Germ.
410 4296 460 4349 lll.
473 4295 498 4349 1.
530 4295 626 4347 Fuisse
646 4295 717 4364 upud
735 4311 782 4347 eos
805 4301 831 4347 et
848 4293 996 4348 Herculem
1020 4300 1173 4347 memorant
1193 4293 1368 4362 primumque
1385 4292 1511 4346 omnium

204 4375 322 4428 uirorum
343 4373 456 4430 fortium
479 4375 543 4428 ituri
565 4376 592 4427 iu
614 4375 720 4445 proelia
741 4381 853 4431 canunt.

265 4451 280 4492 4
302 4453 360 4509 Cic.
382 4457 425 4510 De
446 4464 544 4510 natura
564 4456 678 4509 deorum
692 4455 741 4507 lll.
755 4455 798 4507 16.
815 4453 863 4506 42.

265 4531 279 4574 5
300 4535 477 4606 Amphitruo

265 4612 279 4656 ⁶
300 4617 435 4672 Hercules
455 4618 559 4672 iurene.

246 4719 411 4770 Gwhlabuqu.
420 4720 441 4760 d.
451 4720 488 4760 Pr.
497 4719 519 4762 S·
530 4719 612 4762 XVHI.
