3625 5192
630 368 720 425 Briete
737 371 857 425 Matiane
875 370 934 425 191.
956 371 1013 425 192
1428 370 1479 427 267

169 521 268 587 exilio
279 524 300 601 ¹,
323 510 521 587 ariminum
546 540 617 587 esse
640 519 798 585 iaoobitis.
841 520 940 587 Ursus
963 519 1060 583 t'ertnr
1079 518 1111 581 in
1135 518 1327 601 proximum,
1353 520 1478 584 brutum

169 624 289 699 animal
314 643 375 689 non
397 624 501 704 quierit
517 623 694 688 dedentem:
715 623 762 686 sio
777 620 977 686 Herebordus
991 640 1052 685 non
1067 620 1227 703 intelligit,
1249 622 1398 703 aquibus
1415 621 1480 685 tola
1523 680 1528 687 .

168 725 199 789 in
214 744 249 789 se
265 732 438 791 tornentur.
481 726 555 789 Vult
568 724 805 805 Sommeringus
826 723 961 787 suadeat
982 724 1073 807 patri.
1115 721 1200 797 titre,
1223 742 1284 786 non
1307 722 1339 787 id
1360 723 1480 789 tiroiunt

148 828 326 906 'duetorem
359 835 393 892 nt
419 814 524 911 piures
551 828 615 891 sint
636 827 789 892 doctores.
833 825 968 891 Bueulm
988 824 1044 889 dat
1065 844 1208 889 nummos
1234 832 1266 888 et
1286 825 1421 889 licencia
1442 845 1479 888 eo

167 929 406 996 numerosiores.
426 948 487 1010 quo
505 927 672 1009 pauciores
686 928 826 1011 capiunt.
870 928 939 991 Non
958 935 1062 992 tumen
1081 925 1200 995 ditiido.
1222 926 1296 1009 quin
1314 938 1420 991 noster
1437 928 1479 991 sit

167 1032 410 1112 snmmsriogus.
445 1030 528 1107 Quid
548 1028 674 1095 muita?
705 1029 901 1094 Persuadent
920 1030 989 1113 ipse
1001 1030 1083 1112 patri
1097 1028 1145 1093 vet
1158 1038 1191 1091 tu
1203 1048 1271 1093 meo
1288 1030 1423 1107 nomme,
1446 1036 1479 1092 ut

165 1141 250 1197 emat
273 1132 445 1215 insigniat.
495 1132 665 1215 Postquam
685 1132 980 1213 insignitus-tuerit,
1012 1139 1102 1213 pater
1122 1138 1153 1194 et
1175 1148 1235 1211 ego
1262 1131 1479 1209 invocabimus

165 1236 350 1317 episcopum
380 1232 533 1313 Urieiem,
560 1234 649 1298 ouius
674 1233 847 1298 auotoritas
877 1232 976 1315 losum
1000 1230 1181 1296 Herebordo
1207 1232 1348 1297 debitum
1378 1233 1480 1307 obiter

167 1338 306 1402 tuebitur
345 1345 377 1400 et
415 1337 485 1401 sine
525 1336 664 1416 litigioso
706 1336 885 1420 dispendio.
945 1334 993 1401 De
1028 1334 1202 1399 Biermosto
1239 1334 1315 1417 quid
1352 1356 1480 1417 sperare

166 1439 293 1519 debeat,
315 1458 376 1503 oon
398 1448 503 1523 potest
520 1439 610 1503 seire.
654 1437 836 1519 Respondet
856 1436 896 1499 od
920 1434 1052 1519 primum
1076 1438 1274 1520 peticionem.
1316 1438 1477 1503 Ot'atunm

169 1540 399 1606 Herebordum!
438 1540 540 1605 Flesti
563 1539 673 1627 alteris
694 1539 794 1604 literis
819 1548 851 1603 et
872 1538 971 1603 ternis
996 1544 1029 1602 et
1053 1538 1214 1621 quaternis
1238 1527 1371 1622 poterat.
1413 1539 1477 1603 Sed

168 1640 250 1705 adeo
282 1642 427 1725 superbit
454 1640 669 1719 Horebordus,
706 1649 740 1704 ut
772 1647 899 1724 propter
925 1638 1024 1705 flavos
1052 1641 1185 1724 oapiiios
1212 1641 1285 1705 itioo
1311 1640 1372 1705 sibi
1400 1640 1477 1705 vetit

167 1744 299 1827 assurgi.
341 1743 447 1808 Vadat
466 1750 618 1807 eaeatnm.
660 1742 728 1825 Ego
749 1750 870 1807 tautam
893 1744 1109 1819 arrogantium
1132 1763 1192 1808 nou
1219 1743 1324 1825 probo.

238 1868 417 1915 Haudsehrittl.
439 1867 466 1912 F.
484 1865 534 1913 458
553 1866 594 1913 tot.
609 1865 680 1913 288r
728 1865 808 1913 nstv.
845 1866 921 1913 Godr.
937 1866 960 1913 b.
976 1866 1017 1914 Tu.
1039 1868 1062 1913 ὃ.
1079 1866 1224 1913 206-207
1251 1882 1296 1913 ron
1319 1867 1477 1913 liurubordus

170 1945 254 1985 noster
272 1937 309 1983 br's
327 1937 472 1997 expediunt,
491 1937 658 1997 negliguntur.

170 2199 246 2271 rua
269 2200 314 2273 u.
337 2220 380 2267 an
404 2201 536 2270 Urban.
884 2198 1122 2283 (saturator-u.
1157 2199 1292 2282 trtius-ng
1314 2199 1474 2285 tugost.)

239 2324 301 2372 Mut.
321 2296 424 2385 boffigt
440 2287 504 2386 :ir-b,
529 2326 586 2372 dass
609 2324 738 2371 Horebord
761 2340 784 2371 v.
803 2324 825 2369 d.
847 2324 964 2369 birrtlmn
988 2324 1038 2368 und
1060 2326 1149 2369 (trotus
1178 2324 1203 2370 iu
1231 2324 1279 2370 dun
1304 2325 1473 2371 buissirrit'ton

170 2395 239 2443 ibror
258 2394 340 2441 Briete
358 2412 391 2442 sn
409 2395 453 2443 iim
469 2396 530 2457 jede
548 2396 599 2442 ibm
619 2394 746 2452 sriuddigo
765 2393 901 2440 ltrirkaiebt
923 2393 1049 2440 biswessun
1069 2409 1153 2441 uussur
1171 2396 1236 2441 nent
1255 2396 1345 2441 lusson.

251 2491 387 2556 Henrioo
409 2492 566 2557 Urbano
587 2492 747 2557 Matianus
770 2491 877 2556 Rrrius.

249 2596 279 2659 S.
329 2594 396 2658 Hoe
426 2594 593 2659 Bierrnosti
610 2578 754 2659 'fratum
785 2593 965 2677 epistolium
1002 2593 1138 2672 indicat,
1167 2600 1318 2675 quantum
1333 2604 1335 2611 ’
1352 2590 1475 2659 etiiu'ere

169 2695 339 2778 potuissem
366 2696 399 2759 in
428 2697 480 2759 ret
507 2697 604 2761 nostri
627 2696 803 2759 Herebordi
818 2714 891 2778 vper
909 2695 992 2777 huno
1021 2696 1232 2779 interpretem.
1275 2696 1385 2777 ltaque
1411 2716 1474 2759 nou

169 2796 247 2861 bene
272 2796 334 2861 sibi
363 2796 498 2861 eonsnlit
517 2796 722 2863 Herebordus
749 2796 880 2861 nimium
902 2796 1028 2861 soiliuet
1050 2816 1231 2879 properans.
1274 2798 1405 2879 Semper
1425 2816 1476 2861 me

166 2896 280 2963 derisit
301 2899 332 2963 in
355 2899 455 2964 titulis
476 2899 646 2964 literarum.
688 2898 835 2983 Emptum
861 2898 936 2962 mibi
960 2899 1205 2980 honoremque
1226 2899 1321 2980 vulgo
1344 2900 1476 2982 imponi-

167 3010 225 3077 tur·
244 3010 277 3065 et
303 3000 357 3082 uui
383 3007 521 3084 spectari
542 3012 616 3064 ante
644 3002 750 3065 omnia
776 2999 886 3073 debet,
916 3020 955 3064 ne
986 3000 1113 3065 ommno
1139 3001 1233 3064 muris
1259 3001 1317 3063 sim
1347 3000 1475 3071 derisui,

167 3103 270 3168 aufert
289 3110 322 3167 et
341 3104 504 3169 substituit
524 3103 632 3168 sessio
652 3103 729 3185 quid
746 3103 911 3168 mercatori
930 3103 1033 3183 magis
1049 3102 1313 3184 quadransquam
1325 3101 1474 3166 Mutiano.

168 3203 289 3269 duem
308 3204 430 3270 calonio
451 3205 642 3271 mordandus
662 3205 860 3284 assumtus,
881 3204 930 3267 vir
950 3204 1068 3285 alioqui
1091 3204 1256 3283 nandium,
1274 3205 1331 3285 qui
1357 3204 1473 3268 nuliam

168 3306 321 3372 rationem
351 3307 402 3371 vet
429 3306 525 3372 studii
554 3308 653 3371 nostri
685 3308 736 3371 vel
762 3307 892 3390 pietatis
919 3306 1018 3371 habet
1047 3306 1077 3369 in
1108 3312 1195 3388 tergo
1222 3305 1391 3371 literarum.
1440 3307 1474 3370 Si

166 3403 253 3473 intus
273 3428 324 3472 me
345 3408 504 3473 dootorem
526 3408 577 3473 vet
597 3408 803 3474 excellentem
823 3409 1032 3488 nominarent,
1053 3408 1208 3489 egerrime
1224 3410 1345 3488 ferrern,
1367 3415 1476 3491 utpote

167 3509 339 3594 impatiens
362 3508 600 3575 blanditiarum.
642 3509 706 3575 Sed
728 3511 951 3592 inscriptiones
974 3510 1091 3593 populo
1112 3508 1302 3574 exhibentur
1329 3516 1360 3575 et
1386 3510 1476 3573 multi

167 3620 243 3677 ante
261 3612 371 3694 tegunt
391 3631 484 3694 orrum
507 3612 586 3694 ipse.
631 3612 664 3677 tn
680 3631 804 3678 summa
824 3631 926 3693 neque
948 3612 1105 3676 contemni
1128 3630 1228 3694 neque
1250 3609 1381 3675 laudari
1403 3613 1474 3679 voto

284 3788 370 3795 ---·

167 3897 216 3952 titt
244 3898 273 3951 iu
296 3899 346 3952 der
365 3898 445 3954 Stadt
470 3900 521 3953 mit
540 3900 598 3952 260
621 3899 742 3954 Pierden
762 3900 805 3955 ab.
846 3900 922 3971 (ng
944 3900 1138 3955 Fulukunstuin
1161 3900 1187 3954 S.
1207 3900 1286 3969 513.)
1333 3900 1371 3953 Er
1393 3918 1475 3969 muas,

167 3979 203 4032 da
223 3996 254 4033 er
273 3978 333 4032 sieb
353 3979 402 4033 der
421 3980 568 4049 spezieilen
585 3979 677 4033 Gonst
694 3998 747 4035 uon
764 3980 925 4049 Doliatoris,
946 3980 1102 4049 Hnthener‚
1122 3980 1277 4034 'I'rutt'etto'r
1298 3999 1322 4034 u.
1336 3998 1360 4035 a.
1377 3998 1411 4034 m.
1431 3998 1474 4035 er-

167 4066 275 4125 fmute,
306 4058 368 4113 dom
390 4058 553 4131 Sohiitzting
573 4059 694 4113 Mutians
721 4060 766 4114 bei
795 4060 844 4114 der
864 4059 1038 4132 Bewerbung
1065 4078 1110 4114 um
1141 4060 1202 4115 eine
1224 4060 1385 4131 juristisebe
1407 4060 1474 4115 Pro-

167 4155 259 4209 prssur
274 4137 319 4193 ein
339 4138 527 4210 geffihriieher
548 4138 727 4193 Konkurrent
747 4158 873 4209 genesen
894 4141 962 4196 sein.

233 4232 244 4274 ¹
269 4234 458 4369 Delrssgriisste
477 4236 542 4290 Teii
566 4237 615 4291 dor
634 4236 760 4291 Erfurter
780 4236 958 4309 Fiiiohttinge
984 4238 1061 4293 butte
1080 4237 1174 4293 Gotba
1199 4256 1260 4292 zum
1283 4234 1471 4291 Auientbuits-

167 4323 212 4369 ort
232 4320 311 4387 gewis
342 4325 362 4370 t.

231 4409 245 4451 ²
266 4411 324 4467 Der
345 4413 552 4471 Doctorwiirde.
584 4426 594 4439 '

233 4504 248 4549 ⁸
268 4507 333 4565 sein
353 4510 492 4586 Vernarne
514 4505 722 4585 uar'Hsrtung.

231 4602 246 4645 ⁴
268 4606 332 4681 vgu
353 4608 553 4683 houptdehtieh
572 4609 626 4665 deu
644 4610 888 4687 vorbergebendon
909 4611 994 4684 Brief.
