3625 5192
646 342 737 398 Briele
754 341 874 399 Mutiaus
892 340 988 395 9-11.
1441 342 1474 395 15

166 492 448 579 proficiscerentur,
470 492 677 556 occurrebant
698 491 1002 571 cisvectabnlatna,
1020 508 1082 572 qna
1104 490 1226 553 remoti
1247 489 1373 555 domum
1394 498 1478 555 retro

165 598 207 661 ad
232 616 289 659 nos
307 595 461 660 abierunt.
494 593 555 671 Qui
567 594 693 675 quidem
716 612 863 659 occursus
883 594 1010 657 ridetur
1030 592 1109 656 mibi
1130 593 1477 676 prorsusessedivinus

165 708 197 763 et
219 698 271 781 qui
292 704 431 761 mutuam
457 696 707 761 benevolentiam
732 702 869 761 nostram
891 697 983 777 qnasi
1004 694 1179 759 trabalibus
1200 694 1300 759 clavis
1323 704 1475 779 perpetua

164 802 313 865 inemorin
341 798 496 865 uorrfixam
525 808 630 863 tenere
659 799 784 864 debeat.
834 798 917 881 Ego,
948 797 1092 876 t'rbane,
1121 795 1309 862 urbanorum
1334 798 1472 863 omnium

162 901 383 983 integerrime,
417 906 525 965 tantas
548 900 605 965 tibi
625 901 746 982 gratias
770 920 848 983 ago,
869 908 1006 982 quantas
1028 917 1211 965 enumerare
1231 899 1360 981 longum
1380 909 1474 965 esset.

164 1004 225 1067 Vix
251 1005 320 1087 ipsc
342 1011 406 1068 tres
427 1004 552 1083 Gratie,
575 1003 629 1067 vix
657 1004 725 1087 ipse
751 1022 864 1069 novem
889 1002 978 1068 Muse
1007 1002 1114 1067 uerbis
1140 1001 1350 1085 explanarent
1374 1002 1472 1067 animi

162 1107 225 1169 mei
243 1106 479 1187 gratitudinem.
523 1106 589 1169 Hoc
609 1106 759 1189 polliceor
781 1126 830 1169 me
856 1105 1002 1170 daturum
1021 1124 1159 1188 operam,
1181 1112 1216 1168 ut
1233 1104 1354 1167 ordinis
1375 1106 1473 1169 nostri

162 1208 319 1289 homines,
343 1210 403 1272 viri
427 1208 625 1288 latinissimi,
646 1208 828 1291 intelligant
849 1228 919 1273 esse
940 1209 972 1271 iu
994 1207 1079 1271 valle
1102 1200 1284 1289 Georgium
1306 1207 1420 1271 bonurn
1443 1214 1475 1271 et

161 1310 288 1375 doctum
315 1312 511 1376 sacerdotem
533 1310 703 1375 Henricum
728 1311 906 1383 Urbanam,
934 1308 987 1391 qni
1009 1307 1217 1391 dignissimus
1242 1310 1285 1373 sit
1304 1309 1472 1374 latinorum

162 1412 342 1477 sodalitate.
386 1412 472 1478 Vale.

238 1536 409 1583 llsudselrriltl
437 1537 457 1583 l*
476 1538 519 1583 Νι.
531 1536 563 1585 66
575 1538 616 1585 fol.
624 1537 715 1583 eov-
726 1537 756 1583 41
766 1554 789 1583 v.

863 1674 918 1681 --.-

162 1722 213 1791 ιι.
234 1718 524 1803 umspoaun.
734 1676 738 1681 ’
960 1718 1104 1804 (cotun.
1148 1719 1474 1807 uror-morsos.)

243 1844 304 1891 blut.
322 1844 414 1891 maldet
440 1844 536 1903 lreudig
557 1845 612 1891 dem
632 1845 697 1904 spur.
717 1845 786 1891 aeine
806 1844 881 1891 Wnbl
906 1860 962 1891 zrrrn
982 1846 1077 1891 ltebror
1103 1846 1136 1891 im
1156 1846 1324 1905 Georguntbal
1344 1846 1394 1891 und
1413 1846 1475 1892 lroltt

163 1914 221 1959 ulnas
246 1916 284 1961 tiir
309 1915 381 1961 buida
399 1916 478 1961 (luntas
498 1915 588 1961 durans
607 1916 739 1963 erwsubss.
775 1916 848 1963 Scine
870 1914 966 1975 „beata
994 1913 1184 1975 tranquillitas“
1204 1916 1287 1962 warde
1309 1918 1374 1963 allzn
1392 1917 1475 1973 hauan

163 1988 271 2045 gaatbrt,
302 2000 342 2031 am
368 1985 472 2031 muistcn
493 2000 543 2031 von
569 1986 624 2031 dem
643 1986 813 2045 Limitnneus,
841 1986 936 2032 seinem
955 1986 1168 2046 Konkancuikus3
1187 2002 1215 2032 ur
1232 1986 1293 2033 aber
1312 1987 1474 2033 versebmitbe

162 2070 197 2115 cs,
218 2055 346 2101 fiuentrieh
365 2070 443 2115 gagen
463 2055 550 2101 dassen
566 2055 763 2115 Bclairligungeu
779 2056 942 2103 aulaulreteu.
980 2056 1093 2103 Alsdaun
1112 2056 1208 2103 sordent
1226 2070 1253 2102 er
1268 2056 1355 2103 sclnen
1373 2058 1474 2103 Subutu-

162 2126 313 2241 begobignen
332 2127 382 2185 ani,
401 2140 434 2171 an
456 2126 540 2172 t'rbau
562 2126 613 2171 und
632 2126 759 2173 Duronius
783 2141 868 2185 wegen
900 2127 945 2173 der
966 2126 1179 2186 L'cbersiedulung
1201 2127 1228 2173 in
1251 2127 1297 2173 das
1319 2127 1420 2173 Kloster
1444 2142 1475 2173 zu

163 2210 189 2241 se
211 2210 247 2241 rar
266 2212 305 2243 cu.

243 2294 375 2359 Erudito
398 2296 571 2377 Georgio
593 2295 808 2379 spalatino
833 2295 993 2360 blutianus
1015 2294 1122 2361 Rufus.

245 2399 278 2461 Si
301 2398 405 2475 vales,
428 2397 507 2462 bene
528 2406 590 2477 est,
618 2418 676 2463 uos
696 2406 727 2461 et
748 2400 850 2462 omnis
874 2396 1016 2461 familia¹
1046 2396 1110 2461 diis
1133 2397 1270 2479 benigue
1290 2394 1476 2459 afflantibus

163 2501 314 2565 valemus.
357 2502 440 2583 Sepe
462 2506 493 2563 et
514 2500 645 2564 multum
667 2502 793 2582 rogavi,
814 2499 987 2583 postulavi,
1015 2498 1174 2581 flagitavi,
1203 2506 1354 2581 tanquam
1381 2500 1413 2563 in
1443 2508 1474 2563 te

163 2622 226 2665 uuo
248 2604 313 2666 vite
335 2620 402 2667 mee
424 2621 519 2685 prora
539 2609 570 2665 et
591 2602 710 2685 puppis
725 2603 921 2667 consisteret.
953 2600 1044 2665 Volui
1065 2602 1149 2665 euim
1171 2608 1211 2675 te,
1232 2620 1326 2683 quem
1348 2601 1475 2685 penitus

163 2723 287 2783 noram,
309 2724 348 2769 ex
371 2704 452 2769 bello
474 2714 504 2769 et
525 2724 634 2788 pugna
657 2704 936 2769 bellacissiurorum
957 2704 991 2768 iu
1011 2704 1109 2768 otium
1131 2702 1311 2779 traducere,
1333 2704 1398 2767 nti·
1421 2702 1472 2766 bo-

163 2806 278 2871 minem
306 2807 435 2871 minime
459 2806 652 2872 bellicosum.
694 2805 931 2886 Animadverti,
959 2815 1109 2888 quautam
1132 2806 1305 2871 abhorreas
1324 2826 1345 2871 a
1366 2824 1475 2889 pugna

163 2911 226 2973 ista
247 2910 378 2988 t'oreusi,
409 2915 559 2991 quantum
581 2928 601 2971 a
622 2908 787 2975 fraudibus
808 2917 840 2975 et
868 2909 1006 2989 malitia,
1029 2909 1194 2993 perspexi,
1219 2909 1334 2990 quibus
1360 2907 1475 2971 studiis

165 3011 329 3075 incumbas
352 3019 383 3075 ct
404 3010 489 3093 quali
519 3018 549 3074 te
570 3012 699 3093 ingenio
721 3010 848 3077 donarit
869 3011 1055 3076 immortalis
1077 3010 1171 3075 Deus.
1214 3011 1279 3075 Sed
1305 3010 1409 3074 adbrm
1430 3010 1476 3074 ita

162 3122 254 3177 erant
281 3114 417 3193 incerta,
445 3132 505 3195 qne
534 3113 626 3177 nobis
659 3113 804 3179 Urbanus
832 3114 1021 3194 insinuarit,
1046 3119 1082 3177 ut
1109 3113 1199 3195 quasi
1227 3114 1405 3196 suspicarer
1425 3130 1476 3176 me

163 3235 292 3300 operam
314 3214 502 3297 perdidisse.
545 3214 686 3279 Sabbato
711 3236 786 3280 vero
808 3216 965 3299 proximo,
991 3214 1075 3296 qnod
1102 3234 1201 3299 penes
1227 3214 1377 3279 abbatem
1398 3224 1476 3293 erat,

163 3319 354 3382 creatus2es
369 3317 522 3399 magister
534 3316 713 3381 sodalitatis
725 3318 964 3383 Bernardiauel
985 3317 1035 3382 vel
1059 3318 1164 3401 potins
1185 3323 1351 3402 preceptor
1370 3315 1475 3381 derasi

163 3422 286 3503 gregis,
305 3440 398 3502 quum
422 3420 475 3484 ille
498 3420 612 3484 rectius
634 3420 777 3501 magistri
799 3420 926 3485 nomine
945 3425 1127 3499 censeatur,
1148 3418 1201 3501 qni
1224 3424 1329 3501 preest
1347 3436 1476 3500 cougre-

164 3522 287 3601 gationi
314 3523 386 3605 plus
416 3523 529 3587 ceteris
562 3528 673 3604 potens
711 3522 779 3587 sive
813 3522 962 3587 cellarius
999 3522 1067 3587 sive
1094 3522 1233 3585 decanus
1266 3520 1335 3585 sive
1364 3521 1475 3587 abbas.

165 3624 363 3707 Quamquam
377 3631 407 3688 et
429 3624 616 3709 pedagogus
638 3624 734 3689 latine
756 3626 909 3705 magister
930 3624 1054 3688 dicatur
1074 3629 1106 3688 et
1127 3622 1284 3705 professor
1298 3621 1476 3687 liberalium

237 3744 248 3769 ²
270 3750 302 3795 'l’z
323 3756 356 3797 ut.

165 3869 327 3876 ———.-—.-...
360 3870 364 3875 .

167 3946 314 4000 ltalieuers
325 3942 546 4015 chrysostomus,
567 3942 687 3999 weleber
703 3945 749 3998 ibn
768 3944 818 3999 auf
827 3945 918 3999 eiuem
930 3944 1120 4001 Rheiuscbitle
1129 3945 1239 4001 keuuen
1252 3945 1348 4000 lenate.
1388 3944 1474 3999 Dem-

169 4025 267 4081 selbeu
288 4024 334 4080 liel
354 4026 403 4079 das
424 4026 550 4093 elegante
562 4025 661 4079 Lateiu
683 4025 744 4079 nrrl:
767 4027 811 4079 ein
825 4026 1023 4079 solebesbatte
1044 4044 1075 4080 er
1084 4026 1113 4080 iu
1123 4025 1315 4081 Dcutsebland
1336 4026 1409 4080 noch
1428 4026 1475 4080 uie

165 4107 272 4178 gebb'rt.

234 4184 244 4223 ¹
268 4186 407 4241 Damuter
433 4186 494 4239 sind
522 4186 566 4239 die
588 4184 696 4239 Famuli
726 4202 759 4239 zu
781 4186 941 4253 verstebeu,
968 4186 1018 4239 mit
1046 4186 1136 4239 denen
1157 4186 1282 4257 spalatin
1310 4185 1476 4241 belreuudet

165 4284 291 4338 gen-esen
313 4284 345 4320 aa
367 4267 424 4320 scin
445 4266 562 4322 seheint.

228 4344 242 4386 2
263 4348 321 4401 nus
342 4347 403 4401 dem
430 4345 625 4400 Brietwechsel
647 4347 713 4415 gebi
738 4347 816 4401 nieht
836 4347 946 4414 berver,
967 4345 1071 4401 welcbe
1085 4347 1239 4401 l'mstiiude
1260 4365 1290 4400 es
1311 4346 1475 4415 bewirkteu,

167 4428 230 4483 daea
251 4426 375 4498 Spalatin
404 4432 460 4481 eust
481 4426 619 4497 unget'dbr
640 4426 698 4479 dmi
717 4427 827 4481 Monate
849 4427 921 4481 nach
947 4427 997 4481 der
1014 4428 1076 4481 hier
1094 4428 1269 4498 gemeldeteu
1291 4427 1376 4482 Walrl
1402 4430 1474 4483 uaclr

165 4506 356 4579 Georgeuthnl
378 4506 569 4582 iibersiedelte.

230 4583 245 4627 ³
266 4586 302 4643 So
323 4596 446 4659 genennt
468 4604 522 4641 ron
543 4585 686 4641 Bembord
707 4604 761 4641 von
784 4584 936 4641 Clairraura
