3625 5192
638 302 727 358 Briele
745 303 865 358 Matiane
883 304 943 358 208.
961 304 1021 362 tot.
1451 303 1510 393 283.

201 451 314 517 nuncia
341 451 431 538 pilis,
462 449 565 533 lnquit
595 450 770 518 Lucanus¹.
825 451 913 536 Opus
942 451 1039 532 igitur
1064 451 1124 516 erit
1151 450 1296 532 ingenio,
1333 456 1367 514 ot
1393 451 1507 517 Gothis

200 551 373 618 Gudianis²
393 558 580 616 occurratur.
623 553 759 619 Venlent
783 553 836 618 die
863 553 955 619 loris.
997 552 1125 618 Utinam
1148 553 1242 617 ambo
1264 551 1375 618 inanes
1396 551 1507 638 paleas

200 660 404 738 reportarent.
446 655 606 719 Convrrcet
621 662 771 738 patronus
786 663 892 720 noster
906 663 1089 721 executores
1100 663 1132 721 et
1143 656 1296 720 severitas
1309 655 1507 720 adhibeatur.

200 758 429 822 Examinentur
449 758 713 841 proseutaoionas,
733 765 910 822 scrutentur
931 756 1068 838 undique
1088 776 1184 822 cause
1204 759 1507 841 procrastinationis,

200 867 235 924 ut
250 860 301 924 vel
319 862 412 925 ambo
428 859 612 924 reiioiantur
628 858 660 923 in
677 879 815 924 mensem
835 859 1010 942 proximum
1027 859 1195 924 Octobrem
1216 858 1307 940 (quia
1320 860 1507 942 September

201 961 341 1028 Romano
364 960 462 1026 servit
492 959 657 1044 pontifici),
683 961 733 1025 vel
760 962 870 1025 saltem
900 961 1009 1026 Lotius
1036 960 1215 1040 differatur,
1247 960 1274 1024 si
1300 960 1367 1024 ficri
1394 966 1506 1044 potest.

202 1063 271 1127 Nou
291 1062 418 1142 dubito,
440 1063 515 1146 quin
536 1062 657 1128 iudices
674 1063 737 1128 sint
756 1063 862 1128 infesti
887 1059 1043 1128 Gudianls
1063 1069 1096 1127 et
1116 1083 1177 1144 ego
1196 1083 1257 1126 non
1279 1064 1336 1128 beo
1358 1070 1506 1146 peterem,

202 1165 261 1229 nisi
287 1165 522 1249 conspirassent
548 1173 579 1228 et
604 1164 735 1230 occultis
755 1165 918 1230 fraudibus
939 1171 1003 1228 tam
1025 1174 1169 1229 senatum
1191 1185 1284 1247 quam
1306 1185 1356 1228 mc
1377 1165 1506 1230 circum-

201 1266 382 1332 scriberent.
424 1267 529 1332 Morus
554 1267 601 1331 ait
628 1287 662 1333 se
688 1268 795 1332 omnia
820 1285 929 1346 nosse,
957 1287 1018 1350 que
1039 1285 1059 1330 a
1080 1287 1129 1331 me
1150 1268 1270 1351 scripte
1288 1267 1360 1330 sint.
1402 1266 1508 1348 Signi-

201 1368 299 1433 ferum
322 1368 456 1433 dixisse:
478 1368 615 1449 „Paroat
636 1368 712 1434 mibi
735 1369 909 1434 dominatio
932 1376 1046 1444 vestra,
1069 1377 1199 1452 paratus
1223 1387 1291 1433 sum
1314 1368 1506 1434 vobisobse-

201 1471 290 1552 qui“.
334 1471 400 1536 llec
425 1471 531 1535 iactat.
574 1471 639 1536 ileo
667 1470 743 1534 mibi
767 1471 893 1535 Nasus2
919 1471 1050 1535 comiter
1075 1470 1231 1536 salutatus
1257 1470 1385 1535 detexit.
1435 1469 1506 1533 Non

201 1571 311 1637 credat
341 1572 462 1636 amicus
497 1580 603 1645 noster
636 1579 701 1636 tem
737 1571 871 1656 perditis
909 1571 1125 1637 nebulonibus.
1177 1571 1316 1638 Gudiani
1349 1582 1438 1651 sunt,
1475 1579 1508 1634 ut

188 1674 379 1738 soromatlm
405 1693 516 1754 agam,
543 1674 602 1738 boc
629 1681 691 1753 est,
726 1673 833 1739 hostes
861 1673 1091 1757 archiepiscopi
1121 1681 1152 1737 et
1177 1673 1376 1741 fraudatores
1411 1673 1507 1738 curie.

204 1775 342 1839 l’rinrum
373 1781 572 1858 presentatus
598 1783 666 1840 arat
694 1774 934 1840 archidiacono:
968 1774 1131 1860 preposito
1164 1775 1232 1840 sive
1261 1775 1399 1840 officiali.
1447 1775 1508 1839 De·

202 1878 280 1942 rasit
308 1876 447 1960 sigillum
476 1884 507 1942 et
534 1877 566 1941 in
594 1877 690 1941 aliaru
712 1875 853 1940 chartam
875 1878 1050 1958 transtulit,
1078 1876 1134 1941 sed
1157 1876 1247 1941 clam.
1290 1877 1413 1943 Desunt
1434 1897 1504 1961 pro-

202 1979 359 2044 bsciones.
392 1978 473 2042 -Non
496 1978 572 2042 vidi.
615 1978 730 2042 Rumor
749 1985 806 2044 est.
850 1978 988 2043 Videant
1007 1986 1198 2043 executores.
1239 1966 1400 2062 ¹rlnrpbora
1420 1979 1507 2061 sepit

201 2078 339 2158 institui,
373 2087 517 2145 currente
549 2087 617 2145 rota
647 2101 702 2144 cur
733 2099 843 2147 urceus
874 2081 983 2146 exiti?
1023 2079 1095 2145 Non
1130 2088 1235 2145 tamen
1268 2080 1326 2145 bec
1350 2080 1418 2144 filix
1445 2081 1508 2144 ullo

202 2183 393 2246 mansuescit
413 2177 548 2246 aratr04.
590 2182 625 2246 ln
645 2183 725 2247 freta
745 2182 818 2246 dum
839 2181 927 2246 fluvii
940 2185 1094 2263 current⁵‚
1116 2201 1241 2266 semper
1256 2183 1334 2247 mori
1350 2188 1509 2266 plorantur

202 2291 234 2348 et
266 2283 387 2349 l'allunt.
435 2283 627 2349 Cohibeatur
661 2284 760 2349 nimia
790 2286 941 2366 licencia,
973 2305 1013 2349 ne
1044 2286 1203 2368 quoslibet
1228 2286 1371 2351 incautos
1403 2286 1509 2369 oppri-

203 2392 298 2449 mant.
352 2361 557 2468 Colloquatur
586 2387 700 2450 berus6
730 2395 834 2451 noster
860 2405 929 2474 cum
955 2386 1082 2451 domino
1110 2387 1341 2471 saffraganeol,
1372 2388 1426 2470 qui
1456 2407 1508 2452 me

202 2496 288 2552 amat
313 2495 344 2552 et
365 2487 507 2554 lotianis
533 2487 659 2552 insidiis
685 2507 747 2553 non
774 2489 860 2553 lieret
885 2496 918 2552 et
943 2489 1107 2554 universos
1136 2488 1300 2554 Godiauos
1325 2489 1507 2554 detestatur.
1530 2492 1534 2501 '

201 2589 293 2668 Quod
327 2588 355 2654 si
384 2589 472 2654 nulla
500 2592 554 2653 ria
581 2589 691 2654 botius
720 2590 872 2654 retardari
902 2597 1020 2674 potest,
1053 2591 1110 2656 liat
1135 2591 1281 2656 voluutas
1310 2599 1429 2671 vestra,
1457 2593 1508 2655 cul

201 2691 401 2773 acquiescam
431 2690 660 2773 tranquillitate
699 2711 769 2756 mea
805 2699 978 2756 contentus.
1028 2693 1107 2756 Vale
1136 2700 1168 2759 et
1196 2695 1279 2758 vive.
1331 2693 1426 2759 bllror
1454 2713 1510 2758 cur

201 2793 350 2858 Birmosti
383 2793 426 2858 ad
455 2814 503 2858 me
539 2795 650 2859 literas
683 2802 815 2877 occupet
842 2794 1052 2858 llerebordns.
1102 2794 1209 2859 Hecue
1238 2795 1341 2859 fides?
1386 2795 1507 2860 Forsan

201 2897 385 2981 precipitem
420 2897 503 2980 rapit
537 2896 674 2979 impetus
706 2904 800 2978 atque
833 2895 941 2960 libido.
990 2897 1040 2959 Tu
1066 2905 1171 2960 nostro
1199 2896 1338 2961 Duronio
1372 2896 1509 2962 civiliter

201 2999 472 3065 commendabere.
519 2999 592 3079 Dio,
620 3018 659 3062 an
685 2999 777 3062 luerit
800 2997 987 3062 blusardusl‘
1017 3017 1087 3062 curn
1109 2998 1208 3063 botin.
1250 2998 1341 3064 Alius
1369 2998 1421 3063 bic
1452 3007 1509 3079 est,

201 3119 295 3183 quam
323 3101 508 3180 credebam,
533 3100 652 3166 lividus
676 3101 798 3165 scilicet
823 3107 854 3165 et
881 3100 1042 3183 impostor.
1084 3099 1198 3164 lterum
1222 3101 1292 3165 vale
1321 3106 1353 3164 et
1378 3100 1508 3182 ignosce

202 3202 326 3267 lenitati
346 3212 458 3269 nostre.
502 3203 584 3266 Nam
606 3202 788 3272 necessitas.
810 3210 844 3266 ut
864 3202 924 3266 bec
945 3204 1060 3286 raptim
1082 3202 1259 3283 scriberem,
1282 3221 1332 3267 mc
1353 3203 1486 3284 impulit.

271 3325 451 3373 Handscbriitl.
471 3326 550 3372 bart
571 3326 611 3372 ror.
623 3325 790 3372 salv-tas
797 3340 817 3370 r.
854 3323 930 3372 Gedr.
949 3325 973 3372 b.
990 3325 1025 3371 Τι
1045 3327 1068 3373 S.
1083 3325 1224 3373 124-125
1245 3335 1293 3374 voa
1302 3326 1413 3372 Fallacia
1431 3326 1507 3372 aliam

201 3395 237 3442 bs
253 3410 310 3442 mea
327 3401 467 3442 contentus.

271 3493 283 3521 ⁸
301 3500 335 3546 Ta
352 3501 485 3560 gothiania.
558 3495 570 3524 ⁰
587 3501 612 3548 11'
626 3501 659 3549 bl.

265 3722 275 3765 ¹
299 3727 403 3797 Lucan,
425 3729 568 3786 Pharsalia
587 3730 609 3798 1,
632 3730 658 3785 7.

265 3803 363 3880 ‘2'Vgl.
377 3808 422 3864 Br.
436 3810 492 3864 187
513 3810 540 3866 S.
554 3810 610 3864 262
632 3811 714 3866 Anrn.
730 3811 758 3864 3.

262 3882 396 3956 ³Horaz,
417 3889 538 3946 Deartc
560 3891 671 3962 poetica
690 3909 715 3947 v.
739 3890 825 3943 21-
833 3891 878 3946 22.

262 3963 275 4005 ⁴
298 3967 470 4044 PersiuslV,
493 3969 544 4025 41:
566 3969 628 4026 Non
649 3977 742 4026 tamen
764 3971 817 4026 ista
837 3970 894 4027 filix
915 3972 973 4027 ullo
995 3971 1162 4026 mansuescit
1180 3979 1277 4026 aratro

201 4127 220 4182 b
262 4013 716 4182 57ζὲΐὲῑ1,ᾹΘ“θῑῡ,607·Ῑ“
744 4053 816 4108 freta
840 4053 906 4106 dum
933 4051 1010 4106 fluvii
1038 4059 1160 4122 current,
1189 4054 1255 4106 dum
1284 4053 1426 4107 montibus
1446 4070 1506 4107 nm-

170 4173 176 4186 .
222 4145 306 4184 raee

264 4205 278 4247 ⁶
299 4208 363 4263 blan
384 4230 458 4267 muas
479 4213 551 4268 wohl
572 4229 607 4267 au
629 4213 682 4266 den
695 4213 794 4269 Dokan
806 4215 854 4268 dcs
868 4213 993 4268 Gotbacr
1004 4211 1335 4268 MatienstiitesGerhard
1347 4211 1505 4270 Manchalk

202 4289 237 4342 de
257 4287 432 4347 Goseerstedt
452 4293 570 4348 denken.

263 4364 276 4408 7
297 4368 401 4427 Paulus
422 4373 575 4428 Hutbeuer.

758 4504 958 4517 ——-——-—-Q
