3625 5192
300 320 354 378 980
483 364 494 381 .
584 295 587 300 ‚
684 322 944 413 (leschiclrtsquellen
963 328 1011 383 der
1029 324 1103 381 Prov.
1122 324 1245 382 Sachsen.

300 472 437 537 sudabit.
491 472 586 537 Pater
624 474 721 538 dicet:
759 474 836 550 Eum
870 475 958 555 volo,
994 496 1087 558 quem
1119 476 1286 541 Bartholus
1319 476 1462 540 voluerit.
1514 477 1608 541 Volet

299 579 404 638 autem
428 574 608 655 Bartholus‚
633 592 725 657 quern
750 576 867 640 Lotius.
910 578 964 641 Sic
988 598 1097 653 servus
1125 578 1226 641 maior
1249 578 1308 642 erit
1333 577 1470 643 domino.
1513 578 1608 643 Abba

298 677 382 740 servi
404 676 568 740 arbitrium
589 684 744 758 sequetur.
787 677 878 756 Quod
899 678 958 743 tibi
984 687 1016 745 et
1035 679 1176 744 Subiloni
1199 679 1320 761 placet,
1346 686 1376 743 et
1398 679 1513 744 rationi
1536 700 1607 745 oon-

298 784 483 842 sentaneum
512 786 559 842 est
587 786 621 842 et
648 778 724 843 mibi
752 799 875 862 quoque
901 780 1024 862 placet,
1053 788 1086 844 ut
1114 780 1337 845 Dietbmarus1
1364 779 1490 846 edificet
1516 784 1608 864 quin·

298 880 437 961 quennio
458 881 610 962 proximo.
653 881 721 945 Hac
742 883 812 963 lege
838 888 943 946 stante
963 903 1024 947 uon
1048 890 1096 947 est
1117 902 1258 958 necesse,
1288 889 1321 947 ut
1341 884 1452 947 vicarii
1472 885 1607 948 assenti-

297 990 399 1045 antur.
441 981 491 1045 Me
517 982 645 1046 domino
670 982 781 1047 domus
809 984 901 1047 salva
926 984 987 1048 erit
1014 986 1198 1064 conventio,
1224 986 1369 1066 quamvis
1395 1004 1502 1049 annua
1531 1006 1606 1069 pen-

297 1085 387 1148 sione
409 1085 533 1149 carebo.
576 1084 640 1149 Sed
661 1085 774 1166 equine
795 1092 827 1149 et
846 1085 1040 1149 commodius
1062 1092 1110 1150 est
1130 1106 1169 1149 ea
1190 1105 1297 1150 carere
1318 1104 1411 1168 quarn
1438 1087 1607 1152 lacultates

298 1205 386 1250 meas
416 1186 595 1251 edificando
621 1188 820 1268 profundere.
870 1187 1027 1265 Quocirca
1053 1207 1109 1252 vos
1128 1188 1236 1268 ambo,
1268 1187 1414 1252 Urbanus
1434 1196 1465 1253 et
1488 1188 1606 1270 Sobila

298 1288 539 1371 Dietbmariane
556 1288 711 1353 voluntati
727 1290 843 1354 favete.

378 1390 468 1455 Nihil
489 1391 566 1456 mibi
589 1392 761 1475 respondes
782 1391 823 1456 de
843 1390 924 1456 libro
946 1391 1175 1473 mysteriorum.
1218 1392 1281 1455 Cur
1297 1392 1442 1456 retardas
1460 1399 1605 1457 sanctum

297 1492 509 1557 sacrificium?
551 1494 673 1559 Petreio
694 1494 788 1561 dabis
811 1494 950 1576 precium
974 1493 1014 1556 ab
1036 1512 1073 1556 eo
1100 1494 1299 1575 postulatum.
1341 1494 1431 1575 Tibi,
1453 1494 1605 1579 quicquid

297 1595 489 1678 erogaveris,
512 1595 677 1659 bonafide
700 1596 840 1662 reddam.
884 1594 962 1661 Vale
983 1602 1016 1659 et
1033 1595 1131 1660 salve.

378 1696 438 1761 Vll
458 1697 533 1762 ldus
552 1697 683 1763 Sextilis
702 1697 856 1761 MDXlll.

366 1821 546 1868 Handsehristl.
568 1823 587 1869 1³
604 1822 652 1869 195
666 1823 708 1869 fol.
722 1820 801 1869 retr.

851 1912 1051 1920 ..n-*—

299 1964 382 2031 293.
403 1964 446 2031 ll.
469 1982 514 2031 an
536 1964 713 2049 Pyrrhus.
1128 1949 1387 2050 (decuriata.)
1419 1966 1555 2068 August
1570 1968 1603 2039 7.

366 2089 428 2142 blut,
447 2091 520 2137 sucht
538 2091 589 2136 den
606 2091 717 2149 Pyrrhus
735 2090 781 2135 mlt
799 2089 880 2135 rainer
895 2090 962 2149 Lago
982 2104 1010 2135 au
1025 2090 1178 2135 vorabhnon:
1198 2103 1225 2135 er
1243 2089 1277 2137 sei
1295 2090 1449 2149 gliiclrlioher
1468 2090 1547 2137 durau
1567 2094 1604 2139 ula

295 2158 405 2221 lilouin,
424 2160 468 2205 dor
488 2160 529 2206 dio
550 2174 629 2220 gegon
648 2160 692 2206 ilrn
710 2160 866 2217 gericbteten
883 2159 997 2219 Angrill'a
1016 2160 1091 2206 lnanm
1112 2160 1233 2206 arrsbalte.
1325 2166 1327 2170 ’

377 2258 454 2321 lano
476 2257 695 2340 Campego,
727 2256 830 2321 scribe
852 2255 967 2335 fiscali,
997 2257 1099 2322 amico
1123 2256 1253 2321 literar-ii
1275 2254 1412 2337 ordinis,
1442 2256 1603 2324 blutianus

295 2360 402 2423 Rutus.

377 2464 408 2526 S.
455 2461 617 2526 Sancitum
645 2468 693 2525 est
718 2461 750 2523 in
781 2460 906 2542 iegibus
931 2459 1141 2525 Romanorum
1168 2460 1286 2524 nullam
1314 2464 1505 2545 emptionem
1534 2464 1604 2528 sinc

296 2565 403 2646 precio
430 2583 499 2628 esse
528 2583 627 2645 posse.
677 2562 857 2626 Vendidisti
884 2563 1011 2627 tabulas
1036 2560 1224 2646 philosopho
1253 2563 1475 2629 instructrices.
1517 2566 1604 2630 Petis

292 2666 446 2749 precium.
494 2666 624 2747 Ernptor
651 2665 728 2729 dare
754 2665 898 2747 negligit.
947 2665 1013 2727 ltnr
1040 2665 1108 2728 eius
1136 2666 1180 2729 rei
1207 2684 1281 2746 ergo
1310 2666 1341 2729 in
1369 2667 1453 2729 caric
1481 2665 1605 2749 l'orique

295 2768 519 2851 labyrinthum.
566 2768 762 2832 Concurrunt
790 2768 876 2830 acies
903 2766 1117 2847 litigunoium,
1148 2766 1203 2831 sed
1230 2768 1452 2833 contenciones
1481 2777 1605 2833 vestras

295 2870 422 2933 diremit
444 2869 596 2934 inbibicio
618 2869 784 2953 pontilicis.
817 2867 925 2931 Habes
947 2867 1013 2931 litis
1034 2868 1209 2931 terminum.
1252 2867 1334 2944 Quid
1349 2852 1446 2950 igitur
1462 2871 1603 2935 animum
1640 2853 1644 2861 ⁴

295 2972 379 3035 curis
410 2973 500 3053 quasi
535 2979 650 3034 tortore
681 2970 832 3033 intestino
862 2968 1044 3033 excrutias‘l
1096 2968 1205 3031 linita
1236 2970 1449 3034 controversia
1479 2990 1604 3037 resume
1650 3000 1656 3009 ·

295 3074 393 3137 animi
409 3073 679 3155 tranquillitatem.
714 3076 754 3135 nt
769 3072 870 3135 dices:
893 3070 1035 3134 Precium
1051 3089 1112 3133 non
1133 3068 1234 3133 lrubeo
1286 3070 1338 3133 lus
1355 3080 1458 3136 tamen
1477 3074 1604 3156 collegii

295 3176 407 3256 babes,
428 3175 512 3258 quod
536 3194 595 3255 ego
618 3173 768 3254 dignitati
790 3180 842 3236 tue
863 3171 1039 3236 conducero
1060 3171 1196 3234 arbitror
1247 3172 1355 3253 ltaque
1379 3192 1435 3255 pro
1455 3174 1540 3238 lucro
1562 3176 1605 3239 eit

294 3298 440 3343 nouesse
457 3277 646 3341 multatum²
666 3276 771 3362 exilio.
814 3273 1166 3338 Cordussolnmvertit.
1209 3272 1359 3337 Proteus³
1376 3294 1451 3356 egre
1468 3278 1605 3341 sustinet

294 3382 443 3463 impetum
474 3379 686 3443 barbarorum.
729 3376 854 3453 Quanto
883 3387 915 3437 tu
946 3374 1068 3438 felicior·
1088 3383 1151 3438 turn
1183 3376 1356 3439 scribarum
1385 3377 1515 3443 auxiliis
1537 3387 1602 3443 tum

294 3482 434 3566 presidio
457 3480 594 3545 iudicum
618 3478 836 3543 confirmatus!
879 3477 967 3541 Vale.

376 3584 433 3646 Vll
456 3581 615 3648 calendas
635 3579 774 3660 Sextilis,
797 3579 866 3642 bern
887 3578 986 3643 llidns
1008 3577 1114 3642 dicere
1135 3578 1228 3643 volui.

365 3705 546 3753 Handschriitl·
556 3705 584 3751 F.
597 3703 647 3752 339
667 3705 707 3750 iol.
719 3702 829 3750 ¹214v-
838 3703 914 3749 ator.

850 3820 1050 3831 n———o—

294 3872 375 3943 294.
398 3870 442 3938 ll.
466 3888 511 3937 an
534 3869 712 3953 Potrojus.
1034 3924 1037 3931 ,
1134 3865 1389 3954 (anthelmo.)
1422 3870 1558 3954 August
1570 3874 1603 3940 7.

294 4019 298 4023 .
364 3983 425 4028 niue
443 3981 522 4029 findat
542 3980 674 4027 dusUrteil
693 3981 736 4027 des
751 3980 865 4039 Petrejus
884 3980 945 4025 ilbor
959 3978 1060 4024 'l'ilonin
1078 3978 1135 4023 hart
1155 3977 1205 4022 und
1225 3980 1337 4024 wilrrscht
1352 3978 1459 4027 Friodau
1478 3982 1603 4030 zwischen

293 4053 342 4099 don
364 4052 516 4099 streitburan
536 4052 659 4099 Dichteru
682 4050 774 4097 borbel.
812 4050 908 4096 Cordus
935 4048 999 4095 lrnbe
1024 4047 1079 4093 eino
1100 4046 1260 4106 gobiihreudo
1280 4048 1366 4095 liritilr
1386 4050 1469 4097 seinos
1487 4052 1603 4113 Eklogau

295 4124 417 4169 erbalton.
453 4122 610 4169 Sebliesslich
629 4122 713 4167 erteilt
732 4136 759 4167 er
776 4120 858 4179 oiuiga
878 4118 1097 4176 Biicheraultrilgu

323 4198 335 4225 ’·
374 4202 529 4266 Petreio
550 4221 607 4265 suo
628 4201 789 4265 Mutiauus
809 4199 918 4263 Rulirs.

357 4388 366 4429 ¹
392 4393 523 4448 Meietons
543 4394 624 4451 Titus
645 4394 749 4449 illarius
770 4411 824 4448 von
849 4392 958 4447 Mutiuu
979 4398 1108 4463 germunt

353 4468 366 4510 ²
386 4472 590 4545 Vgt.Br.271.

354 4549 368 4591 3
389 4553 451 4628 Vgl.
467 4552 513 4609 Br.
524 4554 582 4609 279
604 4554 631 4611 S.
644 4555 702 4609 369
724 4552 806 4611 Auru.
822 4551 848 4613 1.
