3625 5192
640 361 729 416 Bricle
747 362 866 418 blutians
885 361 941 414 lll.
962 361 1020 414 115.
1434 361 1485 416 lbi

176 511 338 576 infamiam
360 510 523 590 radicitus,
545 512 571 575 si
587 511 672 594 apud
687 511 746 574 luci
759 510 966 594 proseuclram
980 509 1153 575 modestius
1163 511 1276 591 egeris,
1300 508 1484 592 extirpabis.

174 614 342 696 Reliquisti
368 619 463 678 tetros
492 621 523 678 et
551 613 747 692 cerebrosos,
781 614 855 678 item
877 613 1084 678 adulacioncs
1105 613 1285 678 ralarlarnnr
1311 618 1343 676 et
1368 611 1485 693 litigio-

174 737 278 782 sorum
297 773 301 778 .
318 716 496 782 barbariem
528 715 695 798 uariosque
731 715 892 780 discurens
929 723 962 782 et
997 716 1122 780 labores
1158 717 1292 780 toleratu
1327 713 1484 778 difficiles.

174 819 282 883 Habes
304 819 412 884 herum
437 818 605 884 lranrananr
629 827 661 884 ct
682 814 822 898 facilem,
852 817 952 883 liubes
974 819 1087 897 libros,
1109 819 1227 902 poteris
1246 819 1325 882 satis
1346 817 1485 881 abunde·

174 939 235 1003 que
259 920 408 1005 prolicere
427 927 459 986 cl
481 921 599 1005 pariter
620 920 818 986 auditoribus
837 921 997 1005 prodesse.
1039 922 1141 1002 „Orio
1163 919 1357 1004 prodimur,“
1380 919 1485 1000 inquit

174 1023 320 1105 Plinius¹
362 1023 428 1087 Fae
450 1023 562 1104 igitur,
590 1029 624 1088 at
652 1024 683 1088 in
712 1029 802 1088 antro
823 1024 1026 1104 sacrarioque
1045 1023 1185 1088 Vallensi
1213 1022 1293 1086 nibil
1319 1041 1401 1103 agas
1428 1028 1498 1099 ant

173 1125 263 1190 dicas
283 1126 344 1190 nisi
371 1131 513 1190 sarnetum
542 1133 574 1190 et
600 1125 684 1208 qaod
712 1127 743 1189 in
772 1127 869 1191 decus
895 1131 926 1190 ct
952 1125 1085 1208 gloriam
1112 1124 1213 1190 cedat.
1260 1124 1371 1206 Neque
1399 1124 1482 1189 enim

173 1247 299 1310 semper
317 1227 442 1293 latebis.
487 1229 520 1292 ln
543 1228 644 1293 luceru
667 1228 793 1293 tandem
815 1228 959 1312 prodibis
971 1229 1093 1294 tuturus
1113 1227 1287 1293 adsumtae
1309 1234 1341 1292 ct
1360 1226 1484 1292 celeber
1523 1241 1532 1261 ·

173 1330 383 1414 iurisperitus.
426 1330 518 1396 Naue
540 1340 664 1414 tempus
686 1337 747 1409 est,
772 1337 805 1395 nt
825 1330 968 1414 presidia
991 1349 1169 1415 compares,
1197 1329 1312 1412 quibas
1334 1348 1484 1394 exerceas

173 1433 346 1498 tribunalia
372 1439 402 1497 et
427 1433 608 1515 pecuniosis
635 1433 695 1500 lori
717 1433 885 1499 latratibus
914 1451 1070 1498 occurras.
1112 1433 1181 1514 Ego
1209 1440 1240 1497 tc
1266 1451 1393 1498 urouere
1421 1450 1483 1496 uon

175 1534 338 1614 desinam,
373 1535 466 1600 modo
496 1553 611 1620 parcas
646 1535 726 1602 bene
756 1537 905 1602 mouenti.
951 1537 1002 1600 Ad
1026 1555 1167 1602 nonnam
1196 1535 1291 1601 relirn
1319 1553 1482 1618 excerpas,

173 1657 235 1702 non
257 1637 393 1702 contuse.
436 1639 489 1702 Sic
510 1638 691 1704 memoriam
707 1639 1011 1704 lircieslenatiorenr.
1054 1639 1137 1704 Nam
1151 1639 1377 1702 annotaeioaes
1397 1644 1482 1702 recte

173 1740 385 1822 demeuseque
411 1741 555 1805 tenacius
586 1740 702 1806 luerent.
758 1741 877 1824 Accipe
906 1761 1060 1806 summam
1094 1741 1194 1805 nostri
1228 1741 1396 1825 propositi,
1424 1739 1481 1805 secl

173 1861 242 1906 cam
266 1849 299 1906 ut
319 1861 442 1908 sacrum
464 1841 639 1926 palladium
655 1843 865 1910 interarcana
879 1843 1049 1910 custodias.
1077 1844 1141 1907 Sex
1162 1843 1270 1927 capita
1291 1843 1480 1906 constituas:

173 1945 316 2022 rusticus,
339 1945 485 2018 urbanus,
506 1945 607 2024 miles,
630 1945 740 2026 liscus,
766 1953 881 2028 rostra,
903 1945 1063 2011 sacerdos.
1105 1945 1163 2010 llis
1183 1945 1317 2010 rubricis
1338 1944 1482 2026 singulos

173 2046 413 2111 commentarios
437 2046 571 2112 dicebis.
616 2047 650 2113 ln
673 2049 822 2114 rusticum
844 2067 883 2114 ea
904 2048 1121 2127 referamnus,
1141 2067 1203 2128 que
1223 2047 1312 2129 leges
1332 2054 1365 2112 et
1385 2047 1481 2111 histo

173 2149 229 2214 rici
252 2155 283 2212 el
303 2149 553 2230 grammaticior
575 2154 699 2215 veteres
720 2157 752 2216 et
773 2151 848 2215 aovi
869 2156 1013 2215 auctores
1034 2148 1164 2215 tradunt
1183 2148 1225 2213 ad
1247 2169 1311 2214 rem
1333 2149 1481 2214 rusticani

172 2251 378 2334 pertinencia.
428 2251 587 2316 Examina
612 2251 720 2318 tllulos
747 2253 862 2334 legum.
910 2253 979 2317 Huc
1005 2253 1143 2336 pertinet
1167 2251 1293 2316 rubrica
1317 2249 1358 2315 de
1383 2251 1482 2316 tirndo

173 2353 324 2417 instructo
346 2359 377 2417 ct
397 2359 508 2419 cetera.
550 2354 680 2420 l'ensita
703 2354 851 2421 historias
872 2355 1030 2426 Suetonii,
1049 2354 1148 2434 Liuii,
1170 2352 1297 2418 Valerii.
1336 2353 1483 2419 Invenies

173 2455 204 2518 in
228 2455 414 2537 Tranquillo
445 2456 533 2538 leges
558 2456 725 2540 plurimas,
753 2457 785 2522 in
813 2457 905 2522 Livia
932 2457 1185 2540 appellaeiones,
1215 2457 1246 2520 iu
1266 2456 1393 2521 Valerio
1420 2477 1481 2521 uon

172 2576 275 2640 panca
296 2558 336 2621 de
359 2558 494 2641 privatis
515 2565 546 2623 et
568 2559 705 2642 publicis
729 2560 865 2625 iudiciis.
908 2560 969 2625 Per
997 2559 1221 2642 grammaticos
1242 2559 1385 2639 intellige
1406 2560 1484 2624 ller-

172 2659 320 2722 oaldarn²
341 2665 372 2725 et
394 2661 583 2728 consimiles.
625 2661 716 2739 erod
739 2663 808 2726 dixi
829 2662 868 2727 de
891 2663 1024 2740 rustico,
1058 2661 1141 2726 idem
1164 2660 1326 2745 intelligas
1352 2661 1393 2726 de
1413 2662 1483 2726 reli-

172 2761 243 2843 quis
264 2762 429 2846 capitibus.
471 2763 563 2827 Nunc
588 2765 663 2846 quia
685 2765 809 2829 titulum
825 2765 981 2849 explanas
1002 2763 1043 2829 de
1060 2764 1319 2830 vitaclericornm
1342 2753 1484 2845 honesta,

172 2865 277 2944 cogita
299 2864 358 2928 tibi
380 2865 413 2928 in
436 2885 530 2930 manu
546 2867 794 2933 essemateriam
812 2867 1041 2933 sacerdotalem
1062 2877 1158 2950 atque
1178 2867 1252 2933 ideo
1272 2867 1387 2948 collige
1402 2867 1482 2932 seila

172 2965 310 3046 dignael
320 2966 453 3032 collecta
462 2967 615 3032 truncam
639 2970 906 3050 commentarium,
929 2969 1330 3035 enititulascstsacerdos.
1362 2969 1485 3048 Querin,

173 3067 481 3148 quiddemconsilii.
523 3070 695 3138 ltaseutio.
738 3072 967 3156 Repeteritam
979 3071 1185 3155 GregoriilX
1205 3070 1484 3156 apadPlatinanr³

173 3188 305 3253 eamque
339 3170 378 3235 de
407 3173 504 3237 verbo
531 3172 723 3239 adverbum
753 3176 852 3240 recita
873 3175 1040 3258 discipulis
1067 3183 1164 3256 utque
1187 3174 1353 3240 deeribant
1375 3173 1482 3240 facito.

172 3271 297 3336 Deinde
322 3273 420 3338 vitam
435 3275 607 3340 Alexandri
620 3275 675 3356 lll,
697 3297 769 3341 mox
791 3277 967 3344 innocentii
991 3277 1047 3357 111,
1070 3278 1145 3343 item
1169 3276 1367 3342 Houoriilll.
1406 3277 1483 3341 lsto-

172 3392 240 3437 rum
261 3375 351 3474 'enim
380 3375 562 3460 pontificum
592 3379 709 3444 scrinia
743 3380 929 3464 compilarit
954 3379 1171 3445 Raimuadus⁴
1197 3400 1235 3446 eo
1261 3381 1332 3446 loci.
1381 3381 1482 3445 Crede

172 3474 264 3557 mibi,
290 3477 317 3542 sl
342 3477 373 3542 in
401 3497 457 3543 sex
482 3479 635 3562 primaria
661 3483 768 3566 eapite
793 3483 945 3548 lectiones
980 3493 1050 3548 tuas
1079 3483 1192 3568 partiri
1218 3482 1356 3547 uolucris
1386 3481 1481 3563 idque
1540 3493 1543 3496 ’

171 3577 461 3660 seduloeurarcris
482 3580 547 3647 lore
568 3589 601 3648 ut
623 3602 715 3648 nemo
734 3582 890 3650 habeatur
912 3591 944 3650 te
964 3585 997 3650 in
1018 3586 1086 3650 iure
1107 3592 1137 3651 et
1159 3585 1246 3650 civili
1267 3591 1298 3649 et
1318 3585 1482 3668 pontilieio

172 3681 312 3762 peritior,
332 3683 505 3763 preclarior
525 3691 580 3749 aul
597 3687 701 3768 magis
723 3687 864 3752 eximius.
909 3688 989 3752 laris
1000 3689 1085 3752 enim
1097 3688 1232 3770 peritum
1254 3695 1286 3752 te
1307 3687 1481 3752 ostentabis

172 3782 266 3847 aunis
286 3785 499 3866 sequentibus.
542 3787 609 3852 lloc
631 3790 673 3852 sit
695 3789 855 3872 negotium
878 3798 909 3854 et
930 3791 1032 3853 ocium
1054 3796 1155 3867 turnu,
1179 3790 1209 3854 in
1232 3789 1281 3854 bis
1301 3809 1429 3854 somnus
1450 3798 1482 3855 et

169 3883 284 3965 uigilia
306 3895 505 3970 reponantur.
550 3889 602 3954 liii
631 3891 714 3972 boni,
736 3911 828 3974 quam
852 3894 1002 3976 pinguem
1030 3899 1061 3956 et
1087 3893 1206 3956 lantani
1234 3900 1265 3956 et
1291 3893 1422 3957 divitem
1450 3899 1481 3956 et

172 3985 372 4068 splendidam
394 3993 557 4055 aratoriam
580 3995 806 4078 congregabis.
836 3995 861 4057 si
885 3996 988 4078 prisea
1011 4015 1080 4058 cum
1103 3995 1296 4075 rceeulibus,
1322 3997 1482 4060 teutonica

242 4089 253 4116 ³
272 4097 305 4143 le
324 4099 394 4146 trade

172 4215 372 4227 ———..-.

235 4288 245 4330 ¹
269 4293 387 4369 Plinius,
410 4293 600 4370 Panegyricus
613 4298 658 4358 89,
706 4318 708 4322 ·

233 4368 247 4410 ²
268 4374 331 4444 vgl.
352 4375 443 4430 liutill
467 4377 492 4433 S.
506 4380 543 4430 uo
565 4379 646 4435 Anni.
660 4382 685 4435 ⁸2.

233 4447 247 4491 ³
269 4453 332 4525 vgl.
354 4453 399 4511 Br.
413 4458 448 4509 12
471 4457 496 4512 S.
512 4459 546 4512 ln
566 4460 646 4514 Auru.
660 4462 685 4516 2.

171 4611 195 4667 G
233 4527 441 4668 ⁴Rai¹rpuudns
467 4557 518 4593 rou
550 4539 718 4597 Pennaiortc
748 4528 879 4598 ueriusstc
908 4563 953 4598 nur
983 4546 1060 4600 1234
1084 4547 1128 4602 llic
1156 4549 1481 4624 Decretaicnsammluug

198 4628 293 4684 regors
327 4649 362 4670 a.
