3625 5192
312 350 365 406 252
650 363 654 373 '
683 353 942 423 Gesehicbtsquelleu
960 353 1010 409 der
1028 353 1103 412 Prov.
1122 353 1244 408 Sacbsen.

313 501 432 566 lintheo
455 487 575 582 restes,
596 501 715 566 candor
736 503 892 583 corporis,
914 502 977 566 nisi
996 487 1086 566 meus
1106 500 1148 565 ab
1171 501 1328 581 avaricia,
1351 501 1516 585 superbia,
1537 521 1622 572 arro

313 604 431 684 gaucia
453 604 637 685 cunctisque
658 603 795 684 flagiciis
817 606 982 688 purgatior
1002 603 1155 668 ascendat
1176 605 1207 668 in
1230 604 1330 668 celum
1352 613 1384 667 et
1405 604 1539 685 pedibus
1562 612 1622 667 ter-

315 725 407 769 renas
427 705 620 789 cupiditates
641 717 777 788 premat,
805 713 839 769 ut
859 706 1022 788 eleganter
1043 706 1160 770 cecinit
1179 705 1330 770 Eobauus
1352 715 1445 789 poeta
1465 709 1621 786 egregius.

315 807 424 871 Celum
446 809 477 872 iu
501 809 622 872 ratione
644 817 691 872 est
713 817 745 872 et
766 809 926 891 sapientia
948 815 980 872 et
1001 808 1033 872 iu
1055 809 1171 872 virtute
1188 827 1316 889 reguum
1326 809 1348 886 1,
1371 817 1404 869 ut
1423 807 1526 888 iuquit
1547 827 1622 890 apo·

313 907 420 975 stolus.
460 910 640 974 Aunotasse
671 918 700 972 te
728 910 821 974 eredo
851 911 937 993 apud
966 909 1122 974 Plinium²
1148 910 1314 974 iuniorem:
1345 909 1422 974 deos
1447 909 1533 992 ipsos
1560 927 1623 980 nun

317 1018 387 1082 tam,
410 1011 567 1076 accuratis
596 1011 795 1075 adorantium
819 1012 966 1095 precibus
994 1032 1093 1094 quam,
1109 1011 1293 1076 innocentia
1320 1018 1352 1075 et
1371 1019 1513 1076 sauctate
1535 1009 1627 1075 letari

315 1113 546 1194 gratioremque
568 1114 726 1190 estimari,
754 1115 806 1195 qui
828 1115 969 1179 delubris
995 1134 1101 1178 eorum
1129 1133 1238 1196 puram
1265 1121 1448 1193 castamque
1478 1123 1626 1195 mentem,

315 1233 408 1294 quam
431 1216 484 1295 qui
507 1215 692 1298 protritum·
713 1234 839 1280 carmen
863 1216 1013 1281 intulerit.
1056 1216 1140 1292 Quid
1151 1216 1273 1280 multa?
1314 1214 1426 1280 lnedia
1446 1215 1626 1280 voluntaria

315 1314 406 1381 uobis
422 1315 612 1381 Christianis
630 1337 686 1400 pro
704 1319 806 1381 cicula
830 1329 891 1382 est:
915 1326 1076 1382 eastratet
1087 1327 1190 1382 castos
1206 1318 1304 1382 tacit·
1332 1316 1505 1396 Pliniustll
1525 1318 1626 1380 maior

314 1417 406 1482 dicit:
430 1418 625 1495 „utilissima
647 1420 859 1504 temperantia
881 1421 912 1483 in
935 1419 1045 1484 cibis.“
1087 1419 1250 1483 Cornelius
1265 1419 1396 1484 Celsus³
1417 1425 1507 1500 putat
1525 1418 1622 1482 athle-

315 1521 437 1584 tarumb
459 1519 547 1585 eibos
559 1519 650 1586 uobis
667 1541 735 1586 esse
749 1541 971 1604 supervacuos.
1013 1522 1123 1585 Placet
1144 1521 1219 1584 mibi
1235 1517 1621 1604 disputatiorflteror'ryui

315 1630 423 1686 contra
446 1623 640 1688 luviniacum
664 1623 704 1688 de
717 1625 855 1702 ieiuniis,
875 1633 1057 1688 nontamen
1073 1624 1249 1707 persuadet,
1271 1631 1305 1686 ut
1325 1641 1439 1705 corpus
1460 1641 1622 1687 macerare

316 1724 411 1787 velim
433 1726 613 1808 caeoclrylis
629 1736 662 1790 et
683 1726 806 1806 frigidis
827 1726 917 1791 cibis.
960 1726 1044 1807 Lege
1055 1725 1250 1789 sentenciam
1261 1724 1408 1788 Beroaldi
1431 1746 1492 1789 uou
1515 1725 1620 1807 procul

278 1887 284 1898 ,
314 1845 334 1888 a
354 1825 416 1890 liue
433 1827 569 1908 Apuleli.
612 1829 691 1893 Eam
707 1837 817 1894 teneas
840 1835 948 1911 utpote
964 1828 1210 1892 saluberrimam.
1246 1826 1384 1891 Valeant
1404 1825 1621 1909 hierophanta

313 1927 573 2010 ltlerodidascali‚
600 1931 854 2014 arctophylaca,
886 1930 992 2008 bardi,
1023 1929 1182 2012 druydes‚
1212 1928 1484 2010 gymnosophiste‚
1522 1929 1619 2009 magi,

313 2027 524 2112 Pythagorici,
538 2031 637 2106 Indei,
650 2031 771 2114 Cynici,
788 2031 945 2097 cucullati.
987 2029 1064 2094 Mihi
1078 2031 1167 2094 cibus
1177 2029 1344 2094 delicatior
1358 2050 1419 2094 uou
1432 2030 1531 2109 obest,
1542 2031 1621 2111 quia

314 2131 484 2215 subiugavi
508 2142 541 2198 ut
564 2133 664 2198 bouus
684 2133 890 2217 philosophus
909 2134 1024 2198 rationi
1038 2132 1215 2216 appetitum
1234 2143 1266 2196 et
1283 2133 1350 2196 scio
1369 2131 1495 2195 mundis
1516 2130 1623 2194 omnia

314 2233 449 2298 urnuda⁴
471 2242 503 2298 et
524 2254 704 2317 quanquam
725 2255 786 2299 uon
801 2234 843 2298 ad
860 2235 1067 2318 prescriptum
1082 2233 1320 2317 supersticionis
1343 2234 1495 2298 ieiunium
1519 2253 1620 2313 servo,

314 2334 430 2399 nullius
458 2346 563 2400 tamen
590 2337 735 2401 monachi
764 2337 917 2418 l'rugalior
943 2356 1053 2401 mensa
1081 2355 1176 2416 quam
1204 2344 1319 2400 nostra.
1366 2335 1445 2399 Esse
1471 2335 1563 2415 libet,
1589 2345 1622 2400 ut

313 2437 428 2503 rivam.
470 2438 562 2503 Addo
586 2429 713 2504 verbnm
736 2448 820 2503 tuum
844 2439 969 2503 dieceta
990 2457 1084 2521 grece
1110 2437 1259 2500 scribitur
1284 2429 1447 2509 διοικήτης,
1474 2457 1619 2520 procura-

314 2545 410 2603 torem
433 2540 600 2621 siguificat.
644 2541 823 2606 Notandum
846 2547 909 2620 est,
936 2551 1054 2621 quanto
1078 2539 1109 2603 in
1131 2559 1235 2603 errore
1258 2547 1421 2604 versentur
1447 2539 1622 2623 iurisperiti

314 2639 432 2704 indocti
471 2650 502 2706 et
536 2651 735 2724 arrogantes,
772 2645 825 2724 oui
857 2640 1020 2724 syndicum
1058 2651 1172 2704 rocam
1200 2650 1441 2723 ‘procuratorem
1480 2640 1619 2722 collegii.

313 2733 451 2814 Σύνδικος
479 2735 639 2817 domoras:
673 2747 846 2808 communis
872 2753 997 2808 curator
1021 2744 1090 2807 slve
1116 2744 1202 2806 curie
1229 2743 1298 2807 sire
1321 2743 1539 2806 universitatis
1566 2753 1622 2806 aut

315 2865 440 2929 pagane
463 2855 518 2909 aut
542 2847 648 2911 civilis
674 2856 729 2910 aut
759 2847 983 2912 ecclesiastico.
1032 2845 1132 2908 Pudet
1158 2865 1207 2908 me
1233 2846 1341 2929 sepius
1366 2845 1481 2908 erroris
1504 2863 1621 2924 eorum,

313 2948 366 3029 qui
389 2948 534 3012 doctores
555 2948 764 3030 appellantur.
809 2947 875 3026 Ego
899 2947 1047 3011 minimus
1071 2949 1299 3028 apostolorum,
1329 2946 1532 3024 novissimus,
1558 2947 1621 3029 ple-

314 3069 442 3131 rumque
470 3050 585 3136 tacitus
612 3050 727 3114 damno
758 3049 844 3140 mille
874 3069 977 3130 nugas
1000 3049 1197 3132 ineptiorum.
1244 3047 1325 3124 Sed,
1352 3067 1391 3111 ne
1415 3047 1620 3130 popularibus

314 3152 383 3216 istis
404 3151 595 3216 lectionibus
618 3160 649 3215 et
675 3161 815 3216 armento
843 3151 1010 3215 sciolorum
1036 3151 1230 3214 stomachum
1249 3150 1380 3230 faciam,
1408 3148 1563 3214 conniveo
1589 3156 1621 3212 et

313 3254 482 3317 salutarem
506 3253 551 3315 ori
573 3251 706 3336 digitum
728 3272 865 3336 oppono.
907 3252 992 3316 Malo
1012 3260 1115 3316 mutus
1135 3271 1313 3332 essequam
1335 3252 1461 3332 loquar,
1483 3270 1522 3315 ue
1543 3251 1620 3315 mibi

315 3374 492 3438 processum
514 3355 647 3431 mittant,
670 3363 703 3418 ut
725 3355 785 3435 ipsi
809 3355 984 3436 loquuntur,
1009 3353 1067 3417 boc
1086 3362 1151 3432 est,
1172 3363 1407 3434 programmata
1427 3361 1458 3416 et
1480 3351 1619 3415 libellum

314 3459 476 3520 l'orensem.
519 3455 617 3520 Multa
631 3457 795 3520 multorum
810 3463 915 3519 errata
927 3456 1065 3522 obelisco
1083 3455 1288 3534 contudimus,
1310 3456 1370 3538 syd
1386 3455 1600 3538 pythagorico.

384 3614 563 3662 Haudscbril'tl.
582 3615 602 3660 F
617 3611 666 3662 ³65
687 3616 726 3662 lol.
737 3611 840 3662 tsssr-
851 3615 928 3662 2351.

383 3751 395 3777 ¹
413 3755 501 3802 Hicta-
519 3755 651 3815 protritum
670 3756 696 3801 iu
716 3755 743 3802 P.
763 3755 876 3802 Doridis.
955 3739 968 3778 b
990 3755 1037 3802 l'ort
1056 3755 1108 3801 deas
1125 3755 1200 3802 libr-te
1219 3755 1250 3801 ia
1267 3771 1313 3800 rtttr
1329 3755 1399 3800 atillo
1417 3753 1557 3811 erkembar,
1575 3753 1620 3798 der

314 3827 369 3873 llest
387 3828 418 3873 ist
435 3828 478 3872 md
498 3825 619 3872 &ltrtdrac
640 3825 744 3871 bedeclrt.
825 3819 835 3846 ⁰
854 3825 907 3871 Nur
929 3826 1001 3886 dispu
1024 3827 1082 3872 ldsrt
1099 3827 1150 3872 siclt
1175 3827 1305 3884 cadenaco,
1337 3824 1377 3870 die
1389 3823 1523 3884 folgenden
1539 3823 1618 3869 Boclt·

313 3897 394 3944 malco
414 3896 469 3942 eiad
486 3897 530 3942 mit
548 3895 825 3956 &namtas-ebenoque

377 4151 589 4206 ¹1.K0riuthcr
600 4151 628 4220 4,
639 4151 685 4205 20.
729 4119 1130 4226 lPliniusfflanegyrieuslll.
1171 4149 1375 4223 ³Ce1sus1,1.
1416 4148 1618 4220 ⁴Titus1,15.

865 4391 1066 4399 ...η’-...η
