3625 5192
664 309 753 363 Briefe
772 309 891 363 Mutiaus
907 312 967 368 518.
986 312 1046 365 519.
1457 310 1509 364 183

201 456 278 526 tlt.
301 454 345 521 M.
365 474 409 523 au
433 458 567 530 Urban.
958 456 1091 541 (sorba
1111 460 1199 528 lblb.
1242 458 1381 539 dntang
1400 458 1508 541 lull.)

274 580 334 628 Mut.
357 582 490 642 boduuort,
514 584 570 633 dass
592 584 706 645 Petrojus
730 584 755 629 irr
774 584 836 631 Rom
860 582 931 629 nicht
954 584 994 630 die
1018 584 1121 643 rrbtigen
1141 584 1223 632 Mittol
1241 584 1269 631 in
1288 584 1333 631 dor
1351 584 1425 630 Haud
1442 583 1508 629 habu

203 651 254 697 und
280 651 447 712 beabsichtlgt
470 654 549 700 daher
573 654 612 700 l‘ilr
634 654 678 700 ihu
704 654 744 701 bei
762 654 864 701 Joharrn
883 654 1038 713 summertng
1060 656 1117 702 elue
1134 654 1233 705 Summe
1257 670 1287 702 zu
1310 655 1417 715 burgen,
1443 655 1507 700 auch

200 721 233 766 ist
256 736 283 768 or
305 723 413 769 darllbcr
436 724 602 783 ungohalten,
632 722 689 771 dass
716 725 761 770 der
783 724 983 783 Guorgorrthalor
1006 724 1058 770 abt
1080 726 1132 771 sich
1155 741 1206 772 von
1235 740 1324 771 nouam
1352 724 1398 770 mit
1425 724 1507 770 cinam

201 791 354 852 Wahrsagor
372 792 527 853 cingulasscn
548 794 598 840 und
617 794 747 841 Musardus
767 794 850 841 davon
872 794 955 841 nicbts
971 796 1096 854 gameldet
1114 796 1165 843 hat

282 900 418 966 Henrico
440 902 603 967 Urbano
625 902 786 967 Matianus
807 901 915 966 liuius.

282 1006 315 1065 S.
357 1002 528 1068 Miscentur
550 1005 614 1071 leta
635 1004 786 1069 tristibus.
831 1004 878 1067 ltu
900 1023 950 1067 res
969 1003 1109 1068 humane
1129 1011 1202 1069 sunt
1223 1004 1353 1085 lubrice,
1376 1012 1409 1071 ut
1430 1024 1508 1069 nun-

199 1123 292 1185 quam
313 1103 367 1169 diu
390 1106 503 1169 taciem
525 1125 620 1169 unam
641 1114 753 1190 pre'se
774 1106 887 1169 ferant,
930 1106 1019 1170 Obiit
1036 1105 1254 1189 Eytelvolphl.
1299 1106 1402 1171 Dolui.
1445 1106 1506 1171 De-

199 1206 427 1271 cessitDudol.
462 1208 552 1271 Sensi
567 1207 659 1272 bonis
679 1208 781 1271 literis
802 1206 974 1271 latendum.
1016 1206 1095 1272 Esse
1118 1216 1224 1271 tamen
1246 1226 1321 1289 egre
1342 1208 1506 1274 terendum

198 1328 322 1389 censeo,
343 1309 426 1391 qnod
444 1310 608 1375 Petreius³
629 1329 752 1374 suorum
776 1309 886 1373 lraude
908 1309 991 1374 male
1008 1309 1133 1374 habeat.
1166 1310 1229 1375 Oro
1244 1317 1284 1389 te,
1306 1312 1348 1374 mi
1368 1310 1507 1393 Urbane,

198 1412 274 1495 quid
305 1420 367 1491 est,
395 1412 478 1495 quod
508 1413 605 1475 frater
635 1412 764 1477 lactarit
790 1411 848 1475 hoc
870 1419 902 1476 et
925 1410 985 1475 hoc
1006 1412 1181 1477 obtinuisse
1202 1413 1344 1487 tratrem,
1364 1413 1439 1478 item
1462 1420 1508 1478 tot

198 1524 230 1580 et
259 1523 305 1580 tot
337 1534 450 1581 aureos
480 1514 592 1579 missos
623 1514 767 1591 Romam,
798 1513 825 1577 si
847 1502 950 1577 ‘tntum
981 1512 1014 1576 id
1041 1534 1158 1577 vanum
1180 1521 1237 1579 est.
1279 1514 1408 1580 Mentiri
1429 1516 1505 1598 quid

198 1618 331 1683 attinet?
383 1620 532 1681 rimarum
567 1624 616 1682 est
651 1615 780 1681 verbum
810 1614 962 1679 Matthei⁴
995 1616 1028 1679 in
1054 1614 1199 1679 eundem.
1246 1614 1294 1679 Tu
1322 1619 1507 1699 procurabis
1541 1662 1544 1667 -

197 1720 363 1803 pecuniam
396 1719 482 1803 apud
512 1720 674 1783 (lotionem
685 1720 709 1797 ⁵,
742 1718 842 1782 virum
870 1718 1074 1801 pecuniosum
1099 1725 1131 1781 ct
1157 1719 1303 1801 amicum,
1330 1717 1390 1783 hac
1416 1720 1504 1801 lege:

172 1820 293 1887 'Dicat
325 1821 505 1886 Hallensis⁶
536 1829 654 1886 noster:
688 1821 866 1903 „Domine‚
904 1820 986 1883 habe
1017 1820 1075 1883 tibi
1110 1821 1192 1884 hanc
1224 1822 1441 1905 syngrapham
1474 1828 1506 1886 et

195 1930 336 1989 mutuum
365 1925 407 2013 da
430 1922 553 1989 Petreio
581 1924 717 2006 egenti.“
770 1923 852 2003 Scio,
886 1921 1044 2005 expediet.
1100 1921 1183 1987 Nam
1216 1922 1307 1987 Corio
1340 1929 1504 1988 contentus

195 2026 257 2091 erit
278 2026 395 2091 tabulis
415 2026 595 2109 obsignatis
618 2032 649 2089 et
670 2044 777 2089 annua
798 2025 859 2089 sibi
882 2018 1018 2107 colliget
1033 2022 1101 2087 loco
1123 2043 1215 2089 usure
1234 2031 1267 2087 et
1287 2025 1390 2089 amico
1407 2026 1504 2107 grati-

198 2128 353 2207 ficabitur,
375 2129 542 2213 presertim
563 2126 738 2195 Osimundo
765 2126 1004 2209 interpellante,
1033 2126 1101 2190 viro
1130 2125 1312 2208 gratissimo
1338 2131 1369 2191 et
1393 2126 1505 2191 intimo

195 2232 355 2297 tamiliari.
404 2230 496 2309 Quod
520 2237 625 2295 autem
651 2229 793 2295 Thome⁷
819 2230 956 2294 narrasti
988 2229 1165 2309 negotium,
1196 2228 1299 2292 minus
1331 2235 1424 2312 (pace
1450 2238 1505 2293 tua

195 2335 313 2398 dictum
335 2334 391 2413 sit)
422 2333 583 2414 supienter
608 2334 720 2397 iecisti.
764 2332 919 2414 Nugatori
942 2330 1181 2413 linguacissimo
1202 2350 1265 2393 non
1287 2338 1355 2393 erat
1375 2332 1505 2397 creden·

195 2438 280 2500 dum.
321 2434 430 2514 Absit,
452 2440 486 2498 ut
508 2434 618 2499 Moro⁸
638 2435 690 2498 vel
709 2434 830 2499 Russo⁹
853 2432 1082 2498 feneratoribus
1106 2432 1290 2516 supplicem.
1333 2432 1404 2497 Non
1426 2432 1506 2497 dant

195 2546 335 2601 mutuum
365 2538 426 2601 nisi
457 2537 582 2601 rusticis
608 2543 638 2600 et
660 2536 825 2615 Duroniis,
855 2534 886 2597 id
910 2542 972 2616 est,
994 2534 1253 2616 simplicissimis,
1274 2533 1389 2615 quibus
1409 2534 1504 2600 l'acile

195 2649 244 2703 cst
265 2640 436 2721 imponere.
479 2637 586 2703 Preter
608 2640 665 2703 hec
685 2638 801 2709 omnia,
825 2638 867 2700 mi
887 2619 1026 2717 Urbane,
1047 2636 1215 2701 scriberem
1238 2635 1279 2698 ad
1302 2637 1420 2701 realia
1442 2658 1503 2702 non

196 2740 386 2821 iniucunda,
415 2740 584 2805 scriberem
615 2741 656 2804 ad
680 2740 842 2804 Sobanum
872 2746 903 2803 et
925 2738 1095 2819 Euritium,
1125 2738 1186 2803 nisi
1214 2738 1416 2803 festinarerw
1441 2739 1502 2803 Ne-

196 2844 388 2925 potianus10.
438 2842 543 2921 Miror,
581 2841 657 2924 qrrid
691 2842 828 2905 hominis
865 2840 907 2904 sit
940 2840 1161 2920 Musardus11;
1197 2841 1286 2904 norit
1319 2838 1502 2909 damnatum

193 2947 358 3027 magum¹²
387 2945 609 3026 supervenisse
642 2952 673 3009 et
702 2950 795 3009 tacet.
845 2942 929 3020 Quid
956 2942 1086 3026 prodest
1115 2943 1335 3021 sanctimonia,
1364 2943 1391 3007 si
1425 2943 1503 3008 talia

194 3048 263 3131 pati
296 3054 408 3131 potest.
471 3046 647 3131 Ridiculum
680 3055 729 3110 est
771 3046 834 3110 imo
866 3045 1080 3109 miserandum
1112 3046 1193 3110 adeo
1231 3046 1365 3128 turpiter
1396 3044 1503 3129 decipi

196 3151 357 3234 plurimos.
408 3150 546 3213 Tantum
573 3150 660 3212 valet
680 3149 879 3211 mendacium
907 3146 1114 3230 perditissimi
1141 3145 1322 3224 nebulonis,
1356 3147 1502 3211 vilissimi

193 3253 394 3331 eruscatoris,
417 3252 657 3336 prestigiatoris‚
680 3240 886 3329 circulatoris,
907 3249 1050 3330 sortilegi
1095 3248 1178 3313 Tota
1196 3248 1255 3313 hec
1273 3248 1360 3329 regio
1374 3249 1503 3313 4habet

194 3415 395 3422 ——ss—

256 3503 267 3547 l
289 3508 355 3578 Vgl.
376 3508 421 3563 die
445 3508 539 3563 Briefe
562 3508 617 3561 517
641 3526 666 3562 u.
690 3508 757 3566 518.

255 3584 353 3659 ‘²Vgl.
365 3588 412 3643 Br.
427 3588 483 3641 174
504 3588 531 3643 S.
544 3587 599 3641 247
622 3588 704 3643 Anrn.
717 3589 743 3643 3.
786 3589 853 3643 Mut.
880 3590 958 3643 hatte
985 3588 1030 3641 bei
1054 3588 1117 3641 dem
1139 3583 1295 3655 limpfauge
1322 3583 1371 3636 der
1397 3582 1501 3637 Todes·

194 3669 341 3723 nachricht
362 3669 590 3723 wahrscheinlich
613 3669 667 3723 fest
689 3670 772 3723 daran
794 3669 940 3741 gcglanbt‚
969 3670 1032 3723 dass
1053 3668 1191 3738 Pyrrhus,
1213 3666 1258 3719 eiu
1279 3663 1433 3734 Anhiiugcr
1452 3664 1502 3717 der

195 3766 285 3803 neuen
306 3748 557 3821 wissenschaften,
579 3749 624 3803 die
645 3750 779 3821 crlodigte
801 3748 886 3804 Stella
909 3749 1076 3804 bclrommen
1099 3748 1198 3801 werde.

169 3871 178 3886 .
254 3825 269 3867 ³
291 3830 355 3900 vgl.
368 3828 412 3884 Br.
425 3828 490 3883 511.

253 3904 267 3947 4
288 3908 531 3965 Wahrscheinlich
553 3912 602 3965 der
623 3912 651 3965 in
672 3912 718 3968 Br.
732 3910 789 3965 506
811 3920 951 3984 genannte
971 3910 1148 3965 Prokurator.

254 3984 269 4027 ⁵
290 3988 424 4061 sigillifer
440 3991 552 4046 Johanu
573 3992 757 4064 Slimmering.

257 4066 270 4107 ⁸
291 4070 385 4141 Georg
406 4070 546 4127 Osmunde
567 4090 621 4127 ron
642 4072 731 4127 Haila.
774 4074 828 4145 Vgl
847 4073 890 4127 Br.
903 4071 961 4124 242
983 4070 1009 4127 S.
1023 4068 1081 4122 318
1102 4067 1184 4121 Anm.
1196 4067 1223 4121 3.

257 4146 268 4189 7
290 4150 353 4222 vgl.
369 4149 482 4207 111364
505 4150 531 4208 S.
543 4152 580 4204 22
603 4154 684 4207 Anm.
699 4153 744 4210 10.

255 4226 270 4269 8
292 4232 456 4285 lianonikus
479 4232 576 4287 Morch
597 4234 624 4286 in
648 4232 749 4291 Gotha.
792 4232 962 4305 Vgt.Br.11
987 4232 1015 4286 S.
1029 4230 1063 4283 16
1084 4227 1204 4283 Aumd.

255 4306 269 4349 9
290 4310 385 4383 Georg
409 4312 502 4367 Rucss.
544 4313 607 4383 Vgl.
619 4312 732 4367 81144
754 4314 780 4368 S.
794 4314 851 4367 206
874 4314 955 4367 Anm.
972 4312 996 4368 l.

256 4387 285 4429 ¹⁰
306 4392 368 4463 Vgl.
390 4392 460 4446 iiber
480 4394 576 4447 dassen
599 4392 795 4465 Annesenheit
814 4396 844 4447 in
866 4394 959 4449 Gotho
985 4392 1110 4446 111518.

258 4467 284 4509 ¹¹
308 4472 414 4527 Lehrer
434 4473 472 4525 im
495 4474 608 4529 Kloster
629 4473 827 4545 Georgenthal.
869 4470 1064 4548 vgr.ss1.tst
1086 4469 1113 4525 S.
1125 4470 1181 4525 257
1205 4470 1287 4524 Anm.
1303 4470 1324 4523 1.

256 4548 284 4590 ¹²
307 4552 369 4626 Vgl.
390 4554 436 4607 dio
456 4554 704 4627 niichstfolgeudeu
727 4554 830 4612 Bricio.
902 4554 906 4558 ¹
