3625 5192
314 348 349 402 32
679 345 939 419 Geschichtsquellen
957 351 1005 404 der
1025 326 1098 404 Pror.
1119 347 1241 405 &choen

314 500 394 567 aaa
417 497 461 569 rr.
482 496 783 680 enhngleuffirgv.
796 454 1019 611 antemi.
1132 498 1368 584 (uolumen.
1390 499 1518 582 urnrgr.
1540 497 1620 566 zat

465 615 533 663 1180
581 611 602 660 7-
630 641 639 661 .
691 615 711 660 8
743 643 752 660 .
1577 637 1579 642 r

384 721 438 768 ttae
464 721 569 768 benutat
587 720 628 766 dle
641 719 762 779 jdnguten
781 719 894 768 Erfurter
914 721 1065 783 Ereignisee,
1089 738 1130 770 um
1149 725 1205 770 dem
1225 724 1341 771 t'rounde
1361 738 1391 770 zu
1415 722 1514 783 calpen,
1537 723 1618 770 nabin

313 792 472 852 boebmiitige
490 792 542 837 und
560 804 707 849 verwegene
726 791 873 837 Advocaten
892 791 939 838 wie
959 793 1092 840 Bobenatm
1112 795 1162 842 urrd
1182 795 1253 842 uude
1271 794 1424 841 aeltliesslieh
1441 795 1571 853 galangam

260 965 266 975 ,
393 889 622 954 Nouomnibua
637 894 755 972 pateat,
776 890 1044 954 tanturnseleetis.
1087 892 1120 956 Si
1133 893 1231 972 vales,
1249 894 1328 958 bene
1340 901 1395 956 est.
1438 891 1619 974 Egoraleo.

209 1047 213 1054 .
308 990 446 1077 Ἀγαμος
457 993 646 1072 Agamestor
654 993 672 1071 ¹,
684 988 776 1054 homo
787 992 990 1074 senrigrecus,
1003 993 1099 1058 mittit
1111 995 1152 1059 ad
1161 995 1292 1060 Baldum
1302 998 1324 1076 2,
1335 995 1428 1058 buius
1440 994 1489 1057 evi
1503 995 1618 1058 celebri

312 1097 397 1161 fama
418 1093 623 1173 causidicum,
642 1112 682 1157 ue
704 1102 822 1176 peccet,
844 1094 1119 1160 commonitionem
1142 1095 1224 1161 haue
1244 1117 1374 1180 gravem
1398 1115 1453 1180 per
1474 1097 1620 1178 exempla

312 1201 443 1264 duorum
459 1197 661 1260 rabularum³
681 1195 782 1279 prime
802 1195 924 1276 elaseie,
943 1196 996 1279 qui
1014 1217 1106 1280 pares
1120 1207 1213 1287 ‘erant
1225 1199 1352 1264 dicendi
1365 1201 1477 1281 gloria,
1500 1199 1621 1262 similes

312 1300 441 1384 ingenio
462 1305 494 1362 et
516 1297 671 1376 moribus,
693 1304 801 1380 utpote
822 1300 923 1378 fastu,
947 1300 1104 1375 avaricia,
1129 1302 1276 1385 perfidia,
1305 1302 1498 1374 temeritate,
1525 1301 1619 1366 male-

313 1405 405 1469 factis
426 1400 582 1464 notabiles
603 1408 634 1463 et
656 1399 782 1480 famosi,
808 1401 952 1481 quamvis
980 1403 1000 1464 a
1024 1404 1140 1486 populo
1168 1403 1298 1468 multum
1325 1403 1452 1466 honoris
1479 1423 1535 1486 pro
1562 1423 1619 1464 stra

311 1506 434 1586 utrique
455 1502 639 1566 celebritate
659 1502 834 1566 haberetur.
1354 1524 1358 1532 ·

392 1663 442 1727 Ad
464 1661 601 1727 uobilenr
624 1672 657 1725 et
678 1647 939 1726 audentissimum
963 1663 1112 1744 Baldum,
1142 1683 1181 1729 ne
1204 1665 1400 1750 importunus
1430 1666 1484 1730 liat
1506 1667 1618 1750 impor-

210 1751 221 1766 ⁹
312 1768 424 1831 tnuior.

512 1869 620 1950 Aegre
640 1867 739 1931 animi
760 1866 852 1950 turbe
872 1867 1042 1949 tranquillo
1064 1869 1177 1951 cedite,
1198 1871 1311 1936 falsum

513 1969 705 2034 Subrnoveat
726 1969 790 2033 veri
813 1968 913 2051 digna
934 1969 1042 2036 lavore
1063 1969 1150 2037 fides.

513 2072 581 2136 Nec
602 2071 712 2136 rabule
735 2079 871 2154 pergant
893 2073 1040 2137 tenebras
1062 2093 1235 2158 preponere
1260 2076 1330 2139 luci.

514 2175 580 2239 Nos
601 2182 778 2238 commenta
798 2173 856 2240 fori
878 2176 1024 2241 novimus
1044 2195 1115 2240 esse
1136 2196 1247 2258 nugas.

514 2278 578 2340 lruo
599 2275 720 2358 aliquid
743 2275 814 2340 lites
836 2277 1011 2360 insanaque
1033 2279 1146 2362 iurgia,
1168 2297 1320 2359 nummos,

514 2379 612 2443 lllulta
633 2388 739 2443 tamen
759 2379 885 2462 cupidis
905 2379 1024 2445 daurua
1047 2401 1218 2463 necemque
1239 2381 1370 2446 dabunt.

513 2482 556 2545 llt
576 2480 705 2546 sceleris
726 2481 846 2563 placuit
867 2483 983 2565 populo
1004 2483 1156 2548 damnare
1174 2483 1350 2548 Sinonem⁴

513 2583 668 2661 Quattuor
688 2603 707 2647 a
729 2583 873 2648 trabibus
893 2585 983 2650 triste
1005 2585 1157 2670 pependit
1178 2605 1265 2668 opus.

419 2672 421 2676 ¹
513 2687 669 2768 l'rnlirgus
690 2686 787 2750 exilio
808 2686 915 2751 latitat
936 2686 1108 2767 Catilina-l,
1130 2707 1186 2752 uec
1206 2707 1295 2768 uuus,

514 2789 576 2853 Sed
598 2789 783 2855 latratorum
804 2789 896 2853 turba
917 2790 1050 2854 molesta
1072 2791 1174 2855 simul.
1264 2803 1266 2810 ’

512 2891 621 2956 Laude
641 2910 735 2973 pares
755 2889 854 2967 fandi,
877 2892 1039 2974 titulisque
1061 2892 1214 2975 superbus
1236 2902 1268 2956 et
1288 2911 1374 2972 auro,

511 2993 547 3058 Si
568 2994 670 3058 scelus
690 2993 865 3074 addideris,
881 2995 1027 3084 ,Graecus
1048 3001 1178 3077 uterque
1198 2996 1266 3060 fait.

514 3097 610 3161 Aufer
631 3103 662 3161 et
683 3095 817 3160 insidias
838 3103 870 3160 et
890 3095 1027 3179 fraudes,
1050 3097 1159 3179 Baldo,
1180 3103 1340 3163 nocentes,

512 3201 675 3265 Sincerum
697 3200 795 3263 faeiat
815 3211 919 3283 poena
939 3219 1052 3264 severa
1073 3200 1183 3263 virum.

392 3361 510 3440 Habes,
531 3359 645 3440 quibus
666 3358 781 3424 linibus
802 3367 985 3425 coerceatur
1002 3358 1138 3424 audacia
1160 3368 1192 3425 et
1212 3359 1355 3444 perfidia.
1402 3361 1464 3426 Sue
1486 3361 1619 3442 quisque

312 3465 401 3529 faber
422 3471 470 3527 est
490 3463 622 3526 fortune.
663 3461 832 3543 Nunquam
853 3471 965 3526 sancta
986 3462 1173 3544 simplicitas
1194 3462 1305 3526 statuit
1324 3463 1457 3546 trophea
1477 3463 1618 3546 perfidie.

312 3567 427 3630 Audax
448 3565 490 3628 sit
510 3569 647 3648 oportet,
675 3562 785 3644 quiid
808 3564 963 3645 sequitur,
993 3561 1076 3645 quod
1098 3563 1225 3646 assequi
1246 3565 1315 3628 sine
1339 3565 1478 3647 periculo
1501 3567 1619 3644 nequit.

313 3668 415 3735 Nemo
436 3667 508 3750 plus
533 3664 666 3746 audeat,
693 3683 787 3745 quam
807 3677 842 3729 ut
867 3666 968 3747 possit
999 3665 1136 3730 tolerari.
1177 3665 1313 3743 Quando
1341 3667 1390 3730 ius
1420 3675 1451 3730 et
1478 3665 1620 3748 dignitas

313 3789 472 3833 sacrorum
494 3767 695 3844 subvertitur,
717 3767 817 3830 eciam
839 3767 1383 3848 quiesetsaluscivitatiaelevatur.
1425 3767 1620 3832 Documento

313 3878 386 3934 aunt
414 3870 548 3935 Siuoues
576 3877 607 3933 et
633 3868 788 3948 Catillne,
824 3869 877 3950 qui
906 3868 1060 3934 adversus
1087 3869 1253 3952 imperium
1285 3869 1439 3935 blartini6
1467 3871 1619 3935 nefariam

378 4098 385 4141 ¹
408 4102 472 4174 vgt.
494 4102 538 4157 Br.
552 4103 619 4158 375.

374 4179 389 4221 ⁴2
409 4182 553 4240 Herebonl
572 4202 596 4238 v.
616 4185 642 4237 d.
663 4181 807 4251 Marthen,
833 4183 884 4239 wie
907 4181 934 4236 in
957 4184 1005 4238 der
1025 4181 1207 4238 Franlrfurter
1227 4182 1409 4238 Handschrift
1430 4184 1499 4238 iiber
1518 4181 1621 4238 Baldua

314 4263 454 4319 vermerlrt
472 4265 582 4318 worden
603 4265 647 4320 ist.

374 4339 542 4416 ³Henning
563 4343 642 4398 Giide
664 4345 719 4396 und
741 4343 898 4409 Bobenzan,
919 4345 969 4398 wie
991 4345 1052 4398 eine
1074 4343 1245 4415 Raudglos'ae
1265 4344 1369 4415 beeagt

374 4421 388 4462 4
409 4425 567 4490 Bobeuzan,
592 4425 663 4479 nach
684 4427 733 4477 der
755 4424 935 4495 Randglosse.

375 4500 389 4542 5
409 4505 545 4576 Heuning
564 4504 652 4574 dee,
672 4505 744 4559 nach
765 4505 815 4558 der
835 4503 1014 4576 Randgloaae.
1055 4505 1093 4558 Er
1113 4505 1187 4558 lebte
1208 4505 1314 4559 damula
1335 4505 1363 4558 in
1382 4503 1566 4576 Wittenberg.

375 4581 389 4624 ⁶
409 4585 465 4640 Die
485 4585 650 4640 Herrsehaft
669 4603 724 4639 rou
746 4583 846 4639 Matina.
