3625 5192
316 386 369 438 262
691 380 953 451 Gcsebicblsqnellen
970 382 1019 434 aar
1036 380 1111 434 Pron.
1130 381 1254 436 Saclrseu.

318 534 458 599 arbiter?
507 530 597 609 Quod
619 536 723 597 autern
746 528 985 614 versippellem,
1010 527 1095 611 quud
1116 527 1291 610 ingratum,
1311 528 1394 611 qued
1416 528 1621 593 hereticorum

318 641 484 721 patronum
506 632 661 718 appellas,
681 631 785 712 dabis,
808 630 959 716 improbe,
981 649 1081 713 penas
1096 627 1253 694 mendacii
1271 632 1327 695 tui.
1358 629 1625 712 Egctranquillus

318 744 350 803 et
372 736 611 818 tranquillitatis
633 735 793 801 institutor
814 740 847 799 et
869 734 965 816 beate
984 731 1225 815 tranquillitatis
1246 738 1416 816 perpetuus
1436 740 1542 797 custos
1563 750 1624 797 uon

320 838 351 904 id
373 838 481 903 leram.
523 836 698 919 Castigabc
719 844 750 902 te
772 836 941 901 caudatam
962 836 1100 916 simiam,
1122 840 1157 899 ut
1176 842 1349 916 cognoseat
1367 836 1454 899 orbis
1474 834 1624 899 Cbristia-

320 958 379 1007 nus
405 947 436 1005 te
463 940 542 1004 nihil
569 939 655 1004 aliud
685 957 876 1021 essequam
903 936 1003 1003 levem
1032 936 1173 1002 bardum.
1218 938 1305 1002 Satis
1332 945 1457 1002 musar
1476 954 1625 1019 mgnum

322 1042 486 1107 Erasmnm
508 1060 569 1106 non
591 1039 711 1123 sedata,
733 1046 810 1103 uttu
823 1039 880 1119 als,
903 1039 945 1104 ab
967 1038 1116 1104 hereticis
1132 1037 1328 1122 exemplaria
1343 1056 1549 1123 propagasse,
1568 1036 1625 1102 scd

320 1143 429 1225 terlata
453 1162 623 1225 purgasse.
645 1162 716 1207 cum
741 1140 851 1205 latinis
876 1140 1113 1225 exemplaribus
1137 1160 1235 1223 greca
1263 1142 1357 1206 simul
1384 1128 1580 1225 protulisse,
1594 1147 1627 1203 ut

320 1246 453 1310 liberunt
481 1253 565 1309 essct
591 1243 701 1309 lectori
727 1242 879 1306 iudicium
905 1243 946 1308 de
972 1249 1105 1323 unaque
1130 1242 1273 1308 lectione.
1320 1242 1404 1319 Quid
1429 1261 1544 1306 ucvrrm
1571 1248 1627 1305 aut

320 1348 442 1425 mirum,
463 1346 490 1409 si
515 1344 637 1410 intacta
657 1344 791 1427 quedam
815 1344 952 1428 reliquit,
972 1363 1033 1426 que
1053 1344 1128 1409 boni
1150 1344 1210 1408 viri
1231 1344 1312 1408 eitra
1333 1343 1481 1407 iniuriam
1502 1340 1626 1407 Erasmi

321 1448 553 1527 examinarent,
585 1447 785 1512 restituerent
814 1446 901 1510 illius
937 1446 1091 1528 exemplo.
1143 1444 1255 1526 Neque
1281 1446 1366 1509 enirn
1392 1444 1571 1527 posteritati
1595 1452 1628 1508 et

322 1549 433 1614 nobis·
452 1568 584 1632 syncere
606 1549 785 1631 legentibus
803 1548 956 1612 iudicium
978 1548 1145 1632 precipuit.
1191 1548 1266 1612 'l'ibi
1288 1547 1452 1631 preripuit,
1478 1548 1532 1628 qui
1554 1566 1626 1630 syu-

321 1671 393 1716 cere
414 1650 494 1715 nibil
516 1652 675 1735 proponis.
717 1651 766 1715 An
789 1650 848 1715 libi
868 1648 986 1715 debeat
1003 1649 1053 1714 vir
1070 1649 1295 1715 doctissimus?
1328 1649 1560 1731 „Nusquam‚“
1581 1649 1627 1712 iu·

322 1754 408 1834 quis,
433 1762 609 1834 „sexcenta
629 1755 700 1818 loca
720 1773 741 1818 a
761 1773 811 1818 me
833 1751 1053 1835 reprehensa.“
1094 1752 1164 1816 Hoc
1183 1750 1276 1832 lingis
1297 1758 1332 1815 ut
1355 1759 1471 1833 cetera
1510 1750 1627 1817 Oean-

322 1855 430 1919 ‹latum
452 1854 590 1919 asinum!
631 1855 743 1919 Nescit
763 1862 914 1919 sexcenta
934 1858 967 1917 et
986 1852 1073 1917 mille
1094 1871 1189 1918 rcces
1209 1872 1280 1917 esse
1300 1852 1477 1936 peculiares
1497 1853 1629 1919 eruditis

323 1976 379 2037 prc
402 1955 521 2021 incerto
542 1974 684 2020 numeru.¹
718 1956 824 2021 simili
846 1955 925 2021 dicit
945 1956 1078 2020 inscicia
1097 1955 1321 2037 „exberbare,“
1344 1956 1502 2036 „dietim,“
1521 1956 1628 2035 „cbar-

323 2057 448 2133 tatim,“
469 2058 522 2138 „in
544 2058 734 2124 crastinum“
757 2077 812 2141 pro
835 2057 1044 2141 „pcstridie.“
1090 2056 1102 2120 l
1127 2078 1222 2130 nunc,
1249 2059 1282 2123 in
1308 2078 1404 2142 opere
1425 2059 1530 2124 alieno
1551 2058 1630 2122 curi·

325 2177 413 2223 osum
437 2178 499 2241 age
525 2160 727 2241 monitorem,
753 2167 903 2243 tanquam
925 2158 985 2224 buc
1005 2158 1153 2225 debueris
1173 2160 1241 2226 crbi
1263 2160 1454 2226 Christiano.
1489 2160 1540 2224 Ad
1562 2160 1629 2224 luca

324 2266 434 2325 notata
460 2259 699 2344 responderem,
731 2261 793 2325 nisi
822 2267 979 2344 prestaret
1004 2260 1116 2326 audire
1136 2268 1223 2327 tuum
1246 2261 1428 2342 Herculem,
1453 2262 1507 2343 qui
1530 2261 1630 2341 iussit,

323 2374 357 2426 ut
389 2362 542 2427 iudicium
572 2363 849 2447 suspenderemus,
881 2362 955 2427 dum
989 2364 1060 2447 ipse
1092 2362 1158 2429 suis
1186 2362 1284 2427 armis
1319 2362 1447 2427 indutus
1480 2361 1628 2446 prodiret

326 2463 449 2543 Veniet,
470 2464 585 2529 ueniet.
617 2464 743 2530 lacebis
763 2473 796 2530 et
816 2484 966 2546 magnum
990 2484 1061 2530 esse
1081 2463 1199 2530 senties
1215 2471 1268 2529 tnc
1283 2485 1401 2547 magno
1415 2467 1508 2531 male.
1540 2466 1630 2529 Tunc

324 2574 357 2629 tu
386 2566 488 2630 omnis
513 2564 608 2631 cilicii
635 2574 667 2631 et
692 2566 901 2632 humanitatis
931 2586 1046 2650 expers
1070 2585 1141 2630 sero
1166 2566 1286 2643 disces,
1315 2585 1409 2647 quarn
1435 2568 1563 2634 salubre
1588 2568 1630 2633 sit

323 2674 505 2749 preceptum
526 2670 572 2746 τῷ
590 2658 699 2751 μείζονι
717 2662 785 2729 εἷκεΊ

406 2766 486 2849 llqc,
516 2769 560 2832 mi
590 2776 695 2851 pater,
718 2769 814 2852 paulo
840 2769 1017 2843 ardentius,
1046 2769 1100 2836 sed
1129 2770 1224 2835 venia
1243 2771 1375 2852 dignus,
1402 2770 1487 2852 quod
1507 2771 1631 2836 Erasmi

325 2868 422 2933 nostri
439 2869 587 2934 laudibus
601 2869 687 2934 nullu
703 2880 798 2953 pactu
808 2869 920 2936 deesse
937 2890 1073 2953 pessum,
1098 2872 1218 2954 alioqui
1235 2872 1331 2953 mitis,
1351 2872 1476 2954 tacitus,
1497 2874 1631 2955 quietus.

325 2970 386 3048 Qui
409 2956 572 3035 Erbsnrum
593 2971 680 3053 ledit,
702 2991 752 3036 me
774 2972 860 3037 ledit.
893 2974 1029 3038 Remitte
1050 2974 1160 3039 literas
1178 2974 1292 3039 Beati¹
1314 2974 1488 3040 etZassii.²
1517 2974 1632 3040 Eorum

326 3072 455 3153 iugenio
483 3070 563 3137 nibil
584 3072 768 3153 candidius,
794 3074 868 3140 stilo
894 3074 974 3139 nibil
997 3076 1128 3157 gravius
1155 3083 1187 3140 et
1207 3077 1402 3158 elegantius,
1427 3074 1633 3161 Philippum³

325 3173 460 3257 excipio,
482 3173 535 3256 qui
558 3181 631 3258 post
650 3174 814 3240 Erasmum
836 3176 913 3240 mibi
936 3176 1057 3261 primus
1077 3184 1133 3243 est
1178 3176 1263 3242 Vale.

407 3276 524 3341 Daturn
546 3295 629 3341 nouo
649 3275 809 3342 Calendas
829 3276 946 3343 Iunias.
978 3280 1069 3343 Anno
1089 3278 1230 3342 leXX.

1317 3381 1551 3447 Mcetianus.

332 3576 337 3591 ,
396 3534 576 3581 Handschrlltl.
599 3535 662 3583 0011.
685 3536 754 3589 Cam.
779 3536 846 3587 leon.
873 3536 943 3585 Mon.
966 3540 1018 3587 vol.
1037 3539 1106 3586 Vlll.
1125 3555 1164 3599 ap.
1183 3540 1221 3588 11.
1249 3540 1395 3600 Aatcprnpb
1430 3539 1507 3587 Gedr-
1527 3540 1634 3589 Krausa.

327 3602 453 3664 Epistulae
472 3604 568 3663 aliquot
589 3607 697 3654 selectae
714 3609 737 3655 S.
754 3608 784 3655 lb
795 3632 823 3641 -
834 3606 873 3655 17.

398 3724 471 3779 ⁸Kr.
491 3732 576 3779 rerbls
593 3749 621 3795 sy
623 3750 705 3783 eeeeee

393 3996 404 4039 ¹
425 4002 488 4074 Vgl.
509 4002 553 4059 dic
574 4004 717 4076 vervorige
740 4004 815 4061 Scite
837 4004 919 4063 Anm.
933 4006 957 4064 1.

390 4076 404 4120 ²
425 4080 559 4138 Deraelbe
581 4083 617 4139 ist
636 4084 760 4140 verlcrcn
783 4104 938 4159 gegangen.
979 4087 1043 4159 vgl.
1065 4086 1111 4144 Br.
1125 4085 1182 4141 589
1203 4088 1230 4142 S.
1242 4086 1300 4141 aba
1321 4088 1444 4145 Arrunti.

390 4156 405 4201 ³
427 4161 512 4219 Diese
531 4180 625 4235 grosse
646 4164 881 4239 Wertscbittzuug
899 4166 1114 4223 Melanclrthons
1134 4168 1224 4239 zeigte
1245 4167 1350 4223 blutian
1371 4169 1443 4224 aueb
1464 4169 1618 4239 spiitcrbira
