3625 5192
599 362 689 425 Brieie
709 363 828 425 Matiana
844 369 904 428 aad.
924 368 984 423 267.
1004 366 1063 423 268.
1436 365 1488 421 853

181 518 283 599 nosti,
309 518 351 584 ab
373 519 449 585 bero
469 519 642 593 communi,
672 520 723 584 cni
749 524 806 582 nds
830 518 922 583 docet
949 537 1019 584 esse
1046 518 1267 585 devotissimos
1288 526 1320 583 el
1340 517 1373 580 in
1396 536 1488 582 evum

180 640 273 687 omne
293 620 417 703 fideles,
443 642 504 704 qne
523 640 638 687 nomen
657 622 768 704 optimi
792 621 894 704 patris
914 620 1075 686 eternitali
1100 618 1321 687 commendare
1349 626 1489 703 possunt,

180 722 323 787 simodo
345 731 401 787 tna
417 722 497 788 tides
518 732 550 787 et
572 724 749 807 diligencia
769 741 831 787 non
852 722 990 787 deluerit
1010 723 1172 805 operario,
1196 723 1265 787 sive
1288 722 1330 785 sit
1351 722 1489 803 elogium

181 826 214 889 in
241 844 275 889 es
301 824 505 890 incidendum
525 826 596 891 sive
616 824 840 911 scalpendum·
870 825 903 889 in
926 816 1025 889 saxea
1046 824 1164 889 tabula.
1206 824 1288 889 Nam
1310 824 1357 887 uti
1376 823 1489 888 iubeas

179 924 332 991 artificem
362 927 565 992 charactereb
593 928 735 993 Romano
761 946 832 991 cum
857 925 1046 1007 diphtongis
1071 934 1103 990 et
1128 925 1325 991 dimensione
1345 924 1487 999 solemni,

180 1036 214 1091 nl
243 1029 375 1111 egregia
400 1029 484 1093 lucie
511 1029 612 1094 niteat
638 1029 790 1112 scriptum
815 1036 848 1092 et
874 1028 966 1092 litere
994 1027 1037 1093 ad
1063 1028 1213 1092 amussim
1242 1028 1433 1093 collocentur
1457 1036 1490 1092 et

151 1132 264 1195 'intra
290 1131 409 1195 lineam
435 1130 605 1212 legitimis⁰
633 1132 753 1215 spaciis
781 1129 932 1194 distincte
961 1129 1137 1195 consistant
1162 1128 1291 1195 habitad
1324 1130 1490 1213 archetypi

181 1234 313 1312 ratione,
334 1252 354 1297 a
374 1233 464 1297 cuius
484 1232 700 1317 orthograpbo
722 1232 849 1297 modulo
870 1232 897 1297 si
920 1232 1084 1297 recesserit
1104 1230 1313 1312 dissignator,
1335 1232 1488 1315 peccabit.

179 1336 222 1399 At
252 1354 362 1399 sumne
388 1335 548 1401 Chorebro
569 1333 612 1419 (i)
640 1334 779 1413 stultior,
810 1334 864 1415 qui
890 1333 1009 1398 isthec⁰
1034 1320 1144 1397 ba'rum
1171 1352 1273 1397 rerum
1299 1332 1489 1417 peritissimo

180 1445 245 1501 tam
271 1436 405 1501 sollicite
425 1436 645 1521 proscribam?
685 1434 749 1501 Sed
771 1443 804 1499 tn
826 1435 855 1499 is
872 1454 922 1515 es,
954 1436 996 1499 mi
1020 1424 1126 1515 Orote,
1153 1436 1243 1499 cuius
1264 1430 1489 1499 benevolencle

180 1537 308 1603 credam
334 1546 366 1601 et
392 1538 514 1602 credidi
542 1558 668 1622 semper
687 1538 809 1617 omnia,
839 1538 940 1601 eciam
963 1536 1108 1615 nugalia,
1136 1536 1238 1611 iocos,
1268 1536 1488 1615 urbanitatem,

181 1640 297 1705 nedum
319 1638 411 1704 buius
431 1641 559 1722 generis
580 1640 749 1705 mortnalia
765 1648 797 1704 et
812 1641 926 1704 nenias
942 1640 1100 1721 lugubres.
1144 1636 1246 1708 Datas
1259 1638 1300 1701 ad
1316 1657 1364 1701 me
1380 1638 1489 1702 literas

182 1742 282 1807 serius
303 1742 412 1825 accepi
434 1742 558 1807 duabus
578 1742 702 1807 scilicet
721 1744 809 1825 post‘
833 1741 1105 1807 bebdomadibus!
1124 1761 1218 1825 quam
1239 1740 1413 1823 scripseras
1434 1758 1489 1805 ea·

182 1845 272 1908 actis
317 1844 375 1907 Ais
402 1853 436 1907 ut
460 1842 586 1927 lepidas
614 1853 655 1908 et'
670 1844 802 1908 l'estiuus
823 1844 916 1907 bomo
945 1852 975 1907 te
1001 1845 1099 1909 luisse
1120 1850 1293 1927 pastorem,
1322 1861 1380 1906 nos
1409 1860 1489 1916 esse,

182 1946 265 2027 quod
286 1953 319 2010 tu
340 1947 454 2025 lucras,
474 1966 582 2011 verum
603 1946 742 2027 glossam
764 1946 896 2027 requiro.
937 1946 1024 2011 Satis
1045 1946 1130 2009 enim
1145 1952 1282 2009 statuere
1296 1963 1426 2026 nequeo,
1448 1963 1488 2009 an

181 2046 304 2110 subulci
338 2066 379 2109 an
408 2048 565 2131 opiliones
600 2066 642 2110 an
669 2047 807 2129 caprarii
839 2066 880 2111 an
918 2047 1045 2113 bubulci
1072 2066 1112 2110 an
1143 2046 1296 2111 anserarii
1325 2066 1366 2109 an
1398 2046 1488 2129 galli-

87 2170 90 2177 ·
182 2148 264 2212 narii
294 2149 400 2212 simus.
443 2146 524 2212 Illud
550 2148 617 2212 iore
641 2168 748 2231 spero,
781 2154 815 2211 nt
846 2148 934 2212 breri
967 2148 1064 2211 ditior
1094 2148 1258 2221 etmalor
1289 2146 1488 2229 Hartmanni,

180 2249 349 2315 clarissimi
378 2251 492 2333 patris,
521 2248 673 2314 beneficio
704 2248 770 2313 tias.
815 2249 925 2332 ltaque
950 2250 1076 2315 celebra
1104 2250 1222 2329 virum,
1253 2250 1306 2330 qui
1339 2246 1488 2331 prodesse

182 2359 295 2435 potest.
337 2350 425 2417 Vale.

251 2474 433 2526 Handscbriftl.
457 2475 478 2519 ll
499 2475 547 2521 tos
568 2474 814 2522 r01.118r—118v
832 2476 884 2521 und
902 2476 954 2523 308
979 2473 1231 2523 t01.197v-198r.
1304 2473 1379 2521 Gedr.
1407 2473 1432 2521 b.
1454 2474 1488 2521 uz

179 2544 196 2592 8
216 2543 360 2593 152-153
379 2560 425 2591 voa
442 2544 468 2593 st
486 2558 590 2605 maguus
610 2544 647 2591 bis
666 2544 817 2605 dissignator
835 2546 958 2605 peccabit.

249 2652 317 2697 *Tc
332 2650 501 2709 sculpendum.
556 2634 612 2696 ¹‘1⁴'
626 2644 676 2695 159
695 2652 846 2700 charactera.
899 2645 1019 2697 ‘ulad
1036 2651 1086 2696 rand
1104 2647 1158 2695 308
1175 2650 1312 2709 legittimls.
1367 2632 1488 2696 lama

180 2720 276 2766 rasse.
346 2714 398 2765 ‘a‘
408 2716 458 2765 159
477 2721 545 2769 aaa
621 2704 716 2766 ‘raso
732 2722 760 2769 a
777 2722 803 2767 n
817 2716 874 2769 aaa.
947 2714 1004 2767 tr
1020 2716 1068 2767 reo
1084 2722 1135 2767 are
1152 2718 1207 2766 uos
1224 2719 1422 2767 launomarum.

181 2883 263 2952 ecs.
283 2882 326 2949 n.
349 2902 395 2949 an
415 2865 551 2949 ursan.
948 2880 950 2885 ·
1102 2880 1486 2968 (sceleratarum.)

250 3007 313 3055 Mur.
338 3008 443 3054 bcnutzt
469 3008 509 3053 die
532 3008 611 3053 durch
628 3006 683 3054 Tile
705 3007 828 3067 gaboteue
846 3008 1013 3067 Gelegenbait
1037 3008 1088 3053 und
1111 3008 1204 3053 riehtet
1229 3006 1303 3054 elnon
1325 3007 1487 3065 Andragoras

165 3078 265 3127 .Urban
283 3092 334 3126 aas.
370 3074 445 3125 Anclr
464 3078 559 3124 erziihlt
578 3092 606 3125 er
625 3092 677 3123 von
695 3078 804 3125 'l'ilenin
1443 3084 1450 3093 “

259 3175 395 3240 ilenrico
416 3174 589 3239 Urbano
610 3174 771 3239 Matienus
791 3174 899 3242 Rufus.
1146 3257 1149 3261 ¹

259 3280 291 3340 S.
333 3278 412 3343 Cum
437 3296 486 3340 me
511 3276 682 3340 salutasset
701 3276 794 3341 Tilo¹
820 3276 920 3341 iturus
941 3274 1171 3361 Erphurdiam‚
1199 3274 1286 3341 nulla
1314 3294 1363 3339 me
1385 3275 1487 3358 potuit
1540 3260 1546 3274 “

179 3380 335 3442 matutina
362 3378 463 3441 oratio
488 3376 663 3455 retardare,
690 3378 878 3458 quominus
907 3377 950 3442 ad
977 3386 1007 3443 te
1037 3378 1144 3443 darem
1170 3376 1291 3460 aliquid
1317 3377 1487 3441 literarum.

180 3480 228 3544 lle
255 3481 348 3544 donno
374 3488 407 3545 et
425 3479 571 3543 Petreio²
592 3497 675 3542 nnnc
691 3480 774 3557 nibil
797 3480 918 3543 dicatu:
942 3482 1024 3545 bunc
1045 3481 1130 3545 enim
1152 3480 1288 3555 abiisse,
1317 3478 1406 3543 illam
1427 3479 1487 3543 tibi

178 3581 432 3647 commendatam
448 3580 692 3645 satisexistimo.
733 3582 768 3645 Si
785 3590 891 3647 waren
911 3581 965 3645 ille
987 3581 1121 3647 necdum
1140 3582 1230 3661 abiit,
1250 3581 1349 3647 dicito
1360 3581 1487 3647 Crotum

179 3682 259 3747 nibil
280 3682 470 3768 respondere
491 3682 531 3746 de
543 3680 825 3765 Herbipolitanisi.
867 3682 985 3749 Scribit
1001 3684 1114 3750 Crotus
1134 3684 1326 3749 facetissime
1346 3682 1387 3749 de
1407 3682 1488 3748 testo

381 3856 498 3924 ,det
518 3857 591 3927 quod
615 3864 674 3911 erat
691 3874 832 3928 syncerae,
852 3874 955 3917 amans,
968 3857 1080 3929 pietatis
1101 3864 1130 3912 et
1148 3857 1239 3929 aequi,

380 3936 448 4007 Sub,
468 3936 627 4006 Benedicta,
647 3944 697 3992 tua
715 3937 861 4009 relligione
881 3938 974 3993 deeua

380 4016 427 4071 Sic
449 4016 527 4071 Deus
547 4018 582 4071 ad
602 4035 717 4087 superos
737 4018 823 4072 trahit
843 4018 950 4088 optima
970 4034 1105 4090 quaeque,
1125 4018 1174 4073 sod
1194 4018 1295 4073 altrum

270 4092 277 4101 '
380 4096 470 4151 Fulda
489 4097 541 4151 tibi
562 4098 667 4165 statruit,
689 4115 744 4168 qno
765 4105 869 4163 tueare,
889 4098 998 4156 ducem.

180 4184 283 4253 neda
313 4197 471 4269 (neuqua
503 4198 682 4269 epistolarum
718 4198 836 4253 noemi
863 4217 890 4269 p.
915 4198 1096 4269 114-116)
1128 4200 1185 4254 aas
1212 4198 1314 4254 serere
1346 4199 1391 4254 ure
1418 4198 1487 4253 var-

181 4284 299 4349 rnntung
316 4278 553 4350 ansgesprocben‚
572 4280 636 4333 dass
656 4280 705 4333 das
725 4279 786 4333 hier
806 4280 972 4350 mitgeteilte
994 4278 1114 4351 Epitaplr
1135 4279 1274 4335 identiscb
1294 4278 1332 4335 ist
1351 4280 1402 4334 mit
1421 4280 1484 4335 dam

179 4356 209 4410 in
231 4374 357 4412 unserem
375 4358 469 4413 Brieie
490 4354 708 4429 besproebenen.

243 4434 256 4475 ¹
277 4436 465 4509 vgt.Br.245
484 4438 510 4494 S.
522 4438 580 4491 322
604 4438 686 4492 Anm.
698 4439 725 4495 5.
836 4444 840 4451 '

240 4513 253 4555 ²
275 4518 471 4588 Ῠ31.Βτ.258.

241 4591 256 4636 ³
276 4598 331 4653 Die
351 4598 398 4653 tiir
419 4596 518 4653 Crotns
534 4598 657 4655 daselbst
676 4596 788 4655 Biicher
807 4599 964 4674 besorgleu,

229 4698 596 4755 ammanuensxvuu
