3625 5192
323 323 375 378 234
737 321 998 394 Goschichtsquellan
1015 323 1064 380 der
1081 321 1156 378 Prot.
1175 320 1300 378 Smhson.

323 472 508 538 ellandem:
531 475 644 556 ,‚Q1us‚
661 475 771 557 inquit,
793 495 874 555 „vos
885 475 984 538 malos
996 473 1194 538 Christianos
1204 473 1393 538 absolvet't“
1436 475 1631 556 „Studiun1“,

324 573 469 653 inquam,
499 581 554 653 „et
576 573 748 638 doctrina.“
791 574 901 656 Neque
923 592 994 638 esse
1015 572 1132 654 aliquis
1153 572 1316 636 absolutus
1336 572 1400 637 dici
1423 579 1543 657 potest,
1570 574 1632 638 nisi

323 675 377 756 qni
399 674 527 739 multum
551 676 667 758 diuque
689 677 889 756 lectitaverit,
913 677 946 741 id
966 678 1051 759 quod
1062 677 1187 741 Petreio
1207 675 1407 762 tribuendum
1429 678 1498 743 erit.
1540 677 1633 758 vide,

322 795 416 858 quam
437 777 514 842 mihi
536 779 746 862 persuaserim
769 801 830 844 non
853 779 946 844 modo
967 788 999 844 te
1021 799 1080 843 non
1103 797 1263 864 peccasse,
1284 779 1459 843 sedmultis
1480 778 1582 844 modis
1600 786 1632 844 te

323 881 484 962 sapienter
509 881 639 959 iecisse,
668 900 737 945 cum
760 882 855 946 saluti
881 889 954 946 tuae
980 881 1183 946 consulueris.
1229 881 1349 948 Abicns
1375 881 1506 946 Rufinus
1530 883 1632 964 assig-

323 981 411 1045 navit
432 981 668 1047 librarioXXll
692 983 829 1047 boemos.
872 985 958 1049 liene
977 1005 1018 1048 an
1041 1004 1217 1067 perperam,
1236 985 1367 1066 ignoro·
1397 984 1542 1049 Huncin
1564 984 1632 1048 eius

323 1085 424 1148 locum
446 1083 603 1149 substitui.
647 1081 831 1170 §palatinus
854 1094 902 1152 est
924 1088 1039 1151 bonum
1063 1106 1193 1166 nonren,
1221 1107 1290 1151 sero
1319 1094 1425 1151 tamen
1446 1087 1632 1151 satisfaciu.

270 1235 273 1248 .
325 1185 373 1249 Nc
394 1185 513 1267 dubita,
536 1188 711 1253 satisfaciet
735 1209 790 1272 pro
813 1197 867 1252 tua
888 1178 967 1266 lide,
990 1209 1045 1272 pro
1067 1209 1125 1253 sua
1147 1189 1178 1251 in
1200 1194 1231 1252 te
1252 1169 1291 1252 ad
1308 1198 1378 1253 tuos
1401 1188 1632 1253 benevolentia.

323 1288 428 1353 llabet
448 1290 636 1372 vectigalia,
664 1311 832 1370 canonem,
855 1292 968 1356 ovile2.
1011 1291 1111 1356 Dabit
1132 1310 1257 1372 aurum,
1282 1292 1310 1356 si
1333 1299 1439 1356 cetera
1466 1291 1633 1372 defuerint,

325 1411 362 1455 cu
385 1391 566 1457 aurilodina
589 1394 768 1477 principali.
810 1393 877 1459 Fac
898 1395 1007 1459 valeas
1032 1413 1144 1476 meque
1171 1401 1278 1458 mutuo
1299 1393 1425 1476 diligas.
1468 1393 1506 1458 Si
1531 1392 1633 1458 Vulda

325 1513 386 1559 non
415 1494 535 1577 placet,
564 1497 818 1581 protospatari0³
844 1496 1116 1562 commendabere.
1170 1496 1233 1561 Sed
1260 1495 1346 1561 solus
1369 1496 1468 1578 legito
1494 1496 1574 1561 haee
1601 1503 1633 1562 et

328 1596 432 1662 subito
455 1599 643 1682 concerpito.

397 1707 473 1754 (iodr.
496 1707 519 1766 l)
538 1708 571 1754 im
592 1708 646 1756 Lib.
667 1725 725 1757 nov.
745 1709 902 1758 lde—lbr.
940 1708 966 1764 2)
986 1711 1010 1762 b.
1028 1710 1064 1756 Ta
1080 1712 1104 1758 S.
1117 1707 1202 1756 257-
1215 1708 1275 1756 258.

874 1834 1076 1843 u———.—-.

327 1897 406 1968 164.
419 1895 462 1969 ll.
477 1917 522 1964 rur
534 1897 655 1965 Urban
670 1899 938 1971 mlicrcbordu.
949 1898 984 1964 d.
996 1897 1172 1964 llurthcu.
1201 1897 1347 1980 (Gotho)
1360 1860 1457 1968 1510.
1481 1895 1584 1963 Febr.
1598 1898 1631 1968 2.

395 2007 455 2055 Mul.
480 2009 568 2055 sentiat
593 2011 632 2056 ain
657 2012 798 2070 goliehcncs
821 2012 903 2058 Cornu
923 2010 1010 2069 copias
1030 2010 1122 2055 curticle
1145 2010 1194 2055 und
1214 2009 1317 2068 belrlugt
1336 2009 1401 2069 sich,
1425 2009 1481 2058 dass
1499 2010 1535 2055 sic
1558 2009 1633 2055 hcine

326 2077 474 2125 uaschonka
493 2081 634 2127 urrnehmen
653 2083 750 2128 wollcn.
788 2082 821 2128 Er
843 2081 970 2139 bespricht
988 2080 1094 2126 alsdanu
1118 2080 1192 2126 cinon
1211 2080 1282 2126 Briaf
1302 2080 1345 2126 das
1364 2080 1458 2126 Pcaten
1476 2077 1632 2140 Temerarius,

324 2148 350 2194 ln
370 2151 487 2196 uuclchom
509 2150 559 2196 ihm
579 2151 659 2198 dieses
675 2152 725 2198 und
742 2153 815 2212 jones
834 2152 969 2197 missfalleu
989 2151 1040 2196 irat,

407 2233 541 2300 Dilectis
562 2235 723 2300 Urbano
753 2236 876 2300 erudito
904 2233 1107 2318 philosophia
1132 2241 1164 2297 et
1185 2233 1414 2298 llercbordo
1442 2231 1632 2318 iurisperito‚

325 2355 403 2417 ortos
423 2345 514 2419 palm
535 2339 733 2422 omnipotens
754 2336 913 2421 speluncis
934 2335 1059 2400 abdidit
1080 2338 1202 2400 atris⁸⁴.

405 2440 438 2502 Si
462 2439 518 2503 tibi
547 2440 626 2505 bene
652 2449 713 2512 est,
743 2439 785 2504 mi
818 2439 962 2518 l'rbane,
993 2439 1072 2503 bene
1100 2436 1211 2518 habet,
1243 2438 1302 2516 mi,
1331 2439 1474 2519 inquam,
1505 2437 1633 2503 Urbane

324 2541 495 2606 carissime.
538 2543 572 2606 Si
593 2543 697 2620 vales,
729 2543 828 2606 valeo.
871 2541 991 2625 Copie⁵
1018 2560 1114 2606 corno
1142 2541 1267 2622 plenum
1296 2539 1464 2604 latinarum
1496 2539 1630 2622 frugum,

325 2645 413 2709 cuius
435 2644 512 2708 mibi
534 2645 659 2728 copiam
681 2643 794 2724 iecisti,
811 2643 892 2708 sicut
904 2643 978 2707 olim
992 2650 1025 2706 ut
1041 2643 1162 2706 anricus
1182 2641 1339 2706 beneficus
1350 2641 1491 2706 liberalis
1504 2641 1633 2724 donavi,

324 2747 369 2810 ita
396 2765 478 2810 nunc
505 2745 601 2824 lidus,
634 2765 747 2827 equus,
776 2753 885 2828 gratus
913 2744 1168 2809 commoditarins
1198 2744 1330 2807 remitto.
1380 2742 1421 2807 Et
1445 2743 1478 2807 id
1505 2743 1631 2826 quidem

323 2847 541 2912 libentissime.
585 2847 666 2912 Nam
687 2867 748 2929 quo
770 2855 863 2930 pado
889 2846 1083 2930 possiderem
1104 2845 1221 2922 aliena,
1241 2846 1295 2925 qui
1317 2845 1459 2926 propria,
1480 2853 1631 2926 quantum

325 2951 355 3014 in
379 2970 427 3014 me
449 2959 513 3030 est,
542 2951 633 3031 larga
660 2969 752 3014 manu
782 2951 832 3014 vel
854 2949 1004 3030 dispenso
1025 2947 1076 3010 vel
1106 2948 1250 3028 elargior.
1293 2946 1341 3010 De
1371 2947 1497 3010 cohorte
1518 2947 1630 3011 l'amili-

323 3053 423 3116 arium
446 3053 492 3115 sic
518 3071 636 3115 urceum
664 3053 778 3116 tacitus
807 3052 989 3115 ratiocinor:
1019 3049 1119 3114 Nemo
1148 3068 1187 3114 ex
1218 3048 1277 3112 hoc
1306 3067 1434 3111 numero
1462 3049 1538 3113 mibi
1567 3070 1629 3113 non

322 3149 456 3219 donatus
475 3153 606 3218 abibiti.
651 3153 778 3218 Utinam
801 3173 838 3218 co
857 3172 944 3218 esses
970 3152 1092 3231 animo,
1113 3160 1148 3214 nt
1168 3152 1266 3216 velles
1287 3151 1435 3214 amicicia
1454 3157 1562 3215 nostra
1581 3152 1627 3215 uti

232 3249 235 3258 ¹
322 3256 392 3321 lini.
441 3259 484 3319 At
512 3256 640 3320 sordent
663 3257 721 3320 tibi
751 3275 882 3320 numera
910 3264 1025 3319 nostra.
1073 3254 1152 3316 ltem
1182 3253 1311 3318 sordent
1335 3252 1526 3317 Herebordo.
1576 3252 1628 3316 lle

323 3358 500 3440 siquuidcm
516 3365 667 3440 tanquam
684 3359 778 3424 vilem
795 3369 826 3422 et
847 3358 1051 3422 obiectumst
1065 3354 1241 3435 indignum,
1263 3354 1353 3419 errius
1366 3353 1470 3419 officia
1482 3354 1628 3436 capiatis,

322 3460 667 3542 contemptuihabetis.
710 3460 854 3526 Anides
884 3458 1077 3524 benemereri
1099 3457 1142 3521 de
1168 3456 1258 3522 vobis
1278 3456 1447 3521 desinam?
1488 3457 1628 3520 lliuime.

322 3563 536 3628 Accumulabo
557 3563 670 3627 merita
691 3565 810 3628 meritis
830 3571 928 3644 atque
951 3562 997 3625 ita
1018 3559 1181 3625 beneficiis
1201 3559 1348 3638 obruam,
1370 3559 1474 3640 quoad
1498 3578 1555 3622 vos
1575 3579 1628 3623 ex·

319 3666 458 3732 claruere
479 3665 662 3730 exaudiam:
685 3665 732 3746 „0
751 3667 789 3730 be
811 3667 872 3730 iam
890 3664 970 3728 satis
986 3671 1043 3742 est,
1069 3670 1253 3746 perventum
1271 3660 1377 3725 estad
1398 3660 1618 3726 umbilicum²²

393 3769 404 3796 ¹
424 3777 448 3820 F
461 3777 548 3822 nutris.

386 3925 395 3966 ¹
417 3929 572 3984 Achnliche
594 3929 703 4002 Klagen
727 3931 794 3984 iiber
813 3929 939 4000 Spalatin
961 3928 1145 3982 wiederholeu
1166 3927 1234 3981 sich.

385 4004 399 4047 2
420 4009 573 4064 Einkiinste
594 4029 647 4064 von
668 4011 717 4064 der
738 4009 834 4064 Psarrc
858 4028 890 4063 zu
913 4008 1138 4062 Hohenlrirchcn.

385 4085 399 4128 3
420 4089 456 4144 Es
476 4091 510 4143 ist
531 4089 707 4153 zwsifelbul't,
729 4091 764 4146 ob
785 4091 872 4145 demit
884 4090 947 4142 sinc
959 4087 1165 4142 cirillussrciche
1179 4085 1402 4142 Persiinlichkeit
1412 4103 1456 4139 arn
1468 4085 1628 4142 hessischcu

324 4171 389 4224 odcr
410 4189 453 4225 am
477 4171 661 4225 mainzischen
682 4172 748 4224 oder
768 4189 810 4224 am
834 4169 1011 4224 sdebsischcu
1033 4168 1107 4222 llosc
1129 4168 1254 4239 gemciut
1272 4166 1338 4222 iso·

386 4245 398 4288 ⁴
420 4251 525 4322 Vergil,
545 4251 614 4304 Acir.
629 4251 650 4316 1,
668 4251 713 4304 tit).

385 4325 399 4370 ⁵
421 4331 484 4401 vgl.
506 4331 551 4387 Br.
576 4331 639 4397 133,
660 4329 687 4387 S.
702 4330 755 4382 191
778 4329 897 4386 Aumb.

384 4406 398 4450 6
419 4411 524 4482 Vergil,
543 4411 614 4466 Aen.
632 4409 666 4480 V,
679 4409 745 4465 ube.
886 4407 892 4418 '

385 4487 397 4532 l
419 4491 498 4546 Nach
519 4490 730 4560 Μαι-11111111,
751 4490 788 4544 89
812 4490 864 4542 1-
881 4489 915 4562 23
941 4489 1001 4546 Obe
1030 4490 1085 4546 iam
1110 4489 1177 4544 satis
1197 4497 1253 4556 est,
1274 4490 1327 4544 ohe
1351 4489 1461 4555 libelle,
1485 4489 1544 4544 lam
1566 4507 1628 4562 per·

323 4573 449 4628 venimus
470 4571 610 4642 usquead
631 4570 804 4627 umbilicum.
