3625 5192
611 367 700 421 Briofc
718 367 837 422 Mutians
855 369 916 421 321.
935 368 993 422 322.
1013 369 1072 427 323,
1376 327 1387 351 Ι
1444 373 1495 426 417

273 517 302 577 S.
345 514 411 578 lam
439 515 515 578 milri
542 516 622 580 scire
642 517 764 595 videor,
798 517 926 581 l'rbanc
948 517 1207 601 prudentissime,
1233 520 1497 601 quemadmodum

193 614 336 680 Novata·
353 616 398 702 (2²)
420 637 534 682 manns
558 618 794 700 procuracionis
814 619 991 685 confecerit.
1032 619 1150 685 Fontes
1176 621 1260 685 enirn
1288 622 1379 704 qnasi
1407 641 1497 705 quos-

192 717 267 782 dam
291 719 508 784 fraudacionis
535 721 688 802 aperuisti
714 728 809 802 atque
838 720 919 785 adeo
947 720 1076 786 creditis
1099 721 1132 785 in
1158 723 1251 786 rebus
1272 722 1496 788 labefactatam

191 820 284 884 fidem
306 822 428 902 arguis,
454 828 488 886 nt
510 823 561 888 vel
582 823 718 886 maxime
740 824 948 904 suspitionem
969 844 1098 889 moveas
1119 826 1262 906 quesisse
1283 825 1496 892 libellionem¹

178 922 318 1001 celandi
340 924 464 1006 peccati
487 922 684 989 diverticula.
727 924 811 1003 Quid
833 933 937 991 autem
959 927 1000 990 de
1020 927 1152 991 obscuro
1173 946 1212 991 ac
1228 928 1313 991 tenni
1330 929 1498 1012 pedagogo

191 1025 336 1089 Rhodio2
364 1025 531 1091 dicemus?
578 1028 613 1091 Si
641 1027 821 1109 honesturn,
850 1047 982 1109 equum,
1008 1048 1130 1110 verum,
1159 1037 1291 1110 rectum,
1319 1030 1498 1107 humanum,

134 1197 140 1207 ,
192 1127 367 1208 legitimum
406 1129 559 1210 magister
589 1137 737 1212 expetere
774 1140 806 1194 et
835 1130 925 1212 sequi
957 1131 1070 1210 noluit,
1102 1130 1214 1195 saltem
1251 1131 1362 1196 debuit
1397 1133 1497 1198 vitare

167 1228 343 1308 dedecus,
369 1231 578 1310 ignominiam
607 1237 638 1297 et
663 1233 881 1315 captacionem
908 1233 1036 1298 infamis
1063 1233 1149 1297 lucri.
1191 1232 1290 1298 Estne
1319 1233 1377 1298 hoc
1399 1234 1511 1316 philo·

191 1330 299 1413 sophi,
325 1331 378 1413 qni
401 1331 619 1396 adolescentes
640 1333 683 1396 ad
704 1333 829 1398 laudem
849 1339 880 1396 et
901 1332 997 1399 decus
1019 1333 1191 1400 incendens
1212 1335 1281 1416 ipse
1303 1343 1447 1416 questum
1467 1342 1498 1400 et

192 1433 402 1498 emolumenta
427 1433 612 1518 depravatis
637 1435 758 1499 artibus
790 1437 988 1518 aucupatur?
1040 1435 1131 1501 Nibil
1162 1456 1221 1519 ego
1253 1437 1356 1502 tribuo
1384 1438 1499 1502 fucosis

194 1536 406 1618 opinionibus,
436 1537 503 1600 sive
529 1536 600 1618 quis
628 1537 753 1602 Phristo
775 1537 843 1602 sive
867 1539 974 1602 virtuti
1001 1535 1158 1603 fallaciter
1184 1538 1345 1604 deserviat
1376 1558 1414 1602 ac
1444 1559 1503 1623 per,

192 1638 331 1721 speciem
363 1636 459 1702 oflicii
486 1639 584 1703 faciat
610 1638 824 1722 imposturam.
881 1639 966 1717 Quid
994 1647 1090 1705 restat
1121 1641 1183 1728 nisi
1211 1639 1289 1704 illud
1316 1659 1430 1721 unum,
1465 1649 1500 1705 nt

192 1739 409 1822 propulsemus
441 1739 608 1820 iniuriam,
644 1759 823 1822 quanquam
857 1741 933 1804 milri
974 1749 1135 1805 succurrat
1166 1743 1347 1824 paciencia,
1381 1751 1414 1806 ut
1445 1743 1499 1825 qui

192 1842 311 1906 soleam
336 1841 471 1907 tolerare
498 1841 657 1905 adversa?
710 1841 792 1904 Nam
820 1841 848 1906 si
872 1848 994 1906 tenerer
1015 1842 1188 1908 ulciscendi
1210 1842 1330 1924 studio,
1355 1863 1417 1908 non
1440 1845 1504 1908 tuti

188 1942 298 2009 'essent
315 1944 421 2008 Morus
442 1952 474 2009 et
493 1943 617 2024 Lotius,
640 1944 724 2025 quod
744 1943 802 2007 tibi
824 1943 919 2007 facile
941 1944 1101 2009 intellectu
1123 1953 1171 2010 est
1192 1945 1361 2010 Petreiana
1382 1945 1499 2026 legenti

192 2047 364 2129 promissa,
389 2065 450 2128 que
472 2046 588 2110 remitti
609 2045 689 2110 volo.
732 2046 824 2109 Nune
845 2046 971 2110 sublata
990 2047 1227 2111 concertacione
1249 2047 1381 2112 referam
1403 2048 1501 2134 multa

192 2148 345 2214 celeriter.
386 2147 529 2213 Rhodius
555 2149 634 2212 nihil
656 2148 743 2213 misit
766 2154 943 2213 retentums
963 2167 1110 2224 mercem,
1138 2149 1263 2231 opinor,
1294 2168 1364 2213 eum
1385 2151 1500 2232 precio.

194 2251 297 2314 Senex
320 2249 425 2340 ‘opilio
451 2251 527 2334 pagi
549 2250 740 2314 Sebonatis³
765 2249 842 2331 quid
871 2251 961 2330 agit‘l
1002 2250 1036 2314 Si
1059 2251 1214 2331 animam,
1241 2250 1342 2332 vigila
1368 2259 1402 2315 ut
1425 2252 1500 2316 lano

193 2354 382 2418 consulatur.
425 2353 460 2417 ln
483 2352 572 2416 libris
593 2352 814 2434 perquirendis
834 2351 894 2415 etsi
915 2352 989 2415 mali
1015 2371 1178 2436 perperam
1198 2361 1355 2417 conventa
1371 2354 1501 2434 faciant,

192 2462 297 2519 tamen
310 2454 481 2537 defatigari
492 2473 554 2519 non
566 2454 672 2519 debes.
704 2453 770 2519 Osi
789 2453 929 2518 viderem
943 2454 1075 2518 Marium
1088 2443 1305 2536 Eqrrieulnm4,
1327 2455 1499 2520 Antonium

194 2556 352 2621 Pabrum⁵
374 2557 406 2620 in
428 2557 643 2638 prefacionem
665 2555 777 2632 Plinii,
798 2554 970 2636 Egnatium
981 2555 1003 2630 ⁶,
1027 2555 1212 2638 Rhegiuml.
1253 2555 1338 2621 Nam
1358 2557 1500 2640 prefaoio

194 2660 319 2742 peperit
329 2649 487 2740 lignaeiol
508 2677 658 2740 magnum
676 2676 765 2741 opus,
786 2656 870 2738 qnod
886 2657 1125 2722 landatCrotos.
1159 2656 1246 2722 Idem
1266 2658 1325 2722 tibi
1344 2659 1499 2742 legendas

195 2761 249 2825 sed
272 2759 401 2826 tandem
423 2760 484 2824 sibi
503 2757 709 2825 remittendas
731 2760 856 2841 oggerit
874 2759 1062 2840 gladiatoris
1070 2759 1112 2840 (22)
1130 2759 1178 2824 sni
1190 2759 1307 2826 literas.
1339 2760 1500 2826 Debemus
1609 2813 1612 2820 .

195 2859 379 2944 coquinario
410 2861 544 2926 reditum
571 2861 854 2924 Cathennariunss.
885 2861 1000 2925 Statim
1022 2862 1193 2945 persolvas.
1225 2862 1424 2945 Aperbachis
1438 2863 1498 2926 llll

190 2981 307 3030 'aureos
337 2963 398 3029 fide
431 2965 514 3029 bona
545 2962 678 3028 tradam.
725 2961 823 3026 Fides
853 2963 937 3025 enim
965 2982 1025 3026 non
1054 2966 1185 3047 patitur,
1219 2971 1254 3027 ot
1282 2963 1432 3047 deceptus
1458 2967 1499 3031 ab

194 3068 316 3132 Rhodio
337 3067 495 3150 decipiam
520 3067 600 3130 alios
622 3065 702 3129 bene
723 3066 857 3129 meritos.
899 3064 961 3129 Dic
981 3071 1133 3147 quantum
1147 3065 1401 3150 christophoroi,
1422 3068 1499 3150 quid

195 3186 251 3249 pro
279 3165 439 3229 Hilario¹⁰
464 3170 496 3228 et
522 3163 637 3228 Iacobo
665 3162 827 3244 Spiegel¹¹
854 3163 1035 3228 debeamus.
1082 3163 1174 3227 Titus
1203 3163 1321 3228 Marius
1352 3163 1435 3228 dixit
1465 3185 1499 3230 se

193 3267 271 3332 mihi
298 3265 414 3331 debere
437 3250 578 3347 quatuor.
627 3263 780 3346 „Dabo“,
808 3263 926 3344 inquit,
961 3263 1010 3344 „si
1040 3264 1145 3343 vultis,
1179 3263 1342 3329 Urbano“.
1388 3267 1497 3332 Arrisi.

195 3369 229 3432 Si
251 3367 354 3446 dabit,
376 3369 473 3432 visita
493 3367 654 3430 dominam
681 3364 859 3429 Henrieam.
902 3365 1013 3429 Litora
1033 3364 1113 3429 feeit
1132 3366 1310 3432 Henrieam.
1352 3364 1497 3449 intellige

263 3478 502 3536 remarcuerunt
521 3477 573 3522 aaa
592 3476 726 3533 nor-mpor.
802 3458 814 3494 '³
837 3474 958 3519 r'mrearr
976 3473 1137 3520 ver-arastes
1148 3474 1196 3534 fis·
1215 3475 1305 3522 retro.

259 3630 270 3672 ¹
293 3634 316 3688 P
363 3635 423 3689 hus.

257 3653 443 3769 ²Viblrleioht
469 3714 519 3767 der
543 3712 581 3769 M.
607 3711 683 3764 1507
713 3711 742 3764 in
775 3711 871 3764 Erfurt
900 3708 1142 3764 immatrikulierts
1170 3711 1348 3767 Landsmann
1376 3713 1498 3770 Mutians

195 3796 350 3865 „Henrieus
368 3795 446 3850 Rode
468 3796 502 3847 de
523 3787 682 3847 Hombcre“
703 3793 769 3846 oder
790 3793 838 3845 der
857 3794 952 3861 spiiter
972 3791 1113 3844 erwiilrrrte
1137 3790 1298 3860 „Sebastiam
1320 3793 1470 3849 Rhodius.“

257 3870 490 3932 ³Vl.Br.252.
996 3873 1000 3880 '

255 3951 270 3994 ⁴
290 3893 394 4010 Mbrius
414 3953 584 4025 Aequicolns
605 3951 773 4008 Olivetanus.
813 3950 933 4021 Vgl.Br.
945 3949 1010 4005 324.

254 4029 269 4074 ⁵
289 4035 405 4090 Antonii
426 4035 509 4089 Fabri
529 4034 558 4086 in
580 4033 784 4088 Praefationcm
806 4031 947 4085 Naturalis
973 4031 1103 4086 historiae
1126 4031 1210 4085 Plinii
1232 4030 1496 4092 commentationes.

194 4115 266 4170 Rom
283 4114 369 4169 1510.
389 4115 430 4170 4⁰.
451 4115 515 4186 Vgl.
528 4113 634 4168 Panaer
643 4112 722 4180 VIII,
740 4110 765 4166 S.
777 4110 844 4165 250.

143 4249 147 4257 ,
255 4189 353 4251 61011.
374 4195 456 4265 Bapt.
476 4194 611 4265 Egnatius
631 4191 866 4261 (rara-1553),
893 4189 1039 4245 Professor
1058 4192 1115 4245 und
1137 4191 1310 4247 Mitarbeiter
1332 4195 1380 4248 des
1400 4194 1496 4250 Aldus.

257 4271 377 4345 ⁷Raph.
397 4276 511 4346 Regius.
552 4271 633 4328 Scine
655 4271 886 4342 Pliniusausgabe
905 4270 1030 4324 ersohien
1054 4269 1137 4325 1490.

256 4349 270 4394 ⁸
290 4356 496 4411 Katharinains.
538 4353 601 4424 Vgl.
622 4351 745 4406 Bnaas.

223 4432 225 4435 ¹
256 4430 270 4473 9
292 4436 356 4507 Vgl.
367 4436 410 4489 Br.
422 4435 480 4489 306
496 4433 522 4488 S.
533 4434 602 4499 399,
620 4431 704 4486 Anm.
717 4433 742 4486 o.

259 4510 288 4553 ¹0
307 4516 371 4588 vgr.
383 4516 429 4572 nr.
443 4515 510 4585 soc,
531 4513 597 4581 aaa,
618 4511 644 4567 s.
658 4511 726 4577 ars,
746 4510 825 4564 snm.
841 4510 867 4568 s.

258 4591 286 4634 ¹1
306 4596 424 4668 vgrnr.
436 4595 533 4649 nors.
545 4594 600 4647 ssr
615 4590 689 4646 anm
709 4591 736 4648 s.

247 4698 395 4747 demutent-«1.
400 4699 420 4738 (1.
427 4699 463 4739 Pr.
471 4698 493 4738 S.
502 4697 583 4738 xum
