3625 5192
284 311 336 371 310
660 286 921 384 Getchichtsquellen
941 314 990 369 der
1007 313 1081 369 Prov.
1101 310 1226 369 Sechsen.

286 465 516 531 iureconsultis.
559 465 712 530 Hocvero
734 462 979 528 simulachrum⁸
1001 461 1395 544 nihilhebeturrogencie,
1417 463 1480 528 imo
1492 462 1597 529 leudis

285 566 439 631 nonnihil.
489 567 545 655 Ait
576 566 660 630 enim
682 565 864 631 Hesiodusl
891 564 1133 646 antiquissimus
1155 572 1317 647 poetarum
1340 564 1505 629 dimidium
1527 584 1596 630 esse

284 669 356 753 plus
377 676 456 735 toto:
479 669 674 733 moderatum
695 667 901 732 immoderato
921 666 1051 750 pretulit
1100 664 1300 744 Quideutem
1315 666 1434 732 homini
1448 666 1597 749 religioso

284 779 316 837 et
326 754 539 855 Pythagorico
560 770 785 853 congruentius
807 789 900 851 quam
921 788 1016 833 auree
1034 767 1261 833 mediocritatis
1281 768 1399 833 habere
1421 768 1597 834 rationem?

286 873 398 955 ltaque
425 874 452 939 si
479 880 511 938 te
538 892 612 937 usus
642 872 729 936 anuli
760 879 887 954 reteque
916 871 1065 953 dedecet,
1097 871 1178 935 nihil
1209 878 1314 937 temen
1342 870 1502 955 prohibet,
1536 891 1597 954 quo

286 974 390 1041 minos
411 975 470 1040 hec
489 982 521 1040 te
541 983 617 1040 notu
637 974 759 1039 deceat.
802 973 890 1039 Vale.

364 1074 415 1141 Ad
431 1076 519 1142 t'eete
539 1075 724 1140 liertinelia
745 1075 882 1140 llllel.

302 1218 538 1337 „mrwlaehffi
558 1218 579 1264 1¹¹
599 1217 650 1264 250
669 1218 710 1264 sol.
725 1216 918 1265 retr-lete
946 1217 1023 1264 Gedr.
1040 1218 1063 1263 b.
1078 1217 1146 1265 Tzs.
1162 1213 1304 1264 186-187
1326 1216 1363 1263 bie
1381 1216 1431 1276 crof
1444 1216 1484 1263 dic
1496 1216 1598 1262 Adresse

286 1306 300 1335 t·
407 1306 439 1349 ις.

358 1390 370 1415 ⁸
389 1395 423 1441 Te
441 1394 608 1441 simulacrum.

843 1462 1044 1471 ——ssa

358 1724 420 1771 lint.
445 1726 560 1772 ermehnt
587 1714 635 1771 den
660 1726 700 1772 lle
729 1725 791 1771 bord
808 1738 833 1771 v.
852 1724 876 1770 d.
895 1722 1021 1773 Mertlron.
1045 1724 1072 1784 jo
1094 1726 1165 1771 mehr
1189 1724 1280 1771 Neider
1299 1724 1350 1769 und
1369 1724 1465 1770 Feinde
1487 1722 1531 1768 ihn
1554 1722 1596 1768 be-

289 1794 414 1853 drttngen,
436 1794 507 1841 desto
533 1796 603 1841 mehr
627 1796 704 1841 dure-lt
744 1796 801 1855 igne
819 1794 910 1840 Arbeit
932 1810 962 1840 zu
982 1794 1081 1843 lcieten.
1117 1796 1150 1841 Er
1168 1794 1234 1841 sielrt
1251 1795 1304 1841 sich
1324 1802 1397 1841 nnter
1416 1793 1464 1840 deu
1485 1792 1598 1839 Erfurter

287 1864 401 1912 duristerr
420 1866 486 1911 nach
504 1865 608 1925 jemand
629 1880 684 1923 um,
709 1865 765 1911 dem
790 1879 817 1911 er
838 1864 891 1910 sich
914 1879 990 1923 unger
1008 1866 1176 1911 nnselrliessen
1200 1865 1304 1913 lriinrrte.
1342 1866 1440 1911 Zuletzt
1458 1863 1554 1909 lrommt
1571 1877 1599 1909 er

288 1935 334 1981 suf
354 1935 403 1981 den
430 1936 508 1981 sehon
535 1936 611 1981 littere
634 1935 797 1981 ventilierten
819 1934 925 1980 Arrlreul
942 1935 1100 1994 juristiselrer
1122 1934 1216 1981 Werko
1243 1950 1287 1981 nus
1310 1934 1355 1981 der
1382 1932 1527 1980 Bibliothelr
1555 1932 1599 1978 dos

283 2006 372 2065 jllngst
390 2004 571 2051 verstorberrerr
589 2005 713 2051 Biermost
731 2020 761 2051 zu
781 2006 911 2065 spreclren.

369 2101 600 2167 Herebordo
621 2102 777 2184 Magerito
798 2102 958 2167 Mutianus
980 2101 1088 2166 Rullus.

370 2206 401 2269 S.
443 2204 603 2282 Quantum
623 2204 749 2269 barbari
762 2204 979 2269 clamdestinis
997 2204 1138 2269 vafriciis
1155 2212 1240 2269 tuam
1260 2204 1467 2270 eruditionem
1480 2223 1600 2286 oppug-

187 2293 190 2296 ’
290 2315 381 2388 nent,
409 2312 531 2371 tantum
559 2305 616 2370 tibi
639 2305 821 2370 enitendum
841 2314 905 2381 est,
933 2312 966 2370 ut
987 2306 1078 2388 plura
1097 2306 1138 2370 sd
1160 2326 1286 2370 menum
1308 2305 1449 2388 presidia
1469 2304 1599 2370 habeas.

291 2409 361 2492 Ego
388 2417 420 2474 te
445 2408 630 2489 admonere,
658 2406 789 2481 nornri,
818 2408 939 2471 auxilio
961 2407 1019 2472 tibi
1042 2427 1112 2473 esse
1134 2428 1189 2490 pro
1211 2407 1415 2472 lacultatibns
1436 2428 1497 2473 non
1518 2408 1600 2473 desi-

291 2532 365 2577 nam
406 2510 492 2592 liges
515 2510 548 2573 in
571 2510 747 2594 istaturba
773 2509 958 2574 fautoribus.
1002 2504 1084 2573 N'sm
1106 2511 1159 2591 qui
1187 2510 1248 2575 sibi
1272 2510 1353 2575 scire
1381 2509 1529 2575 videntur
1549 2511 1600 2575 vel

292 2613 400 2679 usibus
421 2612 525 2678 edocti
550 2611 601 2676 vel
626 2612 813 2693 garrulitate
838 2611 1002 2693 conspicui
1027 2611 1078 2677 vel
1099 2611 1228 2676 solertia
1249 2613 1486 2695 calliditateque
1513 2618 1601 2677 nota-

293 2716 382 2795 biles,
402 2715 427 2778 ii
444 2714 510 2779 l'ere
528 2722 700 2796 eequumm
720 2732 774 2778 eos
791 2713 974 2778 scribentes.
1019 2712 1124 2777 Utitur
1136 2714 1302 2779 hocverbo
1322 2720 1416 2798 poeta
1426 2713 1600 2780 Ovidius2:

288 1600 369 1667 23⁸2.
390 1598 435 1670 ll.
458 1616 504 1665 un
524 1598 758 1841 HereborKr.
771 1598 806 1671 d.
822 1598 996 1670 llortlren.
1067 1599 1308 1685 (nothelme.
1338 1596 1597 1682 (legerimus.)

294 2816 463 2898 „Denique
488 2835 550 2880 non
580 2815 675 2880 video
709 2814 749 2879 de
774 2820 820 2878 tot
846 2814 1057 2879 scribentibus
1080 2835 1191 2891 tinum,
1226 2836 1319 2897 quem
1351 2836 1409 2881 sus
1429 2814 1603 2899 perdiderit

293 2920 393 2999 Musa,
414 2925 557 3001 repertus
578 2918 667 2999 ego.“
709 2917 781 2996 nos,
803 2917 942 2998 inquam,
963 2918 1146 2987 scribentes,
1166 2918 1301 2999 quoseit
1317 2936 1386 2982 cum
1399 2918 1549 2983 Bartholo
1571 2926 1603 2981 et

294 3021 396 3086 Baldo
431 3019 575 3085 Codrus3
605 3026 677 3083 tuus
709 3026 895 3103 putrescere.
947 3019 1084 3084 Diversa
1114 3019 1211 3101 igitur
1234 3020 1340 3084 studia
1372 3020 1601 3086 dissensionem

295 3124 430 3205 pariunt.
471 3121 608 3187 Gentilis
630 3128 701 3184 tuus
725 3120 894 3201 Martinus,
918 3121 977 3186 nisi
999 3122 1031 3185 in
1053 3120 1164 3185 eedem
1187 3127 1271 3186 esset
1292 3122 1411 3201 heresi,
1433 3142 1498 3205 qua
1518 3128 1601 3187 totus

293 3226 370 3291 ordo
401 3223 665 3308 iurisperitorum,
698 3222 860 3287 vindicare
891 3231 923 3287 te
954 3224 1083 3288 deberet
1109 3223 1151 3288 ab
1177 3224 1251 3289 odio
1280 3224 1483 3305 collegarum.
1538 3223 1603 3289 Sed

293 3326 417 3393 fastidit
445 3328 593 3407 antiqua,
623 3325 764 3388 umbram
791 3332 892 3405 tenet,
925 3346 986 3391 non
1011 3344 1124 3408 eorpus
1150 3326 1227 3389 iuris
1254 3332 1287 3389 ut
1314 3338 1514 3409 personatus,
1540 3347 1601 3391 non

294 3450 387 3494 veros
413 3431 575 3513 interpres.
622 3426 706 3503 Quid
733 3426 810 3489 milri
841 3427 994 3508 pollicear
1019 3426 1060 3492 de
1082 3426 1359 3508 Francobergi04?
1400 3428 1498 3491 Heret
1518 3428 1602 3492 leco-

296 3533 400 3597 birine
442 3530 526 3609 Quid
547 3528 786 3595 Otthersnus‘l6
828 3528 928 3593 Homo
955 3536 1002 3595 est
1030 3529 1223 3613 spectabilis.
1273 3529 1433 3594 Salutavit
1459 3548 1508 3593 me
1528 3529 1603 3595 olim

296 3634 327 3697 in
358 3632 526 3717 gymnasio
554 3630 753 3696 Bononiensi.
804 3632 886 3695 Ante
920 3640 952 3694 et
985 3639 1057 3717 post
1089 3630 1121 3695 id
1151 3638 1275 3715 tempos
1308 3650 1369 3695 non
1401 3640 1450 3697 est
1483 3651 1604 3696 meeum

295 3737 424 3801 locutus.
465 3734 558 3799 Putat
578 3732 747 3799 Bartholus
777 3754 840 3798 non
868 3752 940 3799 esse
967 3735 1078 3817 longos
1104 3733 1248 3799 homines
1268 3733 1446 3817 sapientes,
1468 3730 1550 3819 qrr'od
1573 3741 1605 3797 et

294 3838 441 3902 Persius⁷
463 3836 627 3901 hocversu
650 3836 770 3901 occulte
792 3836 947 3899 insinuat:
971 3834 1183 3917 „Sembubnm
1203 3835 1296 3900 citius
1317 3835 1422 3900 caloni
1443 3832 1605 3949 aptaveris
1676 3820 1680 3829 ’

301 3988 502 3999 —---—---

357 4076 368 4118 ¹
386 4070 486 4157 Ἔργα
504 4073 556 4133 καὶ
570 4068 676 4153 ἡμέραι
691 4080 729 4133 40
744 4068 840 4143 νήπιοι
857 4065 925 4135 οὐδὲ
945 4075 1049 4149 ἴσασιν,
1070 4070 1130 4152 ὅσῳ
1152 4071 1241 4134 πλέον
1258 4070 1348 4155 ἥμισυ
1364 4068 1486 4146 παντὸς.

354 4156 368 4199 ²
389 4160 493 4214 nestra
513 4160 550 4228 11,
571 4158 748 4217 res-ros.

355 4234 370 4279 ³
392 4240 456 4311 Vgl.
475 4240 520 4293 Br.
539 4240 576 4294 19
596 4240 622 4294 S.
631 4240 670 4293 30
691 4242 772 4296 Arrm.
785 4242 811 4293 2.

353 4316 368 4360 ⁴
388 4321 453 4392 vgl.
474 4320 519 4376 Br.
536 4321 590 4374 191
614 4319 641 4375 S.
653 4320 711 4374 266
732 4322 815 4379 Anm.
829 4322 853 4374 6.

352 4396 441 4456 ³Die
461 4400 615 4472 Anhiinger
634 4402 683 4456 des
703 4401 826 4456 Jeeobus
845 4400 1005 4455 Dolintoris.
1046 4402 1109 4475 Vgl.
1126 4400 1169 4456 Br.
1185 4398 1239 4453 191
1265 4400 1290 4458 S.
1303 4400 1360 4455 266
1382 4401 1504 4459 Amul.

354 4476 452 4554 ⁶vgr
472 4481 517 4535 nr.
531 4480 587 4534 221
610 4479 705 4534 sene
727 4481 809 4535 nnn.
823 4480 850 4533 r.

355 4558 368 4605 7
389 4562 509 4620 Persius.
533 4561 567 4618 V.
589 4560 633 4616 95.
