3625 5192
643 347 732 409 Bricle
750 346 870 410 Mutiuns
890 346 948 408 102.
969 348 1025 407 lut.
1454 345 1504 404 lta

197 501 309 570 iterum
329 499 492 587 flagitatas
511 503 568 568 tris
590 503 707 568 libros¹
731 502 990 568 transmittendos
1011 507 1143 568 curaret.
1187 500 1258 566 Non
1277 519 1404 584 possum
1426 501 1503 566 mibi

196 605 236 670 de
258 606 349 670 vobis
371 626 432 672 nou
454 607 560 672 omnia
582 607 733 688 polliceri,
755 625 834 688 quos
856 607 983 690 penitus
1003 607 1134 672 dinosco
1147 605 1251 670 etmei
1267 604 1504 670 amantissimos

198 727 267 774 esse
289 709 363 774 seio.
406 709 517 774 Servet
539 709 702 776 vasileus
726 709 911 776 benedictus
933 709 966 772 in
988 709 1103 774 secula.

277 810 432 876 Mittimus
453 813 577 892 nugas2
598 811 795 894 aliquasnou
809 810 990 876 illiberales.
1035 809 1380 892 lucendaslorespero.
1422 807 1505 873 Nam

198 919 231 976 at
247 913 469 978 dissidentium
491 913 666 978 calumnias
687 914 789 978 levius
809 914 919 994 teram,
940 913 1059 978 talibus
1072 911 1203 976 ludicris
1212 911 1301 975 lirino
1322 930 1373 976 me
1392 911 1505 993 ipsam.

197 1016 308 1097 Neque
327 1016 411 1080 eninr
432 1016 527 1080 lanile
551 1024 598 1080 est
620 1015 778 1099 placidum
806 1023 838 1080 et
860 1016 1064 1097 tranquillum
1086 1015 1227 1078 animum
1249 1015 1383 1078 retinere
1405 1021 1437 1076 et
1458 1013 1505 1078 iu-

197 1118 295 1183 iurias
315 1125 410 1199 atoue
432 1117 622 1182 offensiones
643 1119 848 1200 superborum
870 1118 1045 1202 despicere,
1069 1119 1131 1183 nisi
1151 1116 1296 1183 ludamus
1315 1124 1348 1182 et
1368 1116 1507 1181 ioeemur

196 1239 266 1286 cunr
286 1221 405 1286 amicis.
448 1220 634 1286 Adversarii
662 1221 761 1286 nostri
784 1221 964 1304 nequeumt
989 1220 1097 1286 oculos
1123 1219 1262 1284 tenebris
1294 1223 1438 1284 amuetos
1463 1217 1506 1282 ad

196 1322 297 1388 lucem
326 1323 492 1406 perspicue
522 1323 666 1388 veritatis
686 1323 831 1388 attollere
853 1323 1035 1406 similesque
1061 1329 1135 1388 sunt
1157 1321 1348 1402 bubonibus,
1374 1339 1506 1402 quoram

199 1425 346 1490 intuitum
368 1445 430 1490 nox
453 1425 626 1502 illuminat,
646 1425 717 1492 dies
737 1435 834 1492 cecat.
878 1426 977 1491 Belua
997 1432 1086 1504 sunt,
1115 1425 1176 1490 etsi
1195 1423 1364 1488 rideantur
1389 1422 1507 1488 babere

199 1545 312 1612 corpus
330 1527 512 1592 humanum.
544 1527 689 1594 Mordent
710 1528 793 1594 enim
816 1537 848 1594 et
870 1528 987 1593 latrant
1007 1536 1158 1610 nuquam
1179 1545 1285 1592 canes
1322 1524 1413 1590 Alios
1430 1544 1506 1590 aua-

200 1630 280 1694 ricia
301 1631 522 1713 rapacitasque
544 1631 635 1715 lupos
657 1631 748 1704 lacit,
772 1632 829 1698 alii
855 1632 964 1699 loreas
990 1630 1111 1696 babent
1135 1636 1167 1694 ct
1196 1629 1345 1712 vulpinas
1373 1627 1508 1693 insidias

199 1739 341 1812 nectunt,
368 1732 423 1797 alii
445 1733 572 1800 volatici
595 1739 668 1798 sunt
689 1742 720 1799 et
741 1734 874 1800 mobiles
894 1735 996 1798 instar
1015 1733 1137 1804 arium,
1167 1750 1271 1814 neque
1290 1729 1382 1796 deest
1402 1730 1508 1796 amica

197 1836 285 1900 lutol
307 1855 369 1901 sus.
413 1835 482 1917 Ego
491 1855 615 1919 quoque
637 1837 719 1902 inter
733 1843 779 1901 tot
803 1837 913 1902 beluas
934 1836 1025 1919 quasi
1047 1834 1157 1917 segnis
1176 1841 1209 1900 et
1224 1831 1371 1918 stupidas
1390 1831 1508 1899 asellus

199 1944 308 2020 torpeo
339 1944 370 2001 et
403 1957 510 2004 vocem
547 1937 678 2004 latinam
710 1938 859 2022 doctique
891 1939 1006 2022 probos
1033 1955 1194 2004 sermones
1219 1935 1313 2002 amisi
1339 1933 1507 2000 clamando

198 2040 315 2120 iugiter
334 2059 404 2104 cum
426 2041 534 2116 asinis,
557 2061 596 2104 ne
617 2042 773 2123 gregatim
796 2062 845 2106 me
867 2041 1010 2106 calcibus
1030 2041 1188 2106 infestent.
1230 2039 1265 2104 Si
1287 2057 1350 2120 qua
1371 2055 1507 2118 unquam

198 2141 257 2206 ibit
278 2141 309 2206 in
330 2161 379 2206 me
400 2149 455 2206 aot
476 2142 596 2224 ingenii
619 2149 674 2208 aut
696 2142 839 2210 doctrine
861 2144 945 2219 laus,
976 2163 1046 2209 eam
1069 2141 1232 2208 stultorum
1255 2139 1402 2220 contagio
1422 2139 1508 2204 delet

198 2251 230 2308 et
253 2243 359 2308 inlicit.

481 2346 590 2427 „Quid
611 2347 743 2428 dignum
765 2348 891 2414 stolidis
909 2349 1066 2413 mentibus
1088 2347 1262 2430 imprecer?

440 2449 535 2533 (lpus,
558 2449 691 2515 bonores
712 2451 863 2527 ambiant,

441 2549 482 2614 Et
502 2569 572 2616 curn
594 2551 677 2617 l'alsa
698 2554 789 2634 gravi
810 2554 891 2618 mole
914 2553 1106 2637 paraverint,

439 2653 521 2718 Tum
545 2673 622 2718 uera
642 2661 837 2736 cognoscant
859 2655 971 2720 boua.“

203 2800 403 2864 HecBoetii⁵
425 2799 521 2865 verba
539 2807 620 2864 sunt.
663 2801 744 2864 Nam
768 2821 844 2865 vera
863 2801 947 2866 bona
962 2799 1099 2865 nondum
1116 2809 1247 2885 possunt
1258 2799 1435 2882 perspicere
1455 2819 1508 2863 ne

200 2904 337 2967 scientes
368 2901 494 2966 uirtutis
528 2922 675 2967 coronam
709 2923 779 2967 esse
810 2903 1013 2985 tranquillam
1048 2905 1146 2968 vitam
1182 2903 1277 2968 nullis
1308 2902 1509 2968 allectionem

201 3004 347 3068 ductibus
370 3005 537 3068 turbatam
588 3005 723 3070 luscinia
752 3007 818 3070 veri
850 3006 1017 3069 consilium
1046 3007 1181 3090 impedit
1207 3013 1238 3070 et
1263 3005 1371 3070 oculos
1394 3004 1510 3071 mentis

201 3107 394 3190 perstringit.
440 3106 577 3189 ideoque
598 3127 730 3190 peccare
752 3127 786 3173 se
808 3128 869 3173 non
882 3107 1335 3173 eemuntderrahendonobis
1355 3107 1509 3192 premium

201 3217 233 3274 et
254 3209 386 3290 gloriam
411 3216 442 3273 et
466 3211 554 3274 sanis
571 3209 683 3273 intirmi
706 3210 874 3289 urinantur,
897 3231 971 3275 nam
983 3210 1223 3293 medicisegcnt
1243 3218 1275 3275 et
1295 3218 1367 3274 sont
1388 3209 1509 3272 miseri-

201 3309 311 3374 cordia
331 3313 436 3394 magis
456 3331 550 3394 quam
571 3311 644 3375 odio
673 3313 773 3394 digni.
806 3313 895 3391 ,Quis
920 3315 1003 3378 enim
1033 3314 1220 3395 languentes
1246 3313 1350 3377 oderit
1370 3311 1457 3375 vitiis
1478 3317 1509 3375 et

201 3413 335 3477 cecitate
363 3413 550 3478 laborantes.
594 3415 699 3478 Causa
726 3415 799 3479 rurali
829 3424 878 3480 eet
905 3416 1065 3500 opimonis
1095 3415 1174 3480 talse
1202 3414 1316 3496 caligo.
1364 3412 1510 3478 Concitet

202 3516 285 3580 enim
318 3535 372 3580 eos
404 3516 549 3598 publicus
583 3536 669 3581 error
696 3523 727 3581 et
753 3525 859 3583 eterne
888 3519 968 3600 legis
995 3519 1184 3600 ignorantia.
1234 3517 1341 3596 ertdu
1368 3523 1400 3580 tu
1430 3515 1510 3580 reris

267 3687 276 3728 ¹
298 3689 465 3762 vg1.Br.90
483 3691 510 3748 S.
523 3689 586 3747 129.
599 3691 713 3748 Aumb.
755 3688 769 3730 ‘²
791 3693 1033 3748 Wahrschciolich
1054 3692 1357 3748 satirischeElaboratc
1373 3691 1445 3745 nach
1457 3689 1511 3744 Art.

202 3771 293 3826 dcsin
308 3769 352 3825 Br.
368 3770 404 3824 73
428 3771 619 3842 mitgeteilten.
662 3767 904 3844 ³Vgl.Boethius.
935 3775 980 3829 De
999 3791 1074 3829 cons.
1095 3774 1163 3843 phil.
1181 3771 1361 3840 1u‚4.79-
1380 3771 1426 3826 82.
1457 3769 1510 3826 No-

203 3859 310 3921 queunt
331 3851 404 3906 euim
423 3852 519 3906 oculos
529 3853 651 3907 tenebris
661 3860 785 3908 assumes
796 3855 831 3908 ad
841 3855 932 3908 lucem
944 3855 1107 3924 perspicuae
1118 3852 1242 3908 veritatis
1252 3853 1380 3908 attollere
1391 3851 1510 3906 similes-

170 3957 173 3966 ·
203 3949 258 4002 quc
277 3931 374 3986 avibus
393 3939 471 4000 sunt,
492 3950 608 4001 quiarum
629 3933 761 3987 intuitum
783 3952 836 3988 nox
858 3934 1020 3999 inluminat,
1040 3934 1099 3988 dics
1120 3941 1223 3990 caecat.
1283 3928 1398 3987 ⁴Nacb
1420 3932 1511 3986 lloraz

202 4011 327 4082 Epistcln
342 4011 365 4081 1,
376 4011 401 4066 2.
414 4011 461 4066 26.
523 4007 700 4068 issoethins.
741 4013 784 4068 De
808 4033 883 4069 cons.
902 4014 970 4086 phil.
987 4015 1038 4069 lll.
1057 4015 1166 4069 naemu
1186 4033 1210 4068 v.
1223 4013 1361 4068 18-21,
1411 4007 1509 4082 ivgi.

203 4090 345 4162 Boethius,
366 4091 409 4145 Dc
432 4110 505 4146 corus.
528 4093 594 4163 phil.
614 4093 663 4149 lV.
685 4103 762 4149 metr.
786 4095 813 4152 d.

595 4207 624 4263 Si
644 4210 685 4264 vis
709 4209 775 4265 celsi
798 4211 857 4266 iura
878 4212 1001 4267 tonantis

556 4289 630 4344 Pura
651 4291 747 4345 sollers
769 4309 880 4347 corruere
902 4299 1005 4355 noento,

555 4370 656 4440 Aspice
679 4372 778 4425 summi
801 4373 924 4427 culrniua
943 4372 1012 4426 caeli

555 4450 616 4504 lllic
638 4451 710 4506 iusto
732 4452 843 4508 loedere
863 4472 955 4507 remum

556 4531 684 4586 Veterem
707 4541 816 4588 servant
837 4534 925 4587 sidera
946 4551 1042 4602 pacoro

556 4610 617 4665 Non
639 4613 680 4666 sol
703 4613 786 4667 rutilo
809 4615 935 4668 concitus
957 4615 1020 4684 igue
