3625 5192
391 363 618 433 Berichtigungen
639 363 693 418 und
710 359 864 433 Naelrtriege
881 382 914 420 zu
932 365 983 419 den
999 348 1133 434 Reigaben
1151 365 1197 419 des
1215 363 1383 422 Brieitextes.
1486 369 1536 422 sos

231 518 361 584 responde
380 535 426 584 pro
445 523 493 571 tna
509 516 651 570 sententio.
688 515 805 570 Tautillo
825 517 896 570 cuim
917 521 1034 580 tempore
1053 518 1087 570 sd
1106 517 1228 570 effectum
1248 535 1305 584 nree
1324 519 1461 587 petitionis
1480 539 1538 588 per·

233 598 337 658 sineere
355 613 406 650 non
426 601 509 664 potes.
545 596 623 649 Potes
642 613 704 650 sero
724 612 757 650 ex
775 596 856 664 hypsi
874 595 1025 663 trerprentes
1049 597 1082 649 ad
1106 613 1147 650 me
1167 597 1359 664 proficiscentes
1379 599 1477 654 babere
1497 607 1537 654 ta·

233 677 359 731 belliones
377 681 405 728 ct
425 677 494 744 apud
514 676 647 730 blicitium
665 680 784 730 uestrum
803 681 832 729 et
851 677 924 730 alios
961 676 1050 730 Scribe
1069 677 1152 730 otiam
1171 677 1204 730 ad
1219 677 1380 743 Medianum,
1399 680 1483 734 scribe
1503 684 1537 734 ad

233 757 306 817 otim,
324 774 388 824 qum
406 756 471 808 tides
491 756 565 810 nebis
583 757 663 822 neris,
685 761 714 810 ut
734 754 786 808 tibi
807 755 834 808 in
853 756 1020 810 restituendo
1034 756 1115 809 Hesso
1135 761 1181 810 tuo
1199 757 1297 822 adsint,
1314 758 1428 818 faueant,
1449 765 1537 828 patro-

232 838 363 891 cinentur.
400 837 460 889 'l'ibi
481 836 528 889 uui
550 837 620 889 bane
641 835 804 900 provinciam
827 834 1002 902 iniungimus.
1025 835 1093 888 irene
1116 835 1247 889 sarcinam
1272 836 1388 891 humeris
1412 839 1465 893 tuis
1489 841 1537 892 im-

232 916 366 983 ponimus,
392 933 472 983 urtam
495 931 543 980 pro
564 915 651 969 arnico
672 915 823 970 subiturum
847 919 875 968 te
899 915 1023 968 lubenter
1045 915 1110 969 nibil
1133 915 1232 968 dit'tido.
1268 915 1433 984 scripsissem
1452 921 1537 974 multo

234 997 311 1063 ptura
333 1000 361 1049 et
384 997 418 1049 ad
441 1001 469 1049 te
493 1001 521 1049 et
544 995 680 1049 etiamad
702 994 868 1058 Mutiauum‚
891 995 942 1047 nisi
967 994 1085 1062 pericula
1104 994 1204 1048 riarum
1225 994 1377 1049 timuissem.
1414 999 1537 1052 lllutiano

233 1075 348 1128 enimin
368 1074 504 1142 presentia
523 1074 588 1128 nihil
607 1075 693 1128 scribo
711 1079 852 1128 contentus
873 1075 907 1128 ad
928 1079 955 1128 te
975 1074 1109 1140 scripsisse
1128 1091 1170 1127 me
1188 1073 1212 1127 ei
1235 1073 1301 1127 nibil
1327 1074 1450 1131 scribere
1488 1080 1537 1130 Ge·

233 1160 319 1207 terum
338 1155 458 1209 omuibus
476 1153 593 1207 numeris
611 1153 678 1208 bene
696 1153 778 1208 valeo.
813 1154 871 1207 lloe
890 1171 941 1207 turo
955 1153 1062 1206 inloelix
1080 1169 1146 1206 sum.
1166 1155 1232 1220 rpnod
1252 1171 1269 1206 a
1287 1155 1430 1209 sodalitate
1449 1161 1537 1211 restra

233 1234 424 1288 iucundissima
446 1237 475 1288 et
497 1233 664 1302 politioribus
686 1234 773 1288 literis
798 1235 890 1288 elisum
915 1233 1026 1301 longius.
1063 1231 1161 1293 Scripsi
1184 1233 1232 1286 bec
1255 1233 1290 1286 ad
1314 1251 1463 1300 uesperum,
1486 1255 1537 1304 quo

231 1331 309 1368 mane
329 1315 450 1368 abiturus
468 1318 528 1366 erat.
547 1314 663 1367 tabellio.
701 1314 830 1381 Quocirca
848 1313 915 1366 nihil
934 1317 984 1368 est.
1003 1313 1038 1364 rni
1058 1312 1207 1378 Spalutine.
1226 1313 1294 1380 qued
1314 1313 1428 1368 latinum
1447 1331 1536 1382 speres

231 1393 343 1447 llessum
359 1397 435 1447 tuum
454 1394 481 1447 in
500 1393 552 1446 hiis
572 1393 738 1460 pedestribus
758 1393 953 1459 scriptionibus.
973 1391 1017 1459 qni
1034 1409 1093 1444 eum
1113 1390 1240 1444 i‘olonieis
1258 1393 1453 1448 ructationibus
1471 1395 1536 1449 ianr-

231 1473 333 1536 pridem
352 1489 456 1527 omnem
485 1477 558 1538 caste
576 1478 606 1526 et
624 1489 684 1539 rere
702 1472 849 1526 latinitatis
867 1473 1032 1540 splendorem
1052 1471 1222 1539 permutauit.
1259 1471 1366 1537 ignosce
1384 1472 1480 1540 igitur.
1506 1478 1537 1527 nt

230 1551 318 1607 debes.
338 1551 448 1619 ineptiis
465 1551 563 1605 uestris
581 1556 609 1605 et
627 1552 777 1606 amiciciam
795 1557 914 1604 metram
933 1551 1052 1605 attende.
1071 1567 1122 1603 neu
1145 1549 1251 1604 dicendi
1263 1551 1432 1618 elegantiam.
1461 1555 1537 1622 Vale,

230 1630 267 1683 mi
287 1629 433 1698 Spalatiue.
452 1648 554 1698 meque.
574 1635 604 1684 ut
622 1631 695 1687 sacis.
715 1647 776 1684 ame
796 1637 824 1685 et
843 1631 985 1696 aliquande
1005 1630 1113 1692 respice.

300 1710 342 1765 Er
360 1710 517 1780 Riselbnrge
531 1703 693 1765 Pr'ussiatieo
709 1712 796 1766 alters
814 1711 858 1765 die
876 1709 1022 1764 Christiani
1040 1708 1179 1764 l'asebatis
1197 1726 1266 1763 auno
1286 1710 1385 1763 b'bristi
1405 1711 1518 1770 leXll.

1199 1798 1349 1854 Eobanus
1373 1801 1501 1855 Hessns.

301 1871 355 1924 Iler
374 1870 486 1925 letetere
507 1869 583 1924 Briet
596 1871 697 1925 leutet:

1050 1939 1195 1993 Franksurt
1213 1939 1268 2004 alO.
1292 1942 1365 1995 1513.
1402 1943 1458 1996 Mai
1477 1945 1500 1996 2.

302 2029 441 2094 Spalatino
466 2029 566 2083 bomini
587 2070 593 2080 .
613 2071 618 2080 .
640 2029 757 2082 .literas
783 2027 849 2081 bene
876 2030 963 2092 docto,
991 2028 1091 2097 optime
1119 2027 1234 2082 maxime
1261 2046 1320 2096 stro,
1348 2032 1418 2097 apud
1445 2031 1536 2085 divum

230 2107 406 2162 Fridcricum.
425 2110 519 2162 ducem
538 2107 651 2174 Saxouie
669 2113 720 2161 ete.

300 2186 326 2242 S.
345 2189 370 2240 d.
408 2187 436 2240 Si
454 2188 534 2252 vales,
555 2187 622 2241 bene
640 2192 690 2242 est.
709 2204 758 2255 ege
776 2187 882 2255 quidem
896 2187 1012 2254 perbelle
1026 2187 1108 2240 raleo.
1145 2188 1219 2253 Quod
1229 2188 1313 2241 rarius
1323 2205 1356 2242 ex
1374 2206 1416 2242 me
1436 2190 1537 2250 literas,

230 2283 309 2332 quam
330 2267 511 2323 amieodebes,
531 2267 636 2334 accipis,
657 2267 811 2320 charissime
821 2266 966 2335 Spalatine,
986 2265 1287 2334 nenmeauegligeutia.
1307 2270 1352 2320 sed
1364 2269 1536 2323 tabellionum

231 2347 264 2398 sd
284 2351 312 2399 te
330 2347 452 2400 cientium
473 2346 571 2400 raritas
592 2346 664 2400 facit.
702 2345 777 2400 Nrruc
800 2363 862 2400 sero
879 2363 939 2400 cum
958 2363 990 2400 ex
1009 2345 1116 2400 Prnssia
1134 2345 1294 2412 secesserim,
1318 2354 1379 2412 (uon
1403 2349 1473 2402 enim
1492 2351 1537 2402 de-

231 2426 308 2487 cessi)
327 2424 519 2494 frequentiores
537 2427 571 2480 ad
593 2431 619 2479 te
638 2427 730 2480 literas
748 2424 819 2480 dabo
838 2429 867 2480 et
886 2425 913 2478 id
928 2441 1000 2478 mere
1018 2429 1116 2488 nestra
1137 2425 1173 2478 mi
1184 2425 1327 2491 Spslatine.
1364 2427 1448 2480 Rudis
1465 2427 1537 2482 euim

230 2505 300 2571 apud
317 2510 352 2571 te,
370 2505 504 2558 hominem
517 2505 579 2558 boni
594 2504 694 2560 iudicii.
710 2521 767 2558 esse
785 2523 836 2558 non
852 2522 950 2562 uereor,
971 2504 1080 2558 temetsi
1099 2502 1183 2558 latine
1201 2503 1266 2557 nibil
1282 2519 1393 2570 possum.
1429 2507 1537 2560 Permu-

232 2584 285 2636 tari
306 2589 395 2637 tamen
415 2582 591 2647 Risentupum
612 2602 672 2638 eum
690 2584 907 2654 Franeoplnrrdie
930 2601 962 2638 ca
986 2590 1076 2637 tarneu
1100 2583 1309 2651 pennutatione,
1333 2601 1382 2650 une
1401 2585 1452 2639 nisi
1471 2590 1537 2639 teru-

230 2679 347 2728 porauca
373 2679 429 2715 esse
451 2680 503 2716 uon
530 2664 616 2716 debet.
662 2663 700 2716 Et
724 2669 755 2716 nt
778 2681 834 2717 rem
857 2664 977 2731 apertius
995 2663 1118 2730 accipias.
1147 2662 1311 2716 liberalitate
1334 2662 1459 2730 principis
1484 2666 1537 2718 mei

231 2741 276 2793 hic'
301 2740 349 2792 sub
381 2741 492 2808 iuridice
523 2742 631 2807 milieici
665 2741 872 2810 imperatoribus
898 2759 1003 2796 mereor
1030 2748 1186 2809 accepturus
1215 2743 1269 2794 ileo
1298 2740 1403 2795 tarento
1431 2741 1538 2797 biennio

232 2820 343 2886 probate
363 2819 471 2888 miliciei
493 2822 697 2889 pulcherrimam
715 2824 876 2876 mercedem:
900 2821 1011 2876 rubram
1031 2821 1136 2875 tiaram.
1167 2820 1210 2874 bit
1227 2820 1294 2874 bene
1314 2825 1425 2875 uertant.
1464 2824 1538 2877 lacta

230 2905 271 2951 cst
291 2898 358 2952 alea.
395 2900 424 2951 ln
442 2917 533 2953 omnes
552 2888 670 2968 Feriunc
689 2901 759 2954 lusus
777 2902 913 2966 expositus
934 2918 999 2954 sum.
1037 2900 1245 2966 Vuittebnrgnrn
1264 2899 1460 2962 concessissem,
1485 2902 1535 2955 nisi

231 2983 269 3031 tu.
288 2979 368 3045 (quod
383 2979 467 3033 amice
477 2984 505 3032 et
518 2979 631 3033 officiose
650 2979 724 3033 facist
741 2997 785 3033 me
803 2979 999 3033 absterruisses.
1036 2977 1404 3046 Nuneprimumlrueappuli.
1441 2981 1538 3035 tlrnuia

230 3058 316 3110 adbuc
334 3073 369 3110 ex
384 3058 520 3112 sententia
539 3060 643 3112 cedunt.
680 3059 750 3125 Quid
769 3059 889 3113 futurum
907 3059 952 3116 sit,
972 3058 1098 3122 aeternari
1117 3075 1167 3110 non
1183 3075 1295 3124 possum.
1314 3057 1428 3112 scribam
1448 3065 1537 3114 tamen

230 3136 375 3202 diligenter
392 3142 421 3189 et
440 3139 488 3190 hoc
503 3142 532 3191 et
550 3138 611 3191 alia.
647 3137 754 3191 literas
776 3142 844 3193 tuas.
862 3155 928 3206 quas
947 3137 973 3190 in
994 3137 1101 3190 lbussie
1118 3138 1220 3206 accepi,
1239 3153 1328 3190 omnes
1347 3153 1397 3190 nen
1414 3154 1487 3192 secus
1507 3156 1539 3193 ae

230 3218 339 3268 deorum
360 3217 537 3269 ccrurmunium
556 3216 682 3283 reliquias
700 3233 810 3270 verterer
827 3219 856 3272 et
874 3223 966 3270 sancte
985 3215 1111 3270 custodio.
1149 3216 1315 3268 Prcsentium
1336 3216 1413 3282 later,
1433 3235 1538 3284 cesaree

231 3294 381 3349 maiestatis
403 3296 528 3356 rumeins,
554 3295 644 3350 omnia
667 3295 717 3349 tibi
739 3302 864 3365 exponet.
902 3297 986 3351 Homo
1008 3296 1080 3350 enirn
1102 3302 1144 3350 est
1167 3296 1232 3362 bene
1251 3295 1325 3354 fidei,
1348 3295 1460 3362 iucunde
1478 3314 1538 3350 con·

233 3372 394 3433 suetudinis,
413 3374 457 3441 qni
475 3379 502 3428 et
521 3374 574 3428 suis
592 3374 665 3442 cquis
685 3391 719 3428 ex
736 3375 869 3430 Posnauia
889 3377 1023 3444 hueusque
1041 3393 1084 3430 me
1103 3373 1217 3430 adrexit.
1255 3373 1331 3427 llune
1349 3390 1412 3441 rogo
1431 3381 1538 3442 propter

230 3468 273 3503 me
291 3452 433 3506 honorifice
452 3454 494 3519 (ut
512 3458 588 3522 potes
607 3458 699 3507 tantus
714 3453 828 3516 anticus)
850 3461 957 3510 tractes.
995 3453 1096 3518 Scribe,
1115 3471 1168 3520 ore,
1178 3453 1381 3520 quamprimum,
1399 3453 1538 3520 placeatne

232 3529 281 3583 tibi
299 3529 456 3585 institutum
473 3549 569 3586 meum.
606 3532 707 3586 ludieio
726 3532 796 3587 euim
816 3539 862 3588 tuo
876 3540 1007 3602 qnantum
1026 3533 1150 3596 tribuam,
1169 3548 1302 3599 nunquam
1320 3531 1385 3584 satis
1406 3531 1538 3585 creditum

230 3613 279 3662 est.
315 3611 356 3664 De
372 3609 458 3665 fratre
475 3628 534 3666 meo
552 3611 615 3679 quid
638 3617 667 3665 et
690 3611 735 3664 nbi
755 3619 832 3680 agat,
856 3614 877 3666 si
896 3619 984 3682 petes,
1008 3613 1149 3666 certiorem
1167 3627 1210 3664 me
1227 3609 1315 3664 facito.
1352 3610 1458 3664 litteras
1479 3615 1539 3664 tues

229 3687 299 3742 omrri
315 3690 349 3743 de
366 3696 495 3745 renostra
509 3691 627 3760 copiosas
640 3691 873 3760 desyderatissinre
891 3699 1009 3760 experte.
1045 3691 1121 3754 Vale,
1140 3688 1332 3758 miSpalatine,
1350 3706 1451 3760 meque,
1470 3691 1537 3758 quod

229 3767 294 3820 sacis
321 3785 389 3823 ema.

301 3846 342 3899 Ex
360 3847 576 3917 l·'raneoplnu·dio
594 3849 629 3903 ad
648 3849 771 3902 Odorem.
809 3851 852 3902 Ad
872 3849 991 3918 vigiliam
1012 3849 1120 3903 intente
1139 3847 1228 3902 Crucis
1249 3847 1373 3900 bent

1162 3937 1233 3988 'litus
1253 3935 1376 3989 liobanus
1397 3936 1502 3988 Hcssus.

229 4055 302 4108 Seite
322 4057 373 4106 4119
392 4057 467 4111 ⁴inm.
485 4059 502 4110 2
519 4059 568 4112 lies
586 4059 902 4113 Heautontimorumenos
921 4065 990 4112 statt
1010 4059 1130 4112 llcsuton
1152 4057 1347 4110 tiruorumenos.

266 4165 282 4191 ‚‚
327 4127 378 4180 117
425 4169 440 4193 ,,
485 4129 509 4182 t.
545 4129 595 4182 Die
614 4130 641 4182 in
661 4130 735 4183 ltede
752 4129 881 4183 stebeude
899 4129 999 4183 Schriit
1018 4129 1054 4182 ist
1073 4129 1120 4181 der
1139 4127 1265 4194 ltialogns
1283 4128 1317 4179 de
1334 4126 1536 4192 ‹rpurortunitate

603 4200 736 4263 temporis.
773 4199 884 4266 Neapoli
904 4200 980 4252 1507.
1018 4199 1091 4252 Nacb
1108 4199 1216 4259 Parruer,
1236 4197 1301 4248 siun
1313 4203 1365 4264 typ.
1377 4196 1432 4248 Vll.
1443 4197 1500 4248 see.
1512 4198 1535 4249 8.

266 4307 280 4332 ,,
327 4266 379 4318 420
424 4309 440 4331 ,,
485 4271 509 4321 b.
546 4269 576 4321 ln
600 4271 648 4323 der
670 4269 795 4324 Erfurter
814 4269 1089 4323 Studeutenmatrilrel
1115 4269 1223 4330 (Ostern
1246 4265 1325 4322 lblll
1344 4266 1427 4320 lreisst
1446 4267 1536 4320 Stolou

597 4340 637 4394 ais
663 4340 864 4394 Rekteruttbler
891 4340 1043 4401 „Heuricus
1071 4337 1251 4407 Dyppacbius,
1282 4337 1409 4393 bonarum
1436 4336 1537 4393 artium

598 4409 727 4476 magister
744 4409 971 4463 facundissimns“

265 4517 280 4543 ‚,
324 4477 375 4530 trs
396 4478 460 4531 uber
478 4477 521 4531 Bc.
532 4479 583 4531 3:32
602 4479 649 4533 lies
669 4479 720 4544 ‚,M.
738 4479 891 4533 auUrbau“
911 4485 980 4534 ststt
998 4479 1049 4546 „bl
1065 4495 1099 4534 an
1111 4475 1245 4534 Hereberd
1262 4492 1310 4532 rou
1325 4477 1372 4536 der
1382 4476 1537 4536 1111111011·Ι

783 4610 984 4623 ---υ··-·-·····ιπ

281 4685 639 4736 desento-noquerasxvrrr.
1315 4665 1349 4725 ’.11
