<?xml version="1.0" encoding="UTF-8"?>
<!DOCTYPE html PUBLIC "-//W3C//DTD XHTML 1.0 Transitional//EN"
    "http://www.w3.org/TR/xhtml1/DTD/xhtml1-transitional.dtd">
<html xmlns="http://www.w3.org/1999/xhtml" xml:lang="en" lang="en">
 <head>
  <title>
</title>
<meta http-equiv="Content-Type" content="text/html;charset=utf-8" />
  <meta name='ocr-system' content='tesseract 3.04.00' />
  <meta name='ocr-capabilities' content='ocr_page ocr_carea ocr_par ocr_line ocrx_word'/>
</head>
<body>
  <div class='ocr_page' id='page_1' title='image "./derbriefwechsel00sachgoog_0202.png"; bbox 0 0 3625 5192; ppageno 0'>
   <div class='ocr_carea' id='block_1_1' title="bbox 677 357 1474 414">
    <p class='ocr_par' dir='ltr' id='par_1_1' title="bbox 677 357 1474 414">
     <span class='ocr_line' id='line_1_1' title="bbox 677 357 1474 414; baseline 0 -4"><span class='ocrx_word' id='word_1_1' title='bbox 677 357 765 412; x_wconf 88' lang='lat' dir='ltr'><strong>Briele</strong></span> <span class='ocrx_word' id='word_1_2' title='bbox 784 357 903 413; x_wconf 79' lang='lat' dir='ltr'><strong>Mutisus</strong></span> <span class='ocrx_word' id='word_1_3' title='bbox 923 359 964 412; x_wconf 74' lang='grc'><strong>93.</strong></span> <span class='ocrx_word' id='word_1_4' title='bbox 1424 360 1474 414; x_wconf 72' lang='lat' dir='ltr'><strong>lat</strong></span> 
     </span>
    </p>
   </div>
   <div class='ocr_carea' id='block_1_2' title="bbox 164 499 1476 3868">
    <p class='ocr_par' dir='ltr' id='par_1_2' title="bbox 164 499 1476 3868">
     <span class='ocr_line' id='line_1_2' title="bbox 171 499 1475 589; baseline 0.005 -21"><span class='ocrx_word' id='word_1_5' title='bbox 171 503 201 568; x_wconf 93' lang='lat' dir='ltr'><strong>iu</strong></span> <span class='ocrx_word' id='word_1_6' title='bbox 224 514 358 568; x_wconf 80' lang='lat' dir='ltr'>mentem</span> <span class='ocrx_word' id='word_1_7' title='bbox 381 523 506 586; x_wconf 86' lang='lat' dir='ltr'><strong>grecum</strong></span> <span class='ocrx_word' id='word_1_8' title='bbox 530 505 607 569; x_wconf 88' lang='lat' dir='ltr'><strong>illud</strong></span> <span class='ocrx_word' id='word_1_9' title='bbox 632 506 830 589; x_wconf 86' lang='lat' dir='ltr'><strong>prouerbium</strong></span> <span class='ocrx_word' id='word_1_10' title='bbox 844 506 983 589; x_wconf 60' lang='lat' dir='ltr'><strong>„tumeo</strong></span> <span class='ocrx_word' id='word_1_11' title='bbox 1004 499 1198 587; x_wconf 71' lang='grc' dir='ltr'>ἀνάστασις,“</span> <span class='ocrx_word' id='word_1_12' title='bbox 1220 505 1254 572; x_wconf 82' lang='lat' dir='ltr'><strong>io</strong></span> <span class='ocrx_word' id='word_1_13' title='bbox 1273 514 1337 588; x_wconf 83' lang='lat' dir='ltr'><strong>est,</strong></span> <span class='ocrx_word' id='word_1_14' title='bbox 1359 510 1475 575; x_wconf 82' lang='lat' dir='ltr'><strong>Stulto-</strong></span> 
     </span>
     <span class='ocr_line' id='line_1_3' title="bbox 171 607 1476 692; baseline 0.005 -20"><span class='ocrx_word' id='word_1_15' title='bbox 171 627 235 672; x_wconf 89' lang='lat' dir='ltr'><strong>rum</strong></span> <span class='ocrx_word' id='word_1_16' title='bbox 265 607 479 672; x_wconf 86' lang='lat' dir='ltr'><strong>r·osurrcctio.“</strong></span> <span class='ocrx_word' id='word_1_17' title='bbox 528 608 585 672; x_wconf 87' lang='lat' dir='ltr'><strong>llic</strong></span> <span class='ocrx_word' id='word_1_18' title='bbox 615 608 674 673; x_wconf 92' lang='lat' dir='ltr'><strong>tibi</strong></span> <span class='ocrx_word' id='word_1_19' title='bbox 700 608 885 688; x_wconf 79' lang='lat' dir='ltr'><strong>confitebor,</strong></span> <span class='ocrx_word' id='word_1_20' title='bbox 918 610 1021 692; x_wconf 86' lang='lat' dir='ltr'><strong>qualis</strong></span> <span class='ocrx_word' id='word_1_21' title='bbox 1046 616 1121 676; x_wconf 90' lang='lat' dir='ltr'><strong>tuuc</strong></span> <span class='ocrx_word' id='word_1_22' title='bbox 1147 607 1242 676; x_wconf 84' lang='lat' dir='ltr'><strong>luerit</strong></span> <span class='ocrx_word' id='word_1_23' title='bbox 1270 613 1476 678; x_wconf 86' lang='lat' dir='ltr'><strong>raciooiuatio</strong></span> 
     </span>
     <span class='ocr_line' id='line_1_4' title="bbox 170 709 1474 796; baseline 0.003 -22"><span class='ocrx_word' id='word_1_24' title='bbox 170 719 284 775; x_wconf 85' lang='lat' dir='ltr'><strong>nostra.</strong></span> <span class='ocrx_word' id='word_1_25' title='bbox 335 709 498 774; x_wconf 74' lang='lat' dir='ltr'><strong>Adversus</strong></span> <span class='ocrx_word' id='word_1_26' title='bbox 530 710 673 774; x_wconf 87' lang='lat' dir='ltr'><strong>consulta</strong></span> <span class='ocrx_word' id='word_1_27' title='bbox 703 717 826 794; x_wconf 88' lang='lat' dir='ltr'><strong>patrum</strong></span> <span class='ocrx_word' id='word_1_28' title='bbox 858 717 890 774; x_wconf 90' lang='lat' dir='ltr'><strong>et</strong></span> <span class='ocrx_word' id='word_1_29' title='bbox 925 711 1055 776; x_wconf 82' lang='lat' dir='ltr'><strong>decreta</strong></span> <span class='ocrx_word' id='word_1_30' title='bbox 1086 711 1264 796; x_wconf 81' lang='lat' dir='ltr'>principum</span> <span class='ocrx_word' id='word_1_31' title='bbox 1302 714 1474 779; x_wconf 88' lang='lat' dir='ltr'><strong>remedium</strong></span> 
     </span>
     <span class='ocr_line' id='line_1_5' title="bbox 169 811 1476 898; baseline 0.005 -22"><span class='ocrx_word' id='word_1_32' title='bbox 169 813 287 878; x_wconf 86' lang='lat' dir='ltr'><strong>nullum</strong></span> <span class='ocrx_word' id='word_1_33' title='bbox 309 821 372 893; x_wconf 88' lang='lat' dir='ltr'><strong>est,</strong></span> <span class='ocrx_word' id='word_1_34' title='bbox 397 812 458 878; x_wconf 91' lang='lat' dir='ltr'><strong>nisi</strong></span> <span class='ocrx_word' id='word_1_35' title='bbox 480 813 611 878; x_wconf 87' lang='lat' dir='ltr'><strong>inventa</strong></span> <span class='ocrx_word' id='word_1_36' title='bbox 632 811 726 878; x_wconf 89' lang='lat' dir='ltr'><strong>luerit</strong></span> <span class='ocrx_word' id='word_1_37' title='bbox 747 813 917 878; x_wconf 88' lang='lat' dir='ltr'><strong>eorundem</strong></span> <span class='ocrx_word' id='word_1_38' title='bbox 945 814 1112 896; x_wconf 88' lang='lat' dir='ltr'><strong>potestatis</strong></span> <span class='ocrx_word' id='word_1_39' title='bbox 1134 813 1294 878; x_wconf 87' lang='lat' dir='ltr'><strong>homiuum</strong></span> <span class='ocrx_word' id='word_1_40' title='bbox 1322 817 1476 898; x_wconf 75' lang='lat' dir='ltr'><strong>posterior</strong></span> 
     </span>
     <span class='ocr_line' id='line_1_6' title="bbox 169 914 1476 998; baseline 0.003 -18"><span class='ocrx_word' id='word_1_41' title='bbox 169 915 368 995; x_wconf 84' lang='lat' dir='ltr'><strong>constitucio,</strong></span> <span class='ocrx_word' id='word_1_42' title='bbox 397 934 457 997; x_wconf 90' lang='lat' dir='ltr'><strong>que</strong></span> <span class='ocrx_word' id='word_1_43' title='bbox 478 915 520 978; x_wconf 90' lang='lat' dir='ltr'><strong>sit</strong></span> <span class='ocrx_word' id='word_1_44' title='bbox 542 914 636 998; x_wconf 87' lang='lat' dir='ltr'><strong>priori</strong></span> <span class='ocrx_word' id='word_1_45' title='bbox 662 914 830 980; x_wconf 89' lang='lat' dir='ltr'><strong>contraria.</strong></span> <span class='ocrx_word' id='word_1_46' title='bbox 874 915 945 978; x_wconf 92' lang='lat' dir='ltr'><strong>Non</strong></span> <span class='ocrx_word' id='word_1_47' title='bbox 969 922 1018 980; x_wconf 90' lang='lat' dir='ltr'><strong>est</strong></span> <span class='ocrx_word' id='word_1_48' title='bbox 1039 915 1125 980; x_wconf 88' lang='lat' dir='ltr'><strong>euim</strong></span> <span class='ocrx_word' id='word_1_49' title='bbox 1146 935 1275 996; x_wconf 88' lang='lat' dir='ltr'><strong>novum,</strong></span> <span class='ocrx_word' id='word_1_50' title='bbox 1303 925 1338 981; x_wconf 90' lang='lat' dir='ltr'><strong>ut</strong></span> <span class='ocrx_word' id='word_1_51' title='bbox 1365 918 1476 984; x_wconf 87' lang='lat' dir='ltr'><strong>scribit</strong></span> 
     </span>
     <span class='ocr_line' id='line_1_7' title="bbox 168 1017 1476 1102; baseline 0.002 -20"><span class='ocrx_word' id='word_1_52' title='bbox 168 1018 285 1084; x_wconf 88' lang='lat' dir='ltr'><strong>Paulus</strong></span> <span class='ocrx_word' id='word_1_53' title='bbox 312 1017 550 1083; x_wconf 83' lang='lat' dir='ltr'><strong>iurisconsultus</strong></span> <span class='ocrx_word' id='word_1_54' title='bbox 560 1019 582 1097; x_wconf 77' lang='lat'><strong>²,</strong></span> <span class='ocrx_word' id='word_1_55' title='bbox 617 1023 650 1080; x_wconf 91' lang='lat' dir='ltr'><strong>ut</strong></span> <span class='ocrx_word' id='word_1_56' title='bbox 679 1017 800 1100; x_wconf 83' lang='lat' dir='ltr'>priores</span> <span class='ocrx_word' id='word_1_57' title='bbox 826 1018 914 1099; x_wconf 88' lang='lat' dir='ltr'><strong>leges</strong></span> <span class='ocrx_word' id='word_1_58' title='bbox 948 1018 991 1082; x_wconf 83' lang='lat' dir='ltr'><strong>ari</strong></span> <span class='ocrx_word' id='word_1_59' title='bbox 1029 1018 1219 1102; x_wconf 69' lang='lat' dir='ltr'>posteriores</span> <span class='ocrx_word' id='word_1_60' title='bbox 1251 1020 1417 1084; x_wconf 79' lang='lat' dir='ltr'><strong>trahantur</strong></span> <span class='ocrx_word' id='word_1_61' title='bbox 1443 1033 1476 1086; x_wconf 87' lang='lat' dir='ltr'><strong>et</strong></span> 
     </span>
     <span class='ocr_line' id='line_1_8' title="bbox 168 1120 1475 1203; baseline 0.002 -17"><span class='ocrx_word' id='word_1_62' title='bbox 168 1121 357 1202; x_wconf 87' lang='lat' dir='ltr'><strong>posteriores</strong></span> <span class='ocrx_word' id='word_1_63' title='bbox 378 1120 419 1184; x_wconf 89' lang='lat' dir='ltr'><strong>ad</strong></span> <span class='ocrx_word' id='word_1_64' title='bbox 442 1121 562 1202; x_wconf 81' lang='lat' dir='ltr'><strong>priores</strong></span> <span class='ocrx_word' id='word_1_65' title='bbox 582 1121 772 1203; x_wconf 87' lang='lat' dir='ltr'><strong>pertineant,</strong></span> <span class='ocrx_word' id='word_1_66' title='bbox 795 1121 885 1202; x_wconf 78' lang='lat' dir='ltr'><strong>orroei</strong></span> <span class='ocrx_word' id='word_1_67' title='bbox 904 1120 1227 1186; x_wconf 83' lang='lat' dir='ltr'><strong>‹liceretcoutrarium</strong></span> <span class='ocrx_word' id='word_1_68' title='bbox 1250 1122 1300 1186; x_wconf 88' lang='lat' dir='ltr'><strong>ius</strong></span> <span class='ocrx_word' id='word_1_69' title='bbox 1320 1141 1383 1188; x_wconf 89' lang='lat' dir='ltr'><strong>nou</strong></span> <span class='ocrx_word' id='word_1_70' title='bbox 1404 1142 1475 1188; x_wconf 87' lang='lat' dir='ltr'><strong>esse</strong></span> 
     </span>
     <span class='ocr_line' id='line_1_9' title="bbox 168 1222 1475 1309; baseline 0.002 -21"><span class='ocrx_word' id='word_1_71' title='bbox 168 1223 338 1288; x_wconf 78' lang='lat' dir='ltr'><strong>l&#39;erenrlum.</strong></span> <span class='ocrx_word' id='word_1_72' title='bbox 381 1223 452 1289; x_wconf 90' lang='lat' dir='ltr'><strong>Non</strong></span> <span class='ocrx_word' id='word_1_73' title='bbox 464 1231 513 1287; x_wconf 87' lang='lat' dir='ltr'><strong>est</strong></span> <span class='ocrx_word' id='word_1_74' title='bbox 528 1223 625 1304; x_wconf 87' lang='lat' dir='ltr'><strong>igitur</strong></span> <span class='ocrx_word' id='word_1_75' title='bbox 636 1225 752 1305; x_wconf 76' lang='grc' dir='ltr'>μωρῶνι</span> <span class='ocrx_word' id='word_1_76' title='bbox 774 1222 949 1301; x_wconf 88' lang='lat' dir='ltr'><strong>stultorum,</strong></span> <span class='ocrx_word' id='word_1_77' title='bbox 963 1222 1020 1288; x_wconf 87' lang='lat' dir='ltr'><strong>sed</strong></span> <span class='ocrx_word' id='word_1_78' title='bbox 1035 1223 1341 1306; x_wconf 78' lang='lat' dir='ltr'><strong>sapientissimorum</strong></span> <span class='ocrx_word' id='word_1_79' title='bbox 1355 1224 1475 1309; x_wconf 88' lang='lat' dir='ltr'><strong>opinio,</strong></span> 
     </span>
     <span class='ocr_line' id='line_1_10' title="bbox 168 1323 1473 1410; baseline 0.002 -20"><span class='ocrx_word' id='word_1_80' title='bbox 168 1345 262 1407; x_wconf 83' lang='lat' dir='ltr'><strong>qnam</strong></span> <span class='ocrx_word' id='word_1_81' title='bbox 284 1326 316 1390; x_wconf 90' lang='lat' dir='ltr'><strong>iu</strong></span> <span class='ocrx_word' id='word_1_82' title='bbox 338 1325 481 1409; x_wconf 83' lang='lat' dir='ltr'><strong>symbolo</strong></span> <span class='ocrx_word' id='word_1_83' title='bbox 502 1323 576 1388; x_wconf 89' lang='lat' dir='ltr'><strong>lidei</strong></span> <span class='ocrx_word' id='word_1_84' title='bbox 602 1331 633 1390; x_wconf 91' lang='lat' dir='ltr'><strong>et</strong></span> <span class='ocrx_word' id='word_1_85' title='bbox 659 1325 728 1407; x_wconf 89' lang='lat' dir='ltr'><strong>spei</strong></span> <span class='ocrx_word' id='word_1_86' title='bbox 751 1332 855 1390; x_wconf 87' lang='lat' dir='ltr'><strong>nostre</strong></span> <span class='ocrx_word' id='word_1_87' title='bbox 883 1324 1034 1390; x_wconf 88' lang='lat' dir='ltr'><strong>decantat</strong></span> <span class='ocrx_word' id='word_1_88' title='bbox 1061 1325 1198 1390; x_wconf 82' lang='lat' dir='ltr'><strong>eeclesia</strong></span> <span class='ocrx_word' id='word_1_89' title='bbox 1228 1327 1473 1410; x_wconf 83' lang='lat' dir='ltr'><strong>preludicioruur</strong></span> 
     </span>
     <span class='ocr_line' id='line_1_11' title="bbox 167 1425 1476 1512; baseline -0.001 -20"><span class='ocrx_word' id='word_1_90' title='bbox 167 1429 198 1492; x_wconf 88' lang='lat' dir='ltr'><strong>vi</strong></span> <span class='ocrx_word' id='word_1_91' title='bbox 225 1437 257 1493; x_wconf 89' lang='lat' dir='ltr'><strong>et</strong></span> <span class='ocrx_word' id='word_1_92' title='bbox 285 1427 472 1493; x_wconf 87' lang='lat' dir='ltr'><strong>auctoritate</strong></span> <span class='ocrx_word' id='word_1_93' title='bbox 505 1425 686 1506; x_wconf 85' lang='lat' dir='ltr'><strong>pontificum</strong></span> <span class='ocrx_word' id='word_1_94' title='bbox 720 1425 904 1492; x_wconf 86' lang='lat' dir='ltr'><strong>confirmata</strong></span> <span class='ocrx_word' id='word_1_95' title='bbox 937 1435 970 1490; x_wconf 88' lang='lat' dir='ltr'><strong>et</strong></span> <span class='ocrx_word' id='word_1_96' title='bbox 1000 1427 1128 1510; x_wconf 89' lang='lat' dir='ltr'><strong>publice</strong></span> <span class='ocrx_word' id='word_1_97' title='bbox 1161 1435 1296 1512; x_wconf 87' lang='lat' dir='ltr'><strong>recepta.</strong></span> <span class='ocrx_word' id='word_1_98' title='bbox 1348 1427 1476 1510; x_wconf 80' lang='lat' dir='ltr'><strong>Dogana</strong></span> 
     </span>
     <span class='ocr_line' id='line_1_12' title="bbox 168 1527 1474 1613; baseline 0.002 -19"><span class='ocrx_word' id='word_1_99' title='bbox 168 1539 304 1595; x_wconf 87' lang='lat' dir='ltr'><strong>nostrum</strong></span> <span class='ocrx_word' id='word_1_100' title='bbox 326 1530 372 1596; x_wconf 89' lang='lat' dir='ltr'><strong>sio</strong></span> <span class='ocrx_word' id='word_1_101' title='bbox 394 1529 498 1594; x_wconf 89' lang='lat' dir='ltr'><strong>habet</strong></span> <span class='ocrx_word' id='word_1_102' title='bbox 540 1528 589 1594; x_wconf 83' lang='lat' dir='ltr'><strong>uh</strong></span> <span class='ocrx_word' id='word_1_103' title='bbox 613 1527 645 1592; x_wconf 87' lang='lat' dir='ltr'><strong>id</strong></span> <span class='ocrx_word' id='word_1_104' title='bbox 668 1529 836 1612; x_wconf 85' lang='lat' dir='ltr'><strong>ambiguas</strong></span> <span class='ocrx_word' id='word_1_105' title='bbox 847 1530 881 1594; x_wconf 90' lang='lat' dir='ltr'><strong>iu</strong></span> <span class='ocrx_word' id='word_1_106' title='bbox 892 1549 929 1594; x_wconf 96' lang='lat' dir='ltr'><strong>eo</strong></span> <span class='ocrx_word' id='word_1_107' title='bbox 943 1529 1059 1594; x_wconf 89' lang='lat' dir='ltr'><strong>librare</strong></span> <span class='ocrx_word' id='word_1_108' title='bbox 1070 1531 1250 1596; x_wconf 83' lang='lat' dir='ltr'><strong>sentencias</strong></span> <span class='ocrx_word' id='word_1_109' title='bbox 1271 1530 1474 1613; x_wconf 84' lang='lat' dir='ltr'><strong>sacrilegium</strong></span> 
     </span>
     <span class='ocr_line' id='line_1_13' title="bbox 168 1630 1474 1713; baseline 0.002 -16"><span class='ocrx_word' id='word_1_110' title='bbox 168 1640 225 1698; x_wconf 91' lang='lat' dir='ltr'><strong>est.</strong></span> <span class='ocrx_word' id='word_1_111' title='bbox 274 1631 385 1713; x_wconf 84' lang='lat' dir='ltr'><strong>Neque</strong></span> <span class='ocrx_word' id='word_1_112' title='bbox 411 1630 563 1696; x_wconf 88' lang='lat' dir='ltr'><strong>audiendi</strong></span> <span class='ocrx_word' id='word_1_113' title='bbox 593 1637 679 1708; x_wconf 85' lang='lat' dir='ltr'><strong>sunt,</strong></span> <span class='ocrx_word' id='word_1_114' title='bbox 714 1633 768 1713; x_wconf 86' lang='lat' dir='ltr'><strong>qui</strong></span> <span class='ocrx_word' id='word_1_115' title='bbox 800 1651 857 1696; x_wconf 89' lang='lat' dir='ltr'><strong>nos</strong></span> <span class='ocrx_word' id='word_1_116' title='bbox 890 1630 1103 1713; x_wconf 81' lang='lat' dir='ltr'><strong>philosarcas:</strong></span> <span class='ocrx_word' id='word_1_117' title='bbox 1133 1640 1293 1698; x_wconf 87' lang='lat' dir='ltr'><strong>amatores</strong></span> <span class='ocrx_word' id='word_1_118' title='bbox 1322 1633 1474 1713; x_wconf 86' lang='lat' dir='ltr'><strong>carnium,</strong></span> 
     </span>
     <span class='ocr_line' id='line_1_14' title="bbox 166 1725 1474 1818; baseline 0.002 -20"><span class='ocrx_word' id='word_1_119' title='bbox 166 1733 283 1800; x_wconf 83' lang='lat' dir='ltr'><strong>dicunt.</strong></span> <span class='ocrx_word' id='word_1_120' title='bbox 316 1725 397 1817; x_wconf 81' lang='grc' dir='ltr'>Σάρξ</span> <span class='ocrx_word' id='word_1_121' title='bbox 418 1734 500 1800; x_wconf 92' lang='lat' dir='ltr'><strong>enim</strong></span> <span class='ocrx_word' id='word_1_122' title='bbox 524 1754 596 1798; x_wconf 89' lang='lat' dir='ltr'><strong>caro</strong></span> <span class='ocrx_word' id='word_1_123' title='bbox 616 1741 673 1798; x_wconf 89' lang='lat' dir='ltr'><strong>est.</strong></span> <span class='ocrx_word' id='word_1_124' title='bbox 714 1732 819 1812; x_wconf 87' lang='lat' dir='ltr'><strong>Miror,</strong></span> <span class='ocrx_word' id='word_1_125' title='bbox 840 1733 919 1814; x_wconf 87' lang='lat' dir='ltr'><strong>quid</strong></span> <span class='ocrx_word' id='word_1_126' title='bbox 929 1734 1116 1816; x_wconf 62' lang='lat' dir='ltr'><strong>§palatinus</strong></span> <span class='ocrx_word' id='word_1_127' title='bbox 1138 1735 1255 1800; x_wconf 87' lang='lat' dir='ltr'><strong>habeat</strong></span> <span class='ocrx_word' id='word_1_128' title='bbox 1277 1736 1309 1798; x_wconf 89' lang='lat' dir='ltr'><strong>iu</strong></span> <span class='ocrx_word' id='word_1_129' title='bbox 1329 1735 1474 1818; x_wconf 84' lang='lat' dir='ltr'><strong>symbolo</strong></span> 
     </span>
     <span class='ocr_line' id='line_1_15' title="bbox 166 1829 1471 1920; baseline 0.001 -19"><span class='ocrx_word' id='word_1_130' title='bbox 166 1857 271 1920; x_wconf 83' lang='lat' dir='ltr'><strong>groco,</strong></span> <span class='ocrx_word' id='word_1_131' title='bbox 290 1858 331 1902; x_wconf 90' lang='lat' dir='ltr'><strong>au</strong></span> <span class='ocrx_word' id='word_1_132' title='bbox 351 1840 456 1920; x_wconf 76' lang='grc' dir='ltr'>νεκρῶν</span> <span class='ocrx_word' id='word_1_133' title='bbox 478 1829 638 1907; x_wconf 78' lang='grc' dir='ltr'>ἀνάστασις</span> <span class='ocrx_word' id='word_1_134' title='bbox 659 1855 700 1900; x_wconf 88' lang='lat' dir='ltr'><strong>an</strong></span> <span class='ocrx_word' id='word_1_135' title='bbox 725 1835 824 1900; x_wconf 89' lang='lat' dir='ltr'><strong>aliter.</strong></span> <span class='ocrx_word' id='word_1_136' title='bbox 868 1834 976 1917; x_wconf 83' lang='lat' dir='ltr'><strong>Aliqui</strong></span> <span class='ocrx_word' id='word_1_137' title='bbox 993 1834 1103 1900; x_wconf 84' lang='lat' dir='ltr'><strong>dicunt</strong></span> <span class='ocrx_word' id='word_1_138' title='bbox 1124 1835 1293 1918; x_wconf 83' lang='lat' dir='ltr'><strong>legendum</strong></span> <span class='ocrx_word' id='word_1_139' title='bbox 1315 1856 1385 1902; x_wconf 89' lang='lat' dir='ltr'><strong>esse</strong></span> <span class='ocrx_word' id='word_1_140' title='bbox 1406 1857 1471 1902; x_wconf 91' lang='lat' dir='ltr'><strong>oor·</strong></span> 
     </span>
     <span class='ocr_line' id='line_1_16' title="bbox 168 1937 1474 2022; baseline -0.001 -17"><span class='ocrx_word' id='word_1_141' title='bbox 168 1941 253 2022; x_wconf 89' lang='lat' dir='ltr'><strong>poris</strong></span> <span class='ocrx_word' id='word_1_142' title='bbox 274 1939 532 2005; x_wconf 76' lang='lat' dir='ltr'><strong>resurrectionem</strong></span> <span class='ocrx_word' id='word_1_143' title='bbox 555 1939 768 2020; x_wconf 85' lang='lat' dir='ltr'><strong>intelligentes</strong></span> <span class='ocrx_word' id='word_1_144' title='bbox 789 1957 903 2021; x_wconf 84' lang='lat' dir='ltr'><strong>corpus</strong></span> <span class='ocrx_word' id='word_1_145' title='bbox 928 1937 1058 2002; x_wconf 63' lang='lat' dir='ltr'><strong>alfrium.</strong></span> <span class='ocrx_word' id='word_1_146' title='bbox 1100 1938 1175 2002; x_wconf 74' lang='lat' dir='ltr'><strong>Alia</strong></span> <span class='ocrx_word' id='word_1_147' title='bbox 1195 1947 1244 2003; x_wconf 88' lang='lat' dir='ltr'><strong>est</strong></span> <span class='ocrx_word' id='word_1_148' title='bbox 1265 1940 1349 2004; x_wconf 88' lang='lat' dir='ltr'><strong>euim</strong></span> <span class='ocrx_word' id='word_1_149' title='bbox 1368 1941 1474 2005; x_wconf 87' lang='lat' dir='ltr'><strong>caruis</strong></span> 
     </span>
     <span class='ocr_line' id='line_1_17' title="bbox 167 2039 1475 2125; baseline 0 -17"><span class='ocrx_word' id='word_1_150' title='bbox 167 2043 232 2108; x_wconf 90' lang='lat' dir='ltr'><strong>alia</strong></span> <span class='ocrx_word' id='word_1_151' title='bbox 253 2041 393 2125; x_wconf 87' lang='lat' dir='ltr'><strong>corporis</strong></span> <span class='ocrx_word' id='word_1_152' title='bbox 418 2039 572 2106; x_wconf 86' lang='lat' dir='ltr'><strong>definicio.</strong></span> <span class='ocrx_word' id='word_1_153' title='bbox 620 2039 731 2105; x_wconf 80' lang='lat' dir='ltr'><strong>(imnis</strong></span> <span class='ocrx_word' id='word_1_154' title='bbox 755 2059 828 2104; x_wconf 86' lang='lat' dir='ltr'><strong>earo</strong></span> <span class='ocrx_word' id='word_1_155' title='bbox 847 2048 895 2104; x_wconf 87' lang='lat' dir='ltr'><strong>est</strong></span> <span class='ocrx_word' id='word_1_156' title='bbox 924 2058 1053 2123; x_wconf 86' lang='lat' dir='ltr'><strong>corpus,</strong></span> <span class='ocrx_word' id='word_1_157' title='bbox 1083 2060 1144 2106; x_wconf 89' lang='lat' dir='ltr'><strong>non</strong></span> <span class='ocrx_word' id='word_1_158' title='bbox 1172 2060 1265 2105; x_wconf 89' lang='lat' dir='ltr'><strong>omne</strong></span> <span class='ocrx_word' id='word_1_159' title='bbox 1286 2061 1399 2125; x_wconf 87' lang='lat' dir='ltr'><strong>corpus</strong></span> <span class='ocrx_word' id='word_1_160' title='bbox 1426 2050 1475 2108; x_wconf 87' lang='lat' dir='ltr'><strong>est</strong></span> 
     </span>
     <span class='ocr_line' id='line_1_18' title="bbox 167 2142 1473 2226; baseline 0.001 -17"><span class='ocrx_word' id='word_1_161' title='bbox 167 2164 249 2209; x_wconf 86' lang='lat' dir='ltr'><strong>caro.</strong></span> <span class='ocrx_word' id='word_1_162' title='bbox 292 2145 372 2208; x_wconf 85' lang='lat' dir='ltr'><strong>Caro</strong></span> <span class='ocrx_word' id='word_1_163' title='bbox 394 2153 442 2209; x_wconf 89' lang='lat' dir='ltr'><strong>est</strong></span> <span class='ocrx_word' id='word_1_164' title='bbox 465 2143 604 2226; x_wconf 89' lang='lat' dir='ltr'><strong>proprie,</strong></span> <span class='ocrx_word' id='word_1_165' title='bbox 633 2161 693 2224; x_wconf 85' lang='lat' dir='ltr'><strong>que</strong></span> <span class='ocrx_word' id='word_1_166' title='bbox 720 2142 889 2224; x_wconf 86' lang='lat' dir='ltr'><strong>sanguiue,</strong></span> <span class='ocrx_word' id='word_1_167' title='bbox 918 2143 1024 2220; x_wconf 84' lang='lat' dir='ltr'><strong>venis,</strong></span> <span class='ocrx_word' id='word_1_168' title='bbox 1052 2142 1177 2208; x_wconf 90' lang='lat' dir='ltr'><strong>ossibus</strong></span> <span class='ocrx_word' id='word_1_169' title='bbox 1203 2144 1372 2226; x_wconf 86' lang='lat' dir='ltr'><strong>nervisque</strong></span> <span class='ocrx_word' id='word_1_170' title='bbox 1399 2165 1473 2210; x_wconf 87' lang='lat' dir='ltr'><strong>cou-</strong></span> 
     </span>
     <span class='ocr_line' id='line_1_19' title="bbox 167 2245 1472 2330; baseline 0 -18"><span class='ocrx_word' id='word_1_171' title='bbox 167 2249 339 2330; x_wconf 88' lang='lat' dir='ltr'><strong>striugitur.</strong></span> <span class='ocrx_word' id='word_1_172' title='bbox 382 2249 501 2330; x_wconf 78' lang='lat' dir='ltr'><strong>Corpus</strong></span> <span class='ocrx_word' id='word_1_173' title='bbox 522 2265 713 2328; x_wconf 82' lang='lat' dir='ltr'><strong>quamquam</strong></span> <span class='ocrx_word' id='word_1_174' title='bbox 736 2254 767 2309; x_wconf 89' lang='lat' dir='ltr'><strong>et</strong></span> <span class='ocrx_word' id='word_1_175' title='bbox 787 2245 1006 2327; x_wconf 86' lang='lat' dir='ltr'><strong>carodicatur,</strong></span> <span class='ocrx_word' id='word_1_176' title='bbox 1027 2245 1185 2311; x_wconf 84' lang='lat' dir='ltr'><strong>interdurn</strong></span> <span class='ocrx_word' id='word_1_177' title='bbox 1197 2253 1301 2310; x_wconf 85' lang='lat' dir='ltr'><strong>tamen</strong></span> <span class='ocrx_word' id='word_1_178' title='bbox 1312 2246 1472 2312; x_wconf 86' lang='lat' dir='ltr'><strong>ethereum</strong></span> 
     </span>
     <span class='ocr_line' id='line_1_20' title="bbox 167 2346 1471 2432; baseline 0.001 -18"><span class='ocrx_word' id='word_1_179' title='bbox 167 2351 217 2414; x_wconf 91' lang='lat' dir='ltr'><strong>vel</strong></span> <span class='ocrx_word' id='word_1_180' title='bbox 240 2349 359 2414; x_wconf 86' lang='lat' dir='ltr'><strong>a&#39;o&#39;rium</strong></span> <span class='ocrx_word' id='word_1_181' title='bbox 383 2347 571 2413; x_wconf 88' lang='lat' dir='ltr'><strong>nominatur.</strong></span> <span class='ocrx_word' id='word_1_182' title='bbox 612 2346 810 2428; x_wconf 78' lang='lat' dir='ltr'><strong>intelligisne</strong></span> <span class='ocrx_word' id='word_1_183' title='bbox 831 2347 960 2412; x_wconf 91' lang='lat' dir='ltr'><strong>taudem</strong></span> <span class='ocrx_word' id='word_1_184' title='bbox 977 2348 1183 2431; x_wconf 81' lang='lat' dir='ltr'><strong>mysterium?</strong></span> <span class='ocrx_word' id='word_1_185' title='bbox 1223 2347 1296 2414; x_wconf 83' lang='lat' dir='ltr'><strong>Fiet</strong></span> <span class='ocrx_word' id='word_1_186' title='bbox 1317 2350 1471 2432; x_wconf 89' lang='lat' dir='ltr'><strong>corporis:</strong></span> 
     </span>
     <span class='ocr_line' id='line_1_21' title="bbox 167 2449 1474 2536; baseline -0.002 -18"><span class='ocrx_word' id='word_1_187' title='bbox 167 2453 272 2518; x_wconf 88' lang='lat' dir='ltr'><strong>anime</strong></span> <span class='ocrx_word' id='word_1_188' title='bbox 294 2451 494 2530; x_wconf 85' lang='lat' dir='ltr'><strong>resurrectio,</strong></span> <span class='ocrx_word' id='word_1_189' title='bbox 523 2470 583 2532; x_wconf 84' lang='lat' dir='ltr'><strong>que</strong></span> <span class='ocrx_word' id='word_1_190' title='bbox 603 2456 702 2514; x_wconf 89' lang='lat' dir='ltr'><strong>morte</strong></span> <span class='ocrx_word' id='word_1_191' title='bbox 723 2457 924 2533; x_wconf 88' lang='lat' dir='ltr'><strong>peccatorum</strong></span> <span class='ocrx_word' id='word_1_192' title='bbox 947 2453 1162 2517; x_wconf 85' lang='lat' dir='ltr'><strong>circumventa</strong></span> <span class='ocrx_word' id='word_1_193' title='bbox 1183 2460 1214 2515; x_wconf 89' lang='lat' dir='ltr'><strong>et</strong></span> <span class='ocrx_word' id='word_1_194' title='bbox 1235 2449 1327 2533; x_wconf 88' lang='lat' dir='ltr'><strong>quasi</strong></span> <span class='ocrx_word' id='word_1_195' title='bbox 1348 2451 1474 2536; x_wconf 88' lang='lat' dir='ltr'><strong>sepulta</strong></span> 
     </span>
     <span class='ocr_line' id='line_1_22' title="bbox 168 2552 1474 2638; baseline 0 -20"><span class='ocrx_word' id='word_1_196' title='bbox 168 2556 261 2620; x_wconf 86' lang='lat' dir='ltr'><strong>viciis</strong></span> <span class='ocrx_word' id='word_1_197' title='bbox 282 2573 365 2618; x_wconf 88' lang='lat' dir='ltr'><strong>nuuc</strong></span> <span class='ocrx_word' id='word_1_198' title='bbox 385 2573 443 2638; x_wconf 92' lang='lat' dir='ltr'><strong>per</strong></span> <span class='ocrx_word' id='word_1_199' title='bbox 462 2552 622 2635; x_wconf 82' lang='lat' dir='ltr'><strong>piaculum</strong></span> <span class='ocrx_word' id='word_1_200' title='bbox 644 2562 675 2618; x_wconf 93' lang='lat' dir='ltr'><strong>et</strong></span> <span class='ocrx_word' id='word_1_201' title='bbox 696 2553 910 2636; x_wconf 87' lang='lat' dir='ltr'><strong>penitenciam</strong></span> <span class='ocrx_word' id='word_1_202' title='bbox 936 2554 1073 2635; x_wconf 80' lang='lat' dir='ltr'><strong>resurgit</strong></span> <span class='ocrx_word' id='word_1_203' title='bbox 1099 2553 1139 2617; x_wconf 80' lang='lat' dir='ltr'><strong>acl</strong></span> <span class='ocrx_word' id='word_1_204' title='bbox 1163 2558 1262 2618; x_wconf 86' lang='lat' dir='ltr'><strong>vitam</strong></span> <span class='ocrx_word' id='word_1_205' title='bbox 1280 2553 1382 2635; x_wconf 88' lang='lat' dir='ltr'><strong>piam,</strong></span> <span class='ocrx_word' id='word_1_206' title='bbox 1413 2573 1474 2635; x_wconf 85' lang='lat' dir='ltr'><strong>que</strong></span> 
     </span>
     <span class='ocr_line' id='line_1_23' title="bbox 167 2654 1474 2738; baseline -0.002 -16"><span class='ocrx_word' id='word_1_207' title='bbox 167 2679 242 2724; x_wconf 89' lang='lat' dir='ltr'><strong>vera</strong></span> <span class='ocrx_word' id='word_1_208' title='bbox 264 2669 312 2722; x_wconf 84' lang='lat' dir='ltr'><strong>est</strong></span> <span class='ocrx_word' id='word_1_209' title='bbox 333 2657 408 2722; x_wconf 89' lang='lat' dir='ltr'><strong>vita.</strong></span> <span class='ocrx_word' id='word_1_210' title='bbox 451 2656 560 2734; x_wconf 85' lang='lat' dir='ltr'><strong>Nuper</strong></span> <span class='ocrx_word' id='word_1_211' title='bbox 582 2654 707 2720; x_wconf 83' lang='lat' dir='ltr'><strong>dixisti:</strong></span> <span class='ocrx_word' id='word_1_212' title='bbox 730 2655 848 2734; x_wconf 87' lang='lat' dir='ltr'><strong>„Vobis</strong></span> <span class='ocrx_word' id='word_1_213' title='bbox 863 2655 973 2721; x_wconf 89' lang='lat' dir='ltr'><strong>datum</strong></span> <span class='ocrx_word' id='word_1_214' title='bbox 992 2664 1041 2720; x_wconf 91' lang='lat' dir='ltr'><strong>est</strong></span> <span class='ocrx_word' id='word_1_215' title='bbox 1061 2675 1154 2721; x_wconf 87' lang='lat' dir='ltr'><strong>nosse</strong></span> <span class='ocrx_word' id='word_1_216' title='bbox 1175 2675 1305 2738; x_wconf 87' lang='lat' dir='ltr'><strong>regnum</strong></span> <span class='ocrx_word' id='word_1_217' title='bbox 1325 2655 1474 2736; x_wconf 84' lang='lat' dir='ltr'><strong>celorum,</strong></span> 
     </span>
     <span class='ocr_line' id='line_1_24' title="bbox 169 2757 1474 2844; baseline -0.004 -17"><span class='ocrx_word' id='word_1_218' title='bbox 169 2761 281 2844; x_wconf 88' lang='lat' dir='ltr'><strong>reliqui</strong></span> <span class='ocrx_word' id='word_1_219' title='bbox 304 2759 464 2842; x_wconf 85' lang='lat' dir='ltr'><strong>parabolis</strong></span> <span class='ocrx_word' id='word_1_220' title='bbox 485 2757 616 2822; x_wconf 89' lang='lat' dir='ltr'><strong>t&#39;allendi</strong></span> <span class='ocrx_word' id='word_1_221' title='bbox 642 2760 740 2824; x_wconf 75' lang='lat' dir='ltr'><strong>suut.a</strong></span> <span class='ocrx_word' id='word_1_222' title='bbox 783 2758 863 2823; x_wconf 90' lang='lat' dir='ltr'><strong>lluic</strong></span> <span class='ocrx_word' id='word_1_223' title='bbox 888 2759 989 2824; x_wconf 86' lang='lat' dir='ltr'><strong>adde:</strong></span> <span class='ocrx_word' id='word_1_224' title='bbox 1021 2759 1156 2840; x_wconf 84' lang='lat' dir='ltr'><strong>„Omnis</strong></span> <span class='ocrx_word' id='word_1_225' title='bbox 1177 2758 1282 2841; x_wconf 85' lang='lat' dir='ltr'><strong>gloria</strong></span> <span class='ocrx_word' id='word_1_226' title='bbox 1301 2757 1365 2823; x_wconf 89' lang='lat' dir='ltr'><strong>lilie</strong></span> <span class='ocrx_word' id='word_1_227' title='bbox 1387 2758 1474 2840; x_wconf 88' lang='lat' dir='ltr'><strong>regis</strong></span> 
     </span>
     <span class='ocr_line' id='line_1_25' title="bbox 168 2859 1473 2940; baseline -0.003 -12"><span class='ocrx_word' id='word_1_228' title='bbox 168 2863 412 2928; x_wconf 74' lang='lat' dir='ltr'><strong>intrinsecus·‘⁴.</strong></span> <span class='ocrx_word' id='word_1_229' title='bbox 461 2860 501 2924; x_wconf 87' lang='lat' dir='ltr'><strong>Et</strong></span> <span class='ocrx_word' id='word_1_230' title='bbox 528 2859 622 2925; x_wconf 86' lang='lat' dir='ltr'><strong>illud:</strong></span> <span class='ocrx_word' id='word_1_231' title='bbox 658 2860 861 2940; x_wconf 83' lang='lat' dir='ltr'><strong>„Introduxit</strong></span> <span class='ocrx_word' id='word_1_232' title='bbox 888 2879 939 2924; x_wconf 90' lang='lat' dir='ltr'><strong>me</strong></span> <span class='ocrx_word' id='word_1_233' title='bbox 969 2881 1024 2926; x_wconf 88' lang='lat' dir='ltr'><strong>rex</strong></span> <span class='ocrx_word' id='word_1_234' title='bbox 1056 2861 1087 2925; x_wconf 91' lang='lat' dir='ltr'><strong>in</strong></span> <span class='ocrx_word' id='word_1_235' title='bbox 1115 2860 1293 2926; x_wconf 87' lang='lat' dir='ltr'><strong>cubiculum</strong></span> <span class='ocrx_word' id='word_1_236' title='bbox 1325 2862 1473 2925; x_wconf 80' lang='lat' dir='ltr'><strong>suum“⁵.</strong></span> 
     </span>
     <span class='ocr_line' id='line_1_26' title="bbox 167 2961 1474 3046; baseline -0.002 -15"><span class='ocrx_word' id='word_1_237' title='bbox 167 2967 243 3032; x_wconf 92' lang='lat' dir='ltr'><strong>ldeo</strong></span> <span class='ocrx_word' id='word_1_238' title='bbox 264 2965 420 3046; x_wconf 87' lang='lat' dir='ltr'><strong>eorporis,</strong></span> <span class='ocrx_word' id='word_1_239' title='bbox 448 2983 511 3028; x_wconf 89' lang='lat' dir='ltr'><strong>uon</strong></span> <span class='ocrx_word' id='word_1_240' title='bbox 538 2963 704 3045; x_wconf 86' lang='lat' dir='ltr'><strong>sanguinis</strong></span> <span class='ocrx_word' id='word_1_241' title='bbox 733 2964 993 3028; x_wconf 85' lang='lat' dir='ltr'><strong>resurrectionem</strong></span> <span class='ocrx_word' id='word_1_242' title='bbox 1019 2963 1142 3036; x_wconf 87' lang='lat' dir='ltr'><strong>dicunt,</strong></span> <span class='ocrx_word' id='word_1_243' title='bbox 1172 2961 1294 3027; x_wconf 85' lang='lat' dir='ltr'><strong>scilicet</strong></span> <span class='ocrx_word' id='word_1_244' title='bbox 1320 2971 1354 3026; x_wconf 90' lang='lat' dir='ltr'><strong>ut</strong></span> <span class='ocrx_word' id='word_1_245' title='bbox 1379 2962 1474 3029; x_wconf 87' lang='lat' dir='ltr'><strong>rudes</strong></span> 
     </span>
     <span class='ocr_line' id='line_1_27' title="bbox 167 3063 1474 3150; baseline -0.005 -16"><span class='ocrx_word' id='word_1_246' title='bbox 167 3089 292 3135; x_wconf 88' lang='lat' dir='ltr'><strong>carnem</strong></span> <span class='ocrx_word' id='word_1_247' title='bbox 314 3087 368 3133; x_wconf 87' lang='lat' dir='ltr'><strong>eos</strong></span> <span class='ocrx_word' id='word_1_248' title='bbox 389 3067 495 3131; x_wconf 87' lang='lat' dir='ltr'><strong>dicore</strong></span> <span class='ocrx_word' id='word_1_249' title='bbox 517 3075 664 3150; x_wconf 86' lang='lat' dir='ltr'><strong>putarent</strong></span> <span class='ocrx_word' id='word_1_250' title='bbox 675 3065 707 3129; x_wconf 91' lang='lat' dir='ltr'><strong>iu</strong></span> <span class='ocrx_word' id='word_1_251' title='bbox 719 3085 859 3150; x_wconf 88' lang='lat' dir='ltr'><strong>corpore,</strong></span> <span class='ocrx_word' id='word_1_252' title='bbox 881 3085 976 3147; x_wconf 80' lang='lat' dir='ltr'><strong>quium</strong></span> <span class='ocrx_word' id='word_1_253' title='bbox 998 3085 1109 3129; x_wconf 84' lang='lat' dir='ltr'><strong>revera</strong></span> <span class='ocrx_word' id='word_1_254' title='bbox 1130 3064 1321 3146; x_wconf 86' lang='lat' dir='ltr'><strong>intelligant,</strong></span> <span class='ocrx_word' id='word_1_255' title='bbox 1342 3073 1376 3128; x_wconf 92' lang='lat' dir='ltr'><strong>ut</strong></span> <span class='ocrx_word' id='word_1_256' title='bbox 1395 3063 1474 3146; x_wconf 84' lang='lat' dir='ltr'><strong>dixi,</strong></span> 
     </span>
     <span class='ocr_line' id='line_1_28' title="bbox 166 3166 1474 3256; baseline -0.003 -19"><span class='ocrx_word' id='word_1_257' title='bbox 166 3191 280 3256; x_wconf 85' lang='lat' dir='ltr'><strong>corpus</strong></span> <span class='ocrx_word' id='word_1_258' title='bbox 300 3172 416 3236; x_wconf 83' lang='lat' dir='ltr'><strong>celeste</strong></span> <span class='ocrx_word' id='word_1_259' title='bbox 437 3170 522 3234; x_wconf 92' lang='lat' dir='ltr'><strong>nullo</strong></span> <span class='ocrx_word' id='word_1_260' title='bbox 544 3169 641 3232; x_wconf 86' lang='lat' dir='ltr'><strong>tactui</strong></span> <span class='ocrx_word' id='word_1_261' title='bbox 663 3169 839 3232; x_wconf 88' lang='lat' dir='ltr'><strong>subiacens.</strong></span> <span class='ocrx_word' id='word_1_262' title='bbox 883 3168 978 3249; x_wconf 86' lang='lat' dir='ltr'><strong>Olim,</strong></span> <span class='ocrx_word' id='word_1_263' title='bbox 1000 3167 1103 3248; x_wconf 84' lang='lat' dir='ltr'><strong>credo,</strong></span> <span class='ocrx_word' id='word_1_264' title='bbox 1125 3166 1165 3231; x_wconf 92' lang='lat' dir='ltr'><strong>de</strong></span> <span class='ocrx_word' id='word_1_265' title='bbox 1178 3167 1474 3234; x_wconf 86' lang='lat' dir='ltr'><strong>haonrateriaultro</strong></span> 
     </span>
     <span class='ocr_line' id='line_1_29' title="bbox 166 3269 1472 3356; baseline -0.005 -17"><span class='ocrx_word' id='word_1_266' title='bbox 166 3275 306 3356; x_wconf 81' lang='lat' dir='ltr'><strong>citroque</strong></span> <span class='ocrx_word' id='word_1_267' title='bbox 317 3272 560 3356; x_wconf 86' lang='lat' dir='ltr'><strong>disputavimus.</strong></span> <span class='ocrx_word' id='word_1_268' title='bbox 602 3271 665 3335; x_wconf 75' lang='lat' dir='ltr'><strong>Sed</strong></span> <span class='ocrx_word' id='word_1_269' title='bbox 687 3271 714 3335; x_wconf 88' lang='lat' dir='ltr'><strong>si</strong></span> <span class='ocrx_word' id='word_1_270' title='bbox 737 3271 842 3336; x_wconf 84' lang='lat' dir='ltr'><strong>carnis</strong></span> <span class='ocrx_word' id='word_1_271' title='bbox 864 3271 1050 3335; x_wconf 86' lang='lat' dir='ltr'><strong>resurrectio</strong></span> <span class='ocrx_word' id='word_1_272' title='bbox 1071 3269 1194 3351; x_wconf 88' lang='lat' dir='ltr'><strong>legitur,</strong></span> <span class='ocrx_word' id='word_1_273' title='bbox 1215 3271 1325 3355; x_wconf 82' lang='lat' dir='ltr'><strong>accipe</strong></span> <span class='ocrx_word' id='word_1_274' title='bbox 1346 3289 1472 3334; x_wconf 86' lang='lat' dir='ltr'><strong>carnem</strong></span> 
     </span>
     <span class='ocr_line' id='line_1_30' title="bbox 166 3371 1473 3460; baseline -0.005 -17"><span class='ocrx_word' id='word_1_275' title='bbox 166 3376 353 3460; x_wconf 85' lang='lat' dir='ltr'><strong>putativam.</strong></span> <span class='ocrx_word' id='word_1_276' title='bbox 401 3374 484 3438; x_wconf 89' lang='lat' dir='ltr'><strong>Nam</strong></span> <span class='ocrx_word' id='word_1_277' title='bbox 513 3395 586 3439; x_wconf 86' lang='lat' dir='ltr'><strong>caro</strong></span> <span class='ocrx_word' id='word_1_278' title='bbox 612 3383 644 3438; x_wconf 91' lang='lat' dir='ltr'><strong>et</strong></span> <span class='ocrx_word' id='word_1_279' title='bbox 671 3374 804 3456; x_wconf 88' lang='lat' dir='ltr'><strong>sanguis</strong></span> <span class='ocrx_word' id='word_1_280' title='bbox 837 3373 927 3438; x_wconf 90' lang='lat' dir='ltr'><strong>iuxta</strong></span> <span class='ocrx_word' id='word_1_281' title='bbox 958 3371 1135 3456; x_wconf 88' lang='lat' dir='ltr'><strong>apostolum</strong></span> <span class='ocrx_word' id='word_1_282' title='bbox 1163 3391 1294 3454; x_wconf 87' lang='lat' dir='ltr'><strong>reguum</strong></span> <span class='ocrx_word' id='word_1_283' title='bbox 1322 3371 1383 3438; x_wconf 91' lang='lat' dir='ltr'><strong>Dei</strong></span> <span class='ocrx_word' id='word_1_284' title='bbox 1411 3391 1473 3438; x_wconf 90' lang='lat' dir='ltr'><strong>nou</strong></span> 
     </span>
     <span class='ocr_line' id='line_1_31' title="bbox 166 3473 1473 3563; baseline -0.004 -21"><span class='ocrx_word' id='word_1_285' title='bbox 166 3477 373 3563; x_wconf 89' lang='lat' dir='ltr'><strong>possidebunt</strong></span> <span class='ocrx_word' id='word_1_286' title='bbox 393 3495 495 3560; x_wconf 84' lang='lat' dir='ltr'><strong>neque</strong></span> <span class='ocrx_word' id='word_1_287' title='bbox 515 3477 673 3558; x_wconf 83' lang='lat' dir='ltr'><strong>corruptio</strong></span> <span class='ocrx_word' id='word_1_288' title='bbox 694 3476 990 3560; x_wconf 75' lang='lat' dir='ltr'><strong>incorruptionemt</strong></span> <span class='ocrx_word' id='word_1_289' title='bbox 1033 3473 1179 3554; x_wconf 83' lang='lat' dir='ltr'><strong>llartion,</strong></span> <span class='ocrx_word' id='word_1_290' title='bbox 1199 3475 1338 3558; x_wconf 75' lang='lat' dir='ltr'><strong>Apelles,</strong></span> <span class='ocrx_word' id='word_1_291' title='bbox 1359 3475 1473 3538; x_wconf 88' lang='lat' dir='ltr'><strong>Valen-</strong></span> 
     </span>
     <span class='ocr_line' id='line_1_32' title="bbox 166 3578 1472 3661; baseline -0.004 -15"><span class='ocrx_word' id='word_1_292' title='bbox 166 3582 259 3661; x_wconf 84' lang='lat' dir='ltr'><strong>tinus,</strong></span> <span class='ocrx_word' id='word_1_293' title='bbox 281 3581 392 3646; x_wconf 88' lang='lat' dir='ltr'><strong>lllaues</strong></span> <span class='ocrx_word' id='word_1_294' title='bbox 413 3579 518 3644; x_wconf 88' lang='lat' dir='ltr'><strong>carnis</strong></span> <span class='ocrx_word' id='word_1_295' title='bbox 539 3586 570 3641; x_wconf 90' lang='lat' dir='ltr'><strong>et</strong></span> <span class='ocrx_word' id='word_1_296' title='bbox 590 3578 731 3661; x_wconf 85' lang='lat' dir='ltr'><strong>corporis</strong></span> <span class='ocrx_word' id='word_1_297' title='bbox 743 3578 1002 3644; x_wconf 84' lang='lat' dir='ltr'><strong>resurrectionem</strong></span> <span class='ocrx_word' id='word_1_298' title='bbox 1014 3583 1175 3660; x_wconf 87' lang='lat' dir='ltr'><strong>negantet</strong></span> <span class='ocrx_word' id='word_1_299' title='bbox 1195 3578 1327 3642; x_wconf 86' lang='lat' dir='ltr'><strong>salutem</strong></span> <span class='ocrx_word' id='word_1_300' title='bbox 1351 3585 1472 3642; x_wconf 83' lang='lat' dir='ltr'><strong>tautruu</strong></span> 
     </span>
     <span class='ocr_line' id='line_1_33' title="bbox 164 3678 1474 3763; baseline -0.003 -16"><span class='ocrx_word' id='word_1_301' title='bbox 164 3684 305 3748; x_wconf 89' lang='lat' dir='ltr'><strong>tribuunt</strong></span> <span class='ocrx_word' id='word_1_302' title='bbox 327 3682 441 3746; x_wconf 89' lang='lat' dir='ltr'><strong>anime.</strong></span> <span class='ocrx_word' id='word_1_303' title='bbox 484 3680 602 3745; x_wconf 88' lang='lat' dir='ltr'><strong>Dicunt</strong></span> <span class='ocrx_word' id='word_1_304' title='bbox 624 3681 739 3746; x_wconf 89' lang='lat' dir='ltr'><strong>frustra</strong></span> <span class='ocrx_word' id='word_1_305' title='bbox 761 3701 817 3745; x_wconf 91' lang='lat' dir='ltr'><strong>nos</strong></span> <span class='ocrx_word' id='word_1_306' title='bbox 838 3680 880 3744; x_wconf 88' lang='lat' dir='ltr'><strong>ad</strong></span> <span class='ocrx_word' id='word_1_307' title='bbox 904 3679 1082 3763; x_wconf 83' lang='lat' dir='ltr'><strong>exeniplum</strong></span> <span class='ocrx_word' id='word_1_308' title='bbox 1094 3678 1212 3744; x_wconf 86' lang='lat' dir='ltr'><strong>Christi</strong></span> <span class='ocrx_word' id='word_1_309' title='bbox 1234 3689 1474 3760; x_wconf 85' lang='lat' dir='ltr'><strong>resurrecturos,</strong></span> 
     </span>
     <span class='ocr_line' id='line_1_34' title="bbox 165 3781 1474 3868; baseline -0.003 -18"><span class='ocrx_word' id='word_1_310' title='bbox 165 3805 260 3868; x_wconf 84' lang='lat' dir='ltr'><strong>quum</strong></span> <span class='ocrx_word' id='word_1_311' title='bbox 290 3785 391 3868; x_wconf 89' lang='lat' dir='ltr'><strong>ipsius</strong></span> <span class='ocrx_word' id='word_1_312' title='bbox 424 3802 548 3867; x_wconf 84' lang='lat' dir='ltr'><strong>quoque</strong></span> <span class='ocrx_word' id='word_1_313' title='bbox 574 3803 635 3848; x_wconf 90' lang='lat' dir='ltr'><strong>nou</strong></span> <span class='ocrx_word' id='word_1_314' title='bbox 665 3784 764 3848; x_wconf 89' lang='lat' dir='ltr'><strong>solum</strong></span> <span class='ocrx_word' id='word_1_315' title='bbox 795 3784 996 3858; x_wconf 84' lang='lat' dir='ltr'><strong>resurrectio,</strong></span> <span class='ocrx_word' id='word_1_316' title='bbox 1032 3781 1088 3848; x_wconf 79' lang='lat' dir='ltr'><strong>secl</strong></span> <span class='ocrx_word' id='word_1_317' title='bbox 1122 3783 1217 3846; x_wconf 88' lang='lat' dir='ltr'><strong>ctiam</strong></span> <span class='ocrx_word' id='word_1_318' title='bbox 1251 3781 1406 3847; x_wconf 87' lang='lat' dir='ltr'><strong>nativitas</strong></span> <span class='ocrx_word' id='word_1_319' title='bbox 1432 3783 1474 3847; x_wconf 85' lang='lat' dir='ltr'><strong>sit</strong></span> 
     </span>
    </p>
   </div>
   <div class='ocr_carea' id='block_1_3' title="bbox 166 3945 261 3952">
    <p class='ocr_par' dir='ltr' id='par_1_3' title="bbox 166 3945 261 3952">
     <span class='ocr_line' id='line_1_35' title="bbox 166 3945 261 3952; baseline 0 0"><span class='ocrx_word' id='word_1_320' title='bbox 166 3945 261 3952; x_wconf 67' lang='lat' dir='ltr'><strong>n---—</strong></span> 
     </span>
    </p>
   </div>
   <div class='ocr_carea' id='block_1_4' title="bbox 167 4037 1472 4275">
    <p class='ocr_par' dir='ltr' id='par_1_4' title="bbox 167 4037 1472 4275">
     <span class='ocr_line' id='line_1_36' title="bbox 229 4037 1471 4112; baseline -0.003 -16"><span class='ocrx_word' id='word_1_321' title='bbox 229 4039 240 4081; x_wconf 86' lang='lat'>¹</span> <span class='ocrx_word' id='word_1_322' title='bbox 262 4043 329 4100; x_wconf 88' lang='lat' dir='ltr'><strong>Hier</strong></span> <span class='ocrx_word' id='word_1_323' title='bbox 354 4043 463 4098; x_wconf 86' lang='lat' dir='ltr'><strong>soheiut</strong></span> <span class='ocrx_word' id='word_1_324' title='bbox 488 4043 515 4096; x_wconf 91' lang='lat' dir='ltr'><strong>iu</strong></span> <span class='ocrx_word' id='word_1_325' title='bbox 548 4044 596 4096; x_wconf 85' lang='lat' dir='ltr'><strong>dcr</strong></span> <span class='ocrx_word' id='word_1_326' title='bbox 625 4043 806 4098; x_wconf 85' lang='lat' dir='ltr'><strong>Haiulscluilt</strong></span> <span class='ocrx_word' id='word_1_327' title='bbox 838 4049 922 4096; x_wconf 78' lang='lat' dir='ltr'><strong>ctwris</strong></span> <span class='ocrx_word' id='word_1_328' title='bbox 949 4040 1119 4112; x_wconf 69' lang='lat' dir='ltr'><strong>rrrrsgrefalleu</strong></span> <span class='ocrx_word' id='word_1_329' title='bbox 1147 4058 1182 4094; x_wconf 85' lang='lat' dir='ltr'><strong>zu</strong></span> <span class='ocrx_word' id='word_1_330' title='bbox 1208 4039 1282 4108; x_wconf 80' lang='lat' dir='ltr'><strong>seiri,</strong></span> <span class='ocrx_word' id='word_1_331' title='bbox 1313 4037 1358 4092; x_wconf 77' lang='lat' dir='ltr'><strong>clio</strong></span> <span class='ocrx_word' id='word_1_332' title='bbox 1385 4037 1471 4092; x_wconf 79' lang='lat' dir='ltr'><strong>Stelle</strong></span> 
     </span>
     <span class='ocr_line' id='line_1_37' title="bbox 167 4123 616 4180; baseline -0.009 0"><span class='ocrx_word' id='word_1_333' title='bbox 167 4125 255 4180; x_wconf 84' lang='lat' dir='ltr'><strong>bleiht</strong></span> <span class='ocrx_word' id='word_1_334' title='bbox 276 4125 362 4178; x_wconf 86' lang='lat' dir='ltr'><strong>daher</strong></span> <span class='ocrx_word' id='word_1_335' title='bbox 385 4123 616 4178; x_wconf 78' lang='lat' dir='ltr'><strong>uriverstlludlich.</strong></span> 
     </span>
     <span class='ocr_line' id='line_1_38' title="bbox 227 4199 1472 4275; baseline -0.006 -18"><span class='ocrx_word' id='word_1_336' title='bbox 227 4203 240 4243; x_wconf 81' lang='lat'><em>²</em></span> <span class='ocrx_word' id='word_1_337' title='bbox 262 4204 378 4275; x_wconf 78' lang='lat' dir='ltr'><strong>Digesta</strong></span> <span class='ocrx_word' id='word_1_338' title='bbox 393 4203 413 4270; x_wconf 86' lang='lat' dir='ltr'><strong>l,</strong></span> <span class='ocrx_word' id='word_1_339' title='bbox 425 4205 451 4258; x_wconf 84' lang='lat'><strong>3.</strong></span> <span class='ocrx_word' id='word_1_340' title='bbox 466 4203 518 4257; x_wconf 75' lang='lat'><strong>26:</strong></span> <span class='ocrx_word' id='word_1_341' title='bbox 552 4203 655 4257; x_wconf 87' lang='lat' dir='ltr'><strong>Paulus</strong></span> <span class='ocrx_word' id='word_1_342' title='bbox 684 4203 754 4256; x_wconf 89' lang='lat' dir='ltr'><strong>libro</strong></span> <span class='ocrx_word' id='word_1_343' title='bbox 779 4211 877 4273; x_wconf 83' lang='lat' dir='ltr'><strong>quarto</strong></span> <span class='ocrx_word' id='word_1_344' title='bbox 907 4202 1099 4272; x_wconf 66' lang='lat' dir='ltr'><strong>‹priuos-tionum</strong></span> <span class='ocrx_word' id='word_1_345' title='bbox 1130 4199 1192 4254; x_wconf 86' lang='lat' dir='ltr'><strong>Nou</strong></span> <span class='ocrx_word' id='word_1_346' title='bbox 1221 4207 1262 4254; x_wconf 86' lang='lat' dir='ltr'><strong>cst</strong></span> <span class='ocrx_word' id='word_1_347' title='bbox 1292 4216 1409 4266; x_wconf 82' lang='lat' dir='ltr'><strong>norrun,</strong></span> <span class='ocrx_word' id='word_1_348' title='bbox 1441 4203 1472 4251; x_wconf 92' lang='lat' dir='ltr'><strong>ut</strong></span> 
     </span>
    </p>
   </div>
   <div class='ocr_carea' id='block_1_5' title="bbox 166 4284 785 4420">
    <p class='ocr_par' dir='ltr' id='par_1_5' title="bbox 166 4284 785 4420">
     <span class='ocr_line' id='line_1_39' title="bbox 166 4284 785 4358; baseline -0.003 -17"><span class='ocrx_word' id='word_1_349' title='bbox 166 4287 271 4358; x_wconf 85' lang='lat' dir='ltr'><strong>priores</strong></span> <span class='ocrx_word' id='word_1_350' title='bbox 293 4285 369 4355; x_wconf 90' lang='lat' dir='ltr'><strong>leges</strong></span> <span class='ocrx_word' id='word_1_351' title='bbox 390 4285 424 4338; x_wconf 85' lang='lat' dir='ltr'><strong>ad</strong></span> <span class='ocrx_word' id='word_1_352' title='bbox 447 4284 612 4354; x_wconf 83' lang='lat' dir='ltr'><strong>posteriores</strong></span> <span class='ocrx_word' id='word_1_353' title='bbox 633 4285 785 4339; x_wconf 86' lang='lat' dir='ltr'><strong>trahantur.</strong></span> 
     </span>
     <span class='ocr_line' id='line_1_40' title="bbox 225 4361 555 4420; baseline -0.012 -1"><span class='ocrx_word' id='word_1_354' title='bbox 225 4361 240 4405; x_wconf 85' lang='lat'><strong>3</strong></span> <span class='ocrx_word' id='word_1_355' title='bbox 262 4364 340 4420; x_wconf 88' lang='lat' dir='ltr'><strong>Nach</strong></span> <span class='ocrx_word' id='word_1_356' title='bbox 363 4365 449 4418; x_wconf 85' lang='lat' dir='ltr'><strong>llark.</strong></span> <span class='ocrx_word' id='word_1_357' title='bbox 461 4363 486 4418; x_wconf 82' lang='grc'><strong>4.</strong></span> <span class='ocrx_word' id='word_1_358' title='bbox 500 4365 555 4418; x_wconf 92' lang='grc'><strong>11,-</strong></span> 
     </span>
    </p>
   </div>
   <div class='ocr_carea' id='block_1_6' title="bbox 225 4441 686 4678">
    <p class='ocr_par' dir='ltr' id='par_1_6' title="bbox 225 4441 686 4678">
     <span class='ocr_line' id='line_1_41' title="bbox 225 4441 475 4500; baseline -0.016 1"><span class='ocrx_word' id='word_1_359' title='bbox 225 4441 240 4485; x_wconf 75' lang='lat'>⁴</span> <span class='ocrx_word' id='word_1_360' title='bbox 261 4445 356 4500; x_wconf 88' lang='lat' dir='ltr'><strong>Psalm</strong></span> <span class='ocrx_word' id='word_1_361' title='bbox 370 4444 415 4500; x_wconf 75' lang='lat' dir='ltr'><strong>th.</strong></span> <span class='ocrx_word' id='word_1_362' title='bbox 431 4445 475 4498; x_wconf 77' lang='lat'><strong>14.</strong></span> 
     </span>
     <span class='ocr_line' id='line_1_42' title="bbox 225 4523 686 4593; baseline 0 -13"><span class='ocrx_word' id='word_1_363' title='bbox 225 4523 240 4564; x_wconf 81' lang='lat'>⁵</span> <span class='ocrx_word' id='word_1_364' title='bbox 262 4526 343 4580; x_wconf 90' lang='lat' dir='ltr'><strong>Hohe</strong></span> <span class='ocrx_word' id='word_1_365' title='bbox 365 4526 433 4579; x_wconf 81' lang='lat' dir='ltr'><strong>Liccl</strong></span> <span class='ocrx_word' id='word_1_366' title='bbox 455 4524 610 4580; x_wconf 81' lang='lat' dir='ltr'><strong>Salomonis</strong></span> <span class='ocrx_word' id='word_1_367' title='bbox 623 4523 647 4593; x_wconf 78' lang='lat' dir='ltr'><strong>l,</strong></span> <span class='ocrx_word' id='word_1_368' title='bbox 661 4525 686 4581; x_wconf 77' lang='grc'><strong>4.</strong></span> 
     </span>
     <span class='ocr_line' id='line_1_43' title="bbox 226 4603 564 4678; baseline -0.009 -16"><span class='ocrx_word' id='word_1_369' title='bbox 226 4603 241 4647; x_wconf 68' lang='lat'>⁶</span> <span class='ocrx_word' id='word_1_370' title='bbox 265 4607 290 4662; x_wconf 85' lang='grc'><strong>1.</strong></span> <span class='ocrx_word' id='word_1_371' title='bbox 305 4605 564 4678; x_wconf 80' lang='lat' dir='ltr'><strong>Koriutlrer15‚50</strong></span> 
     </span>
    </p>
   </div>
   <div class='ocr_carea' id='block_1_7' title="bbox 0 0 1818 5192">
    <p class='ocr_par' dir='ltr' id='par_1_7' title="bbox 0 0 1818 5192">
     <span class='ocr_line' id='line_1_44' title="bbox 0 0 1818 5192; baseline 0 1"><span class='ocrx_word' id='word_1_372' title='bbox 0 0 1818 5192; x_wconf 95' lang='lat' dir='ltr'><strong> </strong></span> 
     </span>
    </p>
   </div>
  </div>
 </body>
</html>
