3625 5192
324 333 376 387 158
693 331 955 400 Geschichtsqunllan
974 333 1023 385 der
1040 331 1115 387 Pron.
1133 331 1257 387 sachsen.

403 481 472 562 Ego
490 499 573 557 vero,
596 479 646 543 cui
669 479 797 544 deorum
819 478 853 542 id
873 480 1019 550 tribuam,
1042 479 1126 560 quud
1147 500 1186 545 ex
1208 479 1366 562 preteritis
1382 487 1414 544 et
1429 480 1629 563 presentibus

323 582 429 647 causis
455 583 561 646 futura
589 600 813 663 nonnunquam
843 583 989 664 sagatius
1018 600 1110 663 quam
1140 581 1301 646 credulum
1328 582 1444 662 vulgus
1463 583 1629 666 prospitio.

323 684 462 749 nondum
489 691 627 749 statuere
653 702 790 766 possum.
831 683 924 762 Quod
943 690 1047 748 antem
1070 703 1122 764 ea,
1152 683 1349 764 cessantia,
1375 683 1415 746 ad
1438 703 1527 748 nsum
1549 686 1627 749 anri-

323 806 429 851 corum
458 786 596 867 ingenue
624 786 764 868 prol'ero,
797 785 909 850 videor
933 786 1067 850 fortasse
1093 785 1150 849 tibi
1178 785 1433 869 intempestivam
1460 786 1628 868 anagyrim

324 907 457 953 movere.
512 887 609 970 Legis
642 887 726 952 enirn
759 906 831 952 urea
857 907 920 952 non
947 893 981 952 ut
1009 887 1176 951 consilium
1202 886 1242 950 ad
1269 905 1362 951 casus
1391 887 1547 952 instantes
1573 895 1629 952 aut

324 989 514 1055 devitandos
543 996 599 1054 aut
626 989 788 1072 pacienter
813 988 1032 1066 sustinendos,
1064 987 1120 1052 sed
1154 989 1251 1053 veluti
1283 987 1370 1054 dicta
1400 989 1492 1054 istius
1523 1008 1628 1073 vappe

323 1092 496 1158 ardelionis
510 1091 651 1156 'lilonini
659 1093 682 1170 1,
704 1099 737 1154 nt
754 1091 905 1156 videlicet
921 1091 1066 1156 convicia
1083 1098 1272 1172 retorqueas.
1315 1091 1369 1154 Sic
1384 1109 1473 1156 meus
1487 1091 1628 1156 senetio2

323 1193 560 1259 concionatores
583 1193 689 1271 audit,
717 1211 780 1257 non
802 1203 835 1257 nt
855 1212 957 1258 mores
978 1195 1132 1275 corrigat,
1158 1191 1214 1256 sed
1243 1199 1277 1255 ut
1298 1193 1367 1273 ipse
1387 1192 1465 1257 mihi
1488 1192 1628 1276 prodigi-

322 1315 411 1362 osam
438 1294 587 1360 inbellem
612 1294 699 1358 domi
720 1295 844 1360 relerat.
886 1294 941 1358 Sic
962 1293 1178 1378 supersticioai
1203 1293 1346 1358 divomm
1369 1295 1538 1376 imagines,
1565 1315 1627 1360 non

322 1400 411 1482 ipsos
435 1396 528 1460 divos
553 1397 717 1460 intuentur
741 1397 813 1480 plus
836 1396 936 1461 oculis
965 1415 1059 1478 qnam
1085 1398 1192 1460 animo
1219 1395 1477 1480 crnmmplantes.
1519 1397 1574 1461 Sic
1595 1398 1628 1462 in

323 1499 427 1564 deviis
453 1498 634 1563 nemoribus
660 1497 873 1581 „reparabilis
892 1505 1023 1562 assonat
1043 1497 1139 1562 eccho
1148 1498 1190 1558 ³.“
1232 1498 1343 1580 ltaque
1364 1498 1493 1564 valeant
1517 1497 1630 1564 odiosa

323 1601 457 1682 rnonita,
489 1601 703 1664 conticescant
737 1599 836 1679 seria,
872 1600 1023 1664 succedat
1056 1599 1223 1683 phalerata
1255 1606 1286 1665 et
1321 1600 1443 1666 inutilis
1476 1601 1630 1666 blandilo-

323 1703 470 1787 quentle‚
492 1701 660 1766 dummodo
681 1702 766 1766 scias
784 1702 979 1766 adulatorem
1001 1720 1071 1766 esse
1087 1701 1245 1766 blandum
1268 1703 1404 1782 hostem,
1425 1703 1543 1768 amicos
1565 1710 1628 1766 tur-

323 1804 544 1870 bulentissima
570 1803 782 1884 castigatione
807 1803 967 1887 prodesse.
1014 1804 1212 1887 Quemquam
1237 1804 1349 1868 insane
1375 1804 1490 1869 mentis
1515 1801 1630 1868 fluctus

322 1907 435 1972 sedare
461 1925 501 1970 ac
530 1923 719 1988 componere
748 1925 839 1970 nemo
863 1912 976 1988 potest.
1019 1905 1105 1970 (lave
1126 1903 1280 1983 trucides,
1306 1924 1367 1987 que
1388 1905 1468 1969 solet
1488 1903 1631 1969 membra

324 2008 446 2082 levare,
474 2007 548 2072 lecti
575 2007 703 2072 sociam.
750 2008 783 2071 Si
807 2014 910 2090 potest
938 2027 1008 2072 esse
1029 2007 1178 2071 diuturna
1206 2007 1279 2071 talis
1299 2007 1461 2090 voluptas,
1488 2005 1631 2089 prolecto

323 2111 458 2176 sinerem
484 2117 515 2173 te
544 2111 647 2174 iacere
666 2117 699 2173 et
718 2109 780 2174 isui
800 2109 944 2182 domina,
970 2127 1031 2191 que
1053 2108 1103 2172 vel
1124 2109 1193 2174 sine
1214 2129 1292 2174 naso
1309 2110 1461 2174 nasuta4:
1481 2107 1632 2172 dicacula

323 2218 531 2296 potestesse,
556 2212 693 2275 formosa
713 2231 787 2276 vem
808 2229 978 2292 nunquam.
1022 2210 1181 2278 Vidistine
1202 2211 1391 2277 testudinem
1413 2229 1501 2275 suam
1523 2230 1631 2274 secum

323 2313 467 2377 domum·
501 2312 791 2376 circumferentem?
849 2312 918 2377 Hoc
949 2313 1032 2378 male
1064 2332 1167 2377 cunno
1199 2313 1318 2394 iugati,
1351 2311 1432 2394 henr,
1466 2313 1631 2393 coniugati

322 2413 429 2479 dicere
453 2413 556 2494 volui,
586 2413 691 2478 secere
724 2421 892 2496 nequeunt.
943 2415 1053 2480 Habes
1085 2434 1248 2479 summam.
1296 2415 1345 2480 'ru
1375 2415 1446 2480 vale
1473 2421 1506 2478 et
1533 2434 1631 2498 parce

324 2536 435 2582 monac.

342 2610 351 2625 ι
393 2637 666 2686 Hsndacurimtst
686 2638 933 2687 sciscat-cute
971 2641 1046 2688 Gedr.
1056 2641 1080 2687 b.
1089 2638 1486 2698 Tz.s.213—2llvousrundt9.

394 2737 406 2763 ³
424 2743 458 2788 l'z
476 2741 550 2793 domi.

875 2813 1075 2820 ..α-ψ.-

323 2928 405 2994 498.
426 2925 472 2998 11.
492 2944 538 2994 an
560 2925 681 2994 Euhan
707 2925 856 2998 Hessos,
1090 2925 1223 3010 (tlctha
1242 2929 1334 2999 1515.
1375 2928 1448 2996 Vcr
1461 2929 1517 3000 23.
1530 2927 1632 3011 llal.)

392 3051 454 3100 hiut.
478 3051 575 3097 kcmrnt
598 3052 664 3100 noch
689 3051 781 3098 olnmal
807 3052 852 3098 aul
873 3053 914 3098 dia
932 3052 1060 3099 Vcrwiirie
1084 3053 1127 3098 des
1152 3053 1242 3099 Ncidcs
1270 3053 1321 3099 und
1344 3053 1389 3099 ‹lar
1412 3053 1632 3112 Untersrhlagung

324 3123 431 3182 surdelt,
456 3123 550 3168 welche
567 3122 660 3167 Ilessus
683 3122 734 3167 ihm
757 3123 873 3182 gemacht
896 3123 946 3168 und
970 3137 1018 3168 nur
1038 3123 1157 3169 tcilweisa
1179 3123 1419 3182 arrrilclrgcnonrrnen
1440 3124 1483 3169 hat
1503 3123 1552 3171 ιιιιι1
1571 3124 1631 3168 teilt

321 3193 474 3258 unadchtige
489 3193 653 3238 Versschorae
671 3192 733 3238 iiber
745 3193 846 3239 Tilonin
864 3193 918 3252 mit,
935 3193 975 3238 die
994 3207 1020 3239 er
1039 3193 1066 3238 in
1081 3192 1269 3240 Gemcinschalt
1280 3194 1327 3240 mit
1340 3193 1434 3240 Uerrius
1447 3193 1563 3262 gemacht
1576 3193 1632 3240 hat.

404 3289 537 3354 Ecbann
559 3289 697 3370 Hessc,
718 3289 866 3370 theologo
886 3297 919 3354 et
941 3288 1072 3368 medico,
1095 3267 1257 3373 pdetarum
1277 3289 1358 3353 hosti
1380 3289 1631 3373 perversissimo.

404 3393 435 3457 S.
479 3391 522 3456 Ut
544 3389 722 3456 invidiam⁵
743 3391 800 3455 tibi
823 3390 964 3473 mihique
981 3392 1105 3471 adimis,
1125 3393 1171 3455 ita
1192 3391 1274 3456 liuta
1291 3397 1324 3455 et
1340 3391 1448 3456 mdem
1465 3392 1631 3456 insciciam

324 3494 486 3575 relinquis.
529 3541 546 3573 „
555 3493 691 3573 Beatus,
717 3493 770 3574 qui
793 3493 844 3556 vel
867 3493 1009 3559 umbram
1036 3493 1130 3558 amici
1156 3493 1293 3558 tenet⁶.“
1335 3493 1402 3557 Hoc
1424 3493 1504 3559 nibil
1525 3492 1568 3556 ad
1589 3499 1633 3574 te,

273 3653 275 3658 ,
325 3595 488 3659 sentencia
513 3601 562 3658 est
586 3594 757 3658 Plutarchi.
808 3593 923 3658 Putaui
950 3594 1149 3660 lamiliariter
1174 3595 1363 3660 scribentem
1393 3615 1454 3659 non
1486 3601 1634 3678 oportere

324 3703 421 3760 testes
444 3696 626 3780 producere,
647 3714 717 3760 cum
738 3696 780 3760 sit
800 3695 972 3762 evanidam
989 3696 1234 3762 authoritatibus
1254 3698 1287 3761 in
1308 3697 1403 3780 nugis
1424 3705 1554 3762 tumere.
1596 3699 1633 3762 Si

325 3797 462 3878 legenda
483 3797 610 3882 publice
630 3798 815 3891 scriberem,
835 3797 973 3864 dicerem
995 3798 1159 3864 authorum
1181 3800 1320 3882 nomina,
1343 3805 1376 3864 ut
1395 3819 1463 3864 sors
1484 3797 1574 3864 fieret
1593 3821 1637 3865 ex

325 3918 421 3963 usura
444 3919 513 3965 cum
538 3899 744 3983 simplicitate
763 3907 796 3963 et
815 3901 899 3982 grati
921 3901 1018 3966 animi
1047 3902 1149 3982 signo.
1190 3901 1328 3966 Tantum
1350 3901 1460 3966 absum
1482 3901 1525 3966 ab
1546 3904 1637 3966 omni

389 4070 399 4112 ¹
422 4072 520 4144 (legen
542 4073 590 4126 ihn
613 4073 690 4127 hatte
708 4072 812 4128 Hessus
832 4073 959 4144 Angriffe
980 4073 1009 4127 in
1031 4073 1136 4129 Versen
1157 4073 1304 4145 gerichtct.
1345 4073 1407 4145 Vgl.
1421 4073 1547 4135 uetes.

387 4149 401 4192 ²
423 4153 523 4208 Dieser
538 4153 605 4208 Alte
632 4154 712 4206 stand
739 4154 969 4209 wahrscheinlich
994 4153 1022 4208 in
1044 4155 1122 4208 einer
1141 4154 1194 4209 Art
1211 4173 1265 4209 von
1287 4154 1479 4208 dienstlichem
1503 4155 1640 4214 118111511-

327 4234 400 4287 nisse
420 4252 454 4287 au
475 4233 591 4302 Mutian,
613 4251 690 4286 neam
713 4251 742 4288 er
762 4235 935 4288 auchnicht
955 4235 984 4288 in
1008 4237 1106 4288 dcascn
1127 4235 1220 4288 liause
1242 4236 1358 4289 wohnte.

260 4336 272 4356 ·
387 4309 401 4351 3
421 4314 486 4384 Vgl.
496 4314 608 4367 Persius
619 4313 640 4366 l.
654 4313 718 4368 102.

387 4389 402 4431 ⁴
423 4393 486 4464 Vgl.
498 4393 545 4446 Br.
558 4392 614 4445 493
636 4392 664 4448 S.
677 4392 743 4449 153.

386 4469 401 4512 ⁵
421 4474 484 4544 Vgl.
497 4473 541 4530 Br.
554 4472 613 4526 494
635 4472 662 4528 S.
675 4472 740 4526 153.

249 4552 276 4590 '›
387 4549 401 4592 ⁶
423 4553 613 4626 urguentes
635 4553 662 4609 S.
676 4552 733 4606 lot
753 4551 877 4611 Anm.2.
