3625 5192
648 337 737 394 Briefe
756 338 875 394 Mutians
894 337 954 392 218.-
974 337 1033 393 ale.
1442 336 1494 391 297

185 487 261 558 ale.
284 486 325 554 ll.
344 505 389 553 an
413 487 547 553 Urhnn.
663 485 797 570 (Gotho
812 487 905 556 1512.
938 485 1036 554 llum
1047 484 1140 554 naeh
1151 484 1233 552 dem
1242 487 1291 553 11.
1306 484 1493 568 ostona.)

193 645 194 650 ,
257 611 318 657 lllnt.
343 613 455 658 wilrrsclrt
479 626 529 656 vnn
548 611 632 656 Urlurn
653 611 767 656 Arrtwort
786 609 949 656 battalia-des
968 609 1110 669 nummus,
1133 610 1200 656 irent
1217 609 1270 656 sich
1289 609 1351 656 iiber
1368 610 1413 655 das
1432 610 1493 655 Vor-

185 683 305 741 sprechon
330 681 373 728 des
392 681 520 728 Herehord
535 697 558 726 ν,
575 682 597 726 d.
611 681 742 740 Memnon,
767 681 793 726 in
817 681 861 727 der
886 696 967 726 neuen
986 681 1098 738 Stollung
1123 680 1164 726 die
1182 679 1324 726 Interessen
1348 680 1391 725 des
1410 680 1495 725 huma·

80 787 86 800 .
185 753 320 798 nistisclron
340 751 439 798 Krcisas
462 752 591 808 energisclr
610 757 738 798 vertraton
761 767 790 797 nn
810 751 899 797 wollen
925 750 976 796 und
996 750 1124 810 bespricht
1145 751 1272 810 Spalstins
1291 751 1366 810 lngo.
1403 750 1438 795 Er
1456 764 1494 795 or-

186 826 274 870 nenert
292 822 361 868 seina
376 823 445 868 Bilta
463 837 503 868 urn
522 822 562 868 die
581 821 688 867 Articuli
708 821 752 867 dor
770 821 873 868 lidlner.

265 918 416 998 Magistro
446 918 581 983 llenrleo
611 919 783 998 Urbano,
818 918 995 1001 adprobate
1020 927 1107 984 scote
1131 917 1200 984 divi
1227 917 1398 1000 Bernardl,
1425 918 1494 982 viro

185 1021 339 1104 prestanti
361 1030 393 1085 et
413 1022 515 1085 amieo
538 1020 729 1094 honorando,
754 1021 915 1086 llutianus
937 1020 1044 1084 aulus.

267 1123 298 1187 S.
340 1122 460 1204 Legisti
486 1123 626 1190 llusardi
652 1124 780 1188 literasl
810 1124 1008 1187 insinuantes
1038 1122 1235 1208 inlepida'et
1262 1125 1352 1205 quasi
1382 1141 1494 1206 oppro

188 1225 313 1289 brantes
339 1224 416 1288 milri
441 1226 556 1288 malurn
584 1233 730 1290 eventurn
758 1225 986 1307 victoriamque
1012 1226 1210 1290 inimicorum
1231 1234 1263 1289 et
1291 1233 1434 1305 rogatus,
1460 1231 1496 1287 nt

186 1327 380 1391 sentenciam
402 1333 486 1402 tuam
509 1327 729 1410 perscriberes,
752 1326 832 1391 nihil
854 1328 1057 1409 respondisti.
1099 1326 1275 1410 Respondit
1295 1327 1495 1392 Herehordns

187 1429 229 1492 ad
256 1449 310 1508 aa,
340 1448 400 1509 que
430 1428 645 1510 superioribus
677 1429 791 1494 diebus
820 1428 861 1493 ad
890 1449 962 1494 eum
990 1429 1124 1514 scripta,
1156 1429 1293 1494 futurum
1326 1449 1360 1494 se
1389 1439 1495 1492 nostre

186 1528 325 1618 φρατρίας
351 1531 484 1595 tutelare
516 1551 631 1595 numen
658 1551 759 1613 neque
783 1537 977 1615 sumpturum
1006 1552 1075 1596 cum
1105 1531 1267 1598 doctorum
1294 1531 1495 1613 insignibus²

188 1631 425 1714 adroganciam.
474 1630 618 1698 Modesla
646 1634 813 1716 prontissis
839 1643 884 1708 et,
912 1636 939 1698 si
961 1633 1213 1699 adversariorum
1234 1626 1401 1720 πράγματα
1416 1633 1495 1696 eon·
1539 1695 1542 1701 ,

186 1731 315 1810 siderea,
337 1735 432 1799 valde
453 1735 548 1800 utilis.
590 1735 673 1799 Nam
695 1735 863 1801 invalescit
884 1727 987 1818 πρᾶξις
1008 1735 1335 1801 etsectarahularum.
1378 1735 1497 1800 Nostra

186 1855 260 1900 vero
281 1836 436 1901 sodalitas
459 1856 521 1900 non
549 1835 645 1902 hahet
665 1837 744 1902 lidos
767 1835 953 1903 adsertores.
995 1837 1029 1902 Si
1050 1837 1105 1919 qui
1127 1835 1315 1902 verbotenus
1332 1836 1496 1901 nobiseum
1556 1837 1560 1844 “

187 1938 335 2014 sentiunt,
357 1957 418 2002 non
441 1945 584 2021 prestant
605 1937 707 2004 tidem.
751 1940 947 2004 insidiantur
966 1947 999 2004 et
1014 1959 1047 2003 re
1062 1939 1134 2022 ipsa
1151 1937 1342 2004 dissentiunt
1356 1958 1377 2002 a
1393 1939 1495 2003 nohis.
1515 1991 1519 2000 .

188 2041 292 2119 Quare
319 2061 369 2105 me
399 2049 520 2105 recreat
546 2041 720 2106 Herebordi
749 2041 889 2123 gloriola
909 2042 1087 2106 florescens.
1132 2040 1217 2119 Quid
1246 2042 1290 2108 ad
1317 2048 1347 2104 te
1368 2041 1497 2126 scripsit

188 2141 397 2226 Spoletinus?
438 2143 543 2212 Nimis
564 2143 739 2225 acquiescit
761 2144 859 2209 bardo
881 2145 999 2208 iratri3.
1042 2143 1106 2208 Diu
1126 2145 1319 2225 multumque
1344 2144 1496 2226 cogitavi,

188 2264 251 2326 qua
279 2251 386 2327 posset
417 2247 470 2310 ria
500 2246 609 2310 venire
638 2247 669 2312 in
697 2247 875 2329 conlegium
903 2255 1052 2311 nostrum.
1104 2245 1272 2311 Dedissem
1300 2245 1398 2335 etiam
1424 2245 1496 2310 dili·

153 2405 162 2426 ,
187 2354 313 2428 gentem
341 2367 486 2430 operum,
512 2356 545 2412 ut
571 2348 698 2414 tandem
721 2350 826 2431 Gothe
847 2367 969 2414 mecum
991 2347 1130 2430 degeret.
1172 2348 1262 2426 Nihil
1284 2348 1369 2413 enim
1391 2346 1509 2431 magis¹

188 2449 281 2532 cupio
302 2469 396 2531 qnam
420 2449 522 2514 doctis
543 2451 603 2514 l'rui
625 2451 941 2516 conlabulaoionibus
962 2457 994 2514 et
1014 2445 1241 2514 consuetudine
1260 2445 1333 2510 boui
1361 2445 1496 2511 alicuius

188 2551 256 2614 viri.
299 2550 363 2615 Sed
385 2571 503 2632 vereor,
525 2571 574 2632 ne,
596 2551 624 2616 si
647 2553 782 2618 amicum
803 2559 974 2632 attraxero,
995 2559 1145 2634 sequatur
1165 2548 1279 2614 stultus
1297 2568 1366 2613 cum
1389 2567 1495 2614 uxore.

189 2653 336 2718 Habesne
367 2653 495 2718 limam⁸
522 2655 833 2740 Agrippinensiuml,
857 2676 921 2738 qua
947 2655 1000 2720 isti
1026 2644 1250 2737 βοιλαινοφοὶγοιο
1277 2651 1495 2716 doctissimum

188 2754 362 2820 Reuehlin‘¹
374 2757 460 2821 velut
471 2756 610 2822 obelisco
622 2756 846 2822 confodiunt?⁴
869 2758 942 2821 Vidi
956 2757 1049 2821 huius
1061 2754 1319 2833 humanissimam
1329 2753 1497 2836 epistolam

188 2857 229 2920 ad
258 2857 435 2942 principem
462 2857 678 2940 theologorum
700 2859 840 2942 Colonia.
884 2859 1018 2937 Dubito,
1045 2878 1087 2923 an
1109 2857 1151 2930 sit
1171 2856 1260 2922 edita
1280 2877 1351 2920 oum
1374 2856 1497 2922 erratis.

189 2960 320 3025 lniclum
348 2961 431 3026 est⁵z
461 2960 599 3044 llgregia
627 2971 681 3024 tna
703 2963 818 3042 virtus,
846 2960 1114 3026 excellentissime
1142 2959 1259 3024 doctor.
1305 2959 1339 3023 ln
1361 2957 1423 3022 fine
1451 2958 1498 3023 sio

189 3063 317 3146 legitur:
342 3063 458 3128 (lantet
486 3065 563 3129 mihi
593 3064 697 3145 gallus
728 3072 760 3130 et
782 3063 877 3144 lieh03
901 3065 989 3147 prius
1009 3065 1097 3147 ipse⁰
1120 3072 1224 3141 tenes,
1251 3068 1420 3142 antequam
1439 3061 1498 3125 l'ul·

259 3185 271 3214 ⁸
297 3187 329 3232 Ta
347 3187 433 3234 linem.
474 3187 527 3232 llam
554 3189 596 3233 lrrrt
619 3204 643 3234 es
665 3187 771 3248 Bdrlainp
796 3187 862 3233 Ilua.
887 3203 926 3246 op.
945 3188 1018 3280 &appu
1041 3185 1078 3246 ΙΙ,
1099 3203 1124 3246 p.
1148 3181 1195 3231 121
1217 3184 1427 3244 melipeoehriebm
1449 3183 1498 3229 stul

190 3257 251 3302 rrrwlr
270 3259 376 3316 arrpleich
396 3257 443 3302 deu
463 3258 538 3317 Baias
549 3259 683 3317 Jiilsclrlieh
703 3255 767 3302 loll
790 3264 914 3316 (supersedet.
1018 3259 1051 3302 l'z
1071 3255 1281 3317 Agripinensinm.
1353 3245 1364 3274 ⁰
1390 3254 1437 3313 l'pl.
1457 3254 1497 3299 die

191 3326 250 3372 Nola
269 3311 282 3348 b
303 3343 331 3372 arr
350 3327 479 3374 deorsellrcu
493 3329 576 3374 ¹ll'orte
599 3330 626 3374 iu
643 3329 685 3374 Ην.
704 3325 762 3374 218.
826 3314 846 3362 ⁶¹¹
869 3328 922 3375 Ioh.
942 3327 1071 3374 Roruehlin.
1141 3322 1152 3346 ⁶
1172 3327 1241 3374 Fallit
1265 3326 1291 3370 iu
1313 3325 1366 3370 derra
1383 3323 1497 3370 Abdus-h

190 3395 233 3442 der
250 3393 291 3444 Ill.
311 3398 355 3446 nir.
375 3399 430 3458 Ep,
449 3399 509 3444 slelrl
524 3398 581 3444 raher·
599 3400 624 3445 in
642 3399 686 3444 des·
704 3397 816 3458 Det'eraus'o
837 3397 873 3445 Io.
892 3397 1054 3457 Poura-oua.
1392 3428 1394 3431 -

193 3531 391 3539 -.-.-..-.--..

229 3616 232 3622 ’
253 3613 262 3653 ¹
285 3621 350 3692 Vgl.
362 3619 407 3676 Br.
419 3621 487 3678 218.

252 3695 265 3738 ²
286 3701 349 3773 Vgl.
359 3701 403 3755 Br.
416 3701 473 3755 215
493 3701 518 3758 S.
532 3700 590 3754 292
612 3701 694 3756 Anm.
704 3701 730 3758 l.

251 3775 266 3820 ³
286 3781 475 3853 Vgl.Br.125
497 3781 526 3838 S.
541 3781 599 3836 180
620 3781 741 3838 Anrn.1.

252 3856 266 3900 4
286 3861 350 3932 vgl.
371 3861 494 3916 Basra.
884 3923 887 3928 ,
1318 3916 1322 3922 .

251 3936 265 3980 ⁵
286 3941 436 3997 Enthalten
463 3941 490 4012 1)
511 3943 540 3995 in
554 3943 707 3996 illustrium
723 3943 844 3998 virorum
867 3943 1008 4013 Epistolae
1030 3944 1082 4000 fol.
1098 3944 1155 4015 pll
1166 3963 1179 3997 r
1191 3962 1248 4014 -p
1259 3944 1300 3996 lll
1313 3962 1336 3996 v.
1358 3942 1414 3998 Cal.
1427 3944 1497 4000 Nor.

193 4021 330 4076 nl.1).x1
353 4022 471 4078 loannes
491 4023 628 4077 Renchlin
650 4023 817 4078 Phorcensis
843 4023 936 4094 legum
965 4025 1062 4078 doctor
1087 4025 1199 4096 egregio
1226 4042 1319 4078 sacram
1340 4018 1498 4095 theologiae

191 4102 297 4156 doctori
318 4103 351 4156 de
373 4103 511 4174 Tungaris
532 4103 558 4157 S.
581 4103 614 4157 D.
637 4103 681 4157 P.:
708 4103 827 4177 Egregia
847 4110 896 4157 tna
916 4104 1003 4158 virtus
1023 4111 1073 4159 ete.
1095 4106 1151 4158 und
1173 4104 1211 4172 2).
1224 4104 1254 4158 in
1272 4105 1322 4158 der
1342 4104 1498 4172 „Defensio

192 4179 303 4236 loannis
330 4182 508 4250 Pepericorni
538 4191 633 4238 eontra
663 4184 783 4238 famosas
809 4189 837 4238 et
864 4184 1021 4242 criminales
1048 4185 1227 4240 obscurorum
1253 4185 1374 4238 virorum
1397 4185 1498 4254 episto·

191 4261 231 4316 las
252 4269 303 4316 etc.
342 4261 525 4334 Abgedrnckt
545 4265 574 4317 in
595 4264 676 4320 Hutt.
691 4282 736 4334 op.
749 4263 843 4334 Suppl.
856 4262 878 4327 Ι,
890 4282 917 4334 p.
930 4263 1089 4334 82-176,
1109 4284 1134 4336 p.
1154 4263 1334 4320 rra—117.
1378 4264 1498 4336 Egregia

190 4341 249 4396 viro
277 4348 305 4396 et
332 4344 563 4398 excellentissimo
590 4360 668 4420 sacre
693 4344 835 4422 theologie
861 4345 969 4399 doctori
988 4346 1122 4401 domino.
1170 4345 1205 4403 N.
1238 4345 1273 4399 de
1304 4343 1442 4416 Tungan's
1469 4347 1498 4400 in

191 4421 412 4492 splendidissima
442 4421 601 4478 Coloniensi
636 4425 826 4492 universitate!
846 4425 1004 4480 cathedram
1035 4426 1269 4480 sanctissimarum
1300 4424 1498 4495 seripturarum

191 4502 299 4557 tenenti
319 4503 431 4558 domino
452 4522 501 4559 suo
517 4523 600 4575 quam
620 4503 876 4560 observandissime.
907 4504 935 4561 S.
947 4505 983 4562 D.
996 4505 1029 4559 P.
1066 4505 1406 4576 Egregiatuavirtusetc.
1434 4506 1498 4578 Vgl.

187 4583 262 4639 'iiber
281 4581 326 4638 die
347 4581 503 4659 Datierung
524 4585 580 4640 und
602 4585 656 4641 den
675 4585 747 4640 Text
762 4587 811 4642 des
831 4584 940 4640 Briefes
950 4585 983 4645 L.
996 4585 1107 4662 Geiger.
1148 4586 1175 4643 J.
1184 4585 1331 4643 Reuchlin.
1353 4583 1379 4640 S.
1392 4584 1457 4642 259.
