3625 5192
662 342 752 398 Briefe
771 341 890 396 hdutians
908 341 967 395 485.
988 341 1049 420 ltili.
1456 343 1504 398 147
1572 411 1574 414 v
1621 412 1624 418 Ι

202 513 274 558 mea
303 491 436 558 intersit.
477 490 619 556 Adamas
639 491 801 568 Publinsl,
829 489 1020 556 domesticus
1046 507 1133 553 meus
1158 488 1329 553 obsonator
1350 495 1382 554 et
1403 509 1505 565 ooeus,

202 614 223 658 a
253 614 304 660 me
334 595 449 658 missus
476 593 518 656 ad
549 593 811 676 bitervolphnffl,
840 591 942 656 virum
974 591 1005 656 in
1038 591 1112 654 aula
1142 589 1330 670 Moguntina
1358 593 1506 676 precipue

202 697 369 778 dignitatis
380 703 412 759 et
425 695 628 760 authoritatis
639 702 671 760 et
685 695 803 777 grauis,
823 711 971 774 magnam
988 692 1067 756 mihi
1084 711 1172 777 spem
1189 693 1304 758 retulit.
1338 693 1505 774 „rlndivi,“

204 799 313 880 inquit,
329 797 511 879 „Albertum
528 796 761 861 sanctissimum
773 794 951 860 honorabili
965 811 1042 860 vooe
1053 802 1218 866 canentem
1233 794 1344 859 divina
1355 797 1508 879 mysteria

202 902 284 965 testo
302 899 364 978 die,
379 897 430 963 oui
445 899 579 963 uetaret
593 917 706 962 nomen
720 904 780 961 est.
821 896 920 960 Nulla
938 895 999 960 luit
1018 913 1155 976 unquam
1177 895 1316 962 divinior
1337 900 1508 962 ceremoni-

203 1019 293 1065 arum
319 1000 407 1064 ratio.
449 998 580 1083 Papalis
608 1018 684 1062 erus
711 997 886 1082 episcopali
905 996 1041 1079 scipioni
1061 997 1157 1062 deons'
1178 997 1297 1062 adieeit
1345 999 1422 1064 Post
1441 1019 1507 1064 rem

205 1103 348 1167 divinam
366 1102 530 1185 respoudit
547 1100 782 1190 Eitelvolphus:
805 1099 856 1163 leh
878 1099 933 1164 wil
954 1100 1013 1163 das
1028 1119 1153 1164 vnserm
1169 1099 1312 1165 Mutiano
1330 1101 1506 1166 bruderlioh

204 1204 414 1270 ausriobten.“
455 1202 692 1269 Ofidissimnm
714 1211 745 1266 et
766 1201 1030 1282 benignissimum
1057 1202 1273 1267 auxiliarium!
1321 1203 1436 1268 Verum
1464 1207 1507 1284 id,

204 1306 289 1389 quod
311 1306 496 1388 flagitabam
518 1313 551 1370 et
572 1303 792 1387 Eitelvolphus
818 1304 1022 1387 promiserat,
1045 1303 1148 1368 adhue
1171 1304 1258 1368 heret
1278 1305 1310 1368 in
1333 1307 1507 1372 scribarum

205 1409 335 1473 decuria
358 1414 410 1472 tus
435 1407 528 1471 nobis
553 1407 717 1470 lelieitatis
736 1403 969 1488 expediendum
992 1425 1095 1470 mann.
1137 1405 1186 1471 De
1207 1427 1270 1487 qua
1291 1425 1348 1491 spe
1369 1425 1507 1472 seorsum

204 1511 246 1574 ad
267 1518 299 1575 te
320 1510 466 1589 soribam,
487 1517 620 1594 patrone
640 1514 753 1598 noster.
795 1508 884 1573 Vale.

287 1611 347 1674 llll
369 1611 535 1678 Kalendas
553 1610 688 1693 Apriles.
1326 1668 1332 1679 .
1489 1677 1490 1680 ,

286 1712 389 1778 Cardo
409 1713 480 1796 spei
501 1720 608 1777 nostre
629 1712 661 1777 in
684 1731 722 1778 eo
745 1713 885 1778 vertitur.
935 1711 1104 1794 Postquam
1135 1712 1245 1777 loanni
1276 1712 1509 1796 Engellendro⁴

206 1810 438 1881 suooessor'est
458 1814 552 1880 datus
573 1814 682 1880 dootor
703 1813 850 1893 Camere,
877 1812 962 1895 (utar
983 1813 1067 1878 notis
1087 1814 1208 1893 verbis)
1229 1815 1344 1880 eeeidit
1364 1836 1436 1882 mea
1457 1837 1511 1881 ex·

206 1917 360 2001 peotaeio.
401 1915 484 1980 Nam
513 1915 643 1999 poposoi
672 1933 782 1999 preoes
809 1914 978 1998 primarias
1004 1934 1066 1996 gen
1087 1913 1267 1981 Eisenaoh⁵
1295 1918 1372 1983 oder
1392 1918 1509 1985 Saltus.

207 2019 280 2083 Nun
308 2019 364 2082 hat
389 2019 449 2082 mir
473 2018 530 2083 her
550 2016 732 2099 llitelvolph
760 2035 831 2080 vom
852 2015 944 2092 Stain
969 2017 1002 2079 in
1030 2015 1088 2080 der
1108 2015 1269 2084 Cancellis
1294 2019 1427 2100 eriragt,
1448 2021 1510 2086 wie

207 2121 267 2184 das
291 2118 427 2201 enwegk
454 2119 511 2184 sei.
553 2117 617 2184 Sed
638 2117 721 2183 velle
746 2134 781 2181 se
807 2117 940 2182 serutari
970 2135 1092 2182 summa
1118 2116 1303 2201 diligentia,
1332 2140 1372 2186 an
1406 2122 1511 2187 adhue

206 2221 328 2304 aliquid
354 2227 451 2288 restat
472 2219 613 2284 dandum
634 2220 685 2284 vel
715 2219 810 2284 isthie
830 2220 882 2284 vel
903 2226 995 2284 extra
1016 2220 1257 2303 Erphurdiami.
1299 2224 1341 2288 Se
1366 2231 1511 2307 paratum

207 2343 278 2388 ease
308 2330 432 2405 gratum
461 2321 538 2386 mihi
570 2323 676 2387 faeere
707 2326 739 2386 et
768 2321 927 2405 opitulari.
981 2321 1040 2386 His
1064 2322 1160 2388 dietis
1183 2323 1315 2388 mandat
1345 2325 1511 2406 negocium

209 2425 368 2490 Choarato
378 2423 536 2488 Rnokertl
552 2430 584 2488 et
600 2423 701 2505 ipsius
716 2423 806 2488 fratri
823 2422 959 2503 Andree,
979 2430 1013 2486 ut
1028 2423 1152 2489 Adamo
1170 2444 1238 2490 meo
1255 2434 1388 2507 querant
1401 2445 1512 2510 preees

208 2526 346 2592 nondum
374 2527 568 2609 impetratas.
610 2525 651 2590 Hi
678 2524 741 2590 duo
765 2524 908 2609 primarii
934 2525 1036 2589 soribe
1062 2525 1164 2590 haben
1191 2534 1306 2608 gesagt
1327 2527 1389 2593 sibi
1409 2529 1511 2593 ooium

208 2627 386 2709 indagandi
402 2627 515 2693 deesse
530 2625 762 2709 impeditosque
777 2626 836 2691 sub
851 2627 935 2692 idem
954 2635 1087 2710 tempus,
1108 2626 1340 2710 gratifieaturos
1356 2649 1391 2696 se
1406 2638 1511 2695 tamen

208 2730 365 2808 Matieno,
391 2748 462 2795 oum
488 2728 657 2792 vacabunt.
701 2728 812 2809 Vides,
839 2729 960 2812 optime
985 2729 1145 2812 prinoeps,
1173 2747 1268 2812 egere
1293 2750 1343 2794 me
1365 2737 1421 2796 tua
1441 2725 1511 2811 tide.

209 2832 244 2897 Si
268 2832 349 2897 nosti
370 2828 550 2913 Ernhurdie
571 2831 673 2894 loeurn
694 2830 841 2912 preoibus
859 2837 979 2913 aptum,
1000 2851 1062 2894 non
1084 2851 1134 2896 me
1154 2831 1275 2897 desere.
1318 2831 1386 2915 ligo
1400 2851 1465 2897 rem
1481 2841 1513 2898 et

209 2947 298 3017 spem
324 2941 377 2998 tue
402 2931 493 2998 uado
520 2931 603 2998 fidei.
645 2931 764 2997 Tenuis
792 2939 840 2997 est
866 2931 944 2996 mibi
974 2952 1023 2996 res
1048 2932 1232 3012 t'amiliarir,
1260 2933 1316 2998 sed
1343 2932 1511 2999 admodum

208 3037 274 3100 leta
298 3035 491 3113 liberalitas,
518 3033 604 3116 quod
631 3033 716 3098 dooti
742 3032 883 3116 hospites
909 3051 971 3098 una
997 3052 1074 3098 vose
1094 3041 1258 3098 testantur.
1300 3035 1371 3098 Non
1392 3034 1512 3114 dubito,

209 3146 301 3221 pater
320 3137 525 3219 amplissime,
546 3135 622 3218 quin
646 3144 702 3200 tua
720 3141 752 3199 et
765 3133 957 3218 Eitelvolphi
982 3135 1179 3222 benignitate
1200 3155 1375 3218 consequar
1395 3143 1509 3219 optata

208 3239 310 3303 Ambo
332 3239 415 3303 enim
437 3237 656 3302 humanissimi
677 3237 756 3302 estis
777 3244 809 3300 et
829 3237 1022 3301 literatorum
1045 3237 1181 3300 onmium
1205 3239 1340 3322 patroni.

289 3341 380 3404 liano
402 3340 612 3404 narrationem
636 3339 723 3420 legat
741 3346 773 3403 et
792 3345 963 3422 eonoerpat
984 3343 1039 3402 tua
1058 3336 1281 3402 florentissima
1304 3338 1457 3420 dignatio.

281 3462 462 3509 llandsehriitl.
473 3461 493 3507 l*
506 3460 557 3507 leo
577 3461 619 3510 sol.
629 3459 797 3508 esav-295
803 3475 823 3508 r.

274 3652 285 3692 ¹
308 3653 498 3726 vaeneat)
519 3652 544 3708 S.
562 3653 600 3706 10
623 3653 705 3709 Anm.
723 3653 746 3708 l.

271 3729 494 3806 2v31.Br.3sr
520 3733 547 3789 S.
559 3734 606 3791 41.
627 3733 709 3788 Anm.
725 3733 751 3791 1.

271 3809 286 3852 ³
308 3815 352 3867 18.
366 3814 451 3868 Miirz.

272 3889 286 3931 ⁴
307 3893 370 3966 Vgl.
380 3894 426 3949 Br.
438 3892 525 3948 46411
546 3892 612 3949 471.

272 3969 386 4030 5Naeh
406 3975 456 4029 der
475 3973 649 4030 kirehliohen
665 3973 826 4045 Einteilung
847 3973 951 4028 bildete
972 3973 1108 4028 Eisenaoh
1131 3969 1269 4046 (Ecclesia
1289 3973 1388 4028 beatae
1412 3973 1515 4029 Mariae

212 4053 339 4126 uirginis)
371 4055 416 4109 ein
443 4053 662 4110 Arelridiakonat
698 4055 765 4110 oder
791 4056 852 4108 eine
885 4055 1064 4124 Praepositur
1090 4053 1141 4107 mit
1169 4053 1186 4104 9
1214 4053 1395 4116 llelranaten,
1425 4055 1516 4110 Saltza

213 4136 338 4206 dagegeu
361 4136 406 4189 eiu
428 4135 559 4188 Dekanat
577 4152 631 4188 von
653 4137 716 4188 dom
737 4134 959 4189 Archidiakonat
979 4133 1073 4188 θοι-111.
1117 4132 1347 4204 Vgl.}togistrurn
1365 4134 1479 4188 subsidii
1493 4153 1516 4189 a.

217 4215 293 4268 1506
314 4214 445 4286 impositi.

275 4290 289 4330 ⁶
311 4295 346 4351 D.
363 4296 382 4348 h
415 4293 576 4349 anaserhalb
597 4295 646 4349 der
665 4293 765 4349 beiden
786 4293 913 4347 Erfurtor
933 4285 1175 4348 Arehhffalronato.

278 4369 290 4414 7
311 4374 462 4429 Vielleieht
481 4374 620 4428 identisoh
641 4375 693 4428 ruit
711 4375 774 4428 dern
796 4374 880 4430 Mireh.
903 4372 979 4427 1473
1003 4375 1031 4427 iu
1052 4372 1146 4428 Erfurt
1168 4373 1428 4428 immatrikulierten
1447 4373 1517 4428 Con-

212 4456 296 4510 radus
316 4453 428 4509 Ruckor
448 4455 482 4508 de
504 4454 672 4509 Bruolrsella

1260 4651 1335 4706 10*-
