3625 5192
322 334 375 389 270
693 330 954 401 Gesebielrtsquellen
973 332 1022 387 rior
1039 330 1118 387 Prov.
1135 329 1259 387 Snebsen.

323 516 406 588 595.
430 514 590 600 Spslstln
612 532 658 581 un
681 513 828 581 llutlun.
907 512 1107 581 Frunlsi'urt
1126 532 1159 585 u.
1169 513 1214 584 11.
1235 512 1335 584 1520.
1357 506 1566 599 September
1575 513 1627 581 21.

391 640 504 702 Spalstin
534 639 603 697 giebt
626 638 763 685 Neelrrioht
791 652 840 685 von
868 640 952 685 soiner
977 638 1011 685 im
1036 638 1141 698 (lelolge
1163 638 1207 686 des
1232 639 1383 687 Kurilirsten
1405 643 1629 685 untemommenen

321 712 403 773 Reise,
428 712 473 758 sui
489 711 597 757 woleber
618 723 645 757 er
668 710 731 755 suein
751 708 862 756 Mutisns
885 710 1002 757 srbberen
1020 710 1116 756 lliener
1136 710 1273 769 getroffen,
1292 709 1434 769 verspriebt
1452 710 1496 755 dus
1513 702 1630 755 Antores·

322 797 400 843 pener
418 796 481 827 neue
499 780 644 826 Testsmerrt
666 780 711 825 uui
732 779 810 837 jeden
830 780 885 825 sarr
905 779 1046 825 suitreiben
1066 794 1095 825 zu
1113 781 1204 826 wellen
1224 780 1276 825 und
1299 779 1392 826 meldet
1415 779 1464 826 den
1487 779 1627 827 kolossulen

323 852 415 899 Absutz
434 850 479 897 der
500 850 671 897 Luthersehen
688 848 821 897 Schriften.

402 947 643 1013 Eruditissimo⁸
662 946 731 1012 viro
751 944 878 1011 domiuo
895 946 1042 1013 Conrado
1055 947 1224 1013 blutiano
1235 946 1355 1028 Rullo,b
1369 946 1522 1012 Gotbensi
1537 966 1629 1012 esne

322 1052 392 1116 nieo
411 1060 443 1115 et
461 1048 591 1131 doelori,
613 1066 669 1114 suo
691 1055 823 1132 petrono
845 1056 877 1114 et
898 1051 1095 1133 praeceptori
1116 1051 1345 1131 amentissimo,
1364 1048 1395 1114 S.
1418 1049 1457 1113 D.

403 1152 471 1217 line
492 1152 640 1235 prineeps
661 1157 768 1217 noster
789 1151 1008 1235 pientissimus
1029 1171 1104 1217 vere
1124 1153 1234 1237 peterl
1256 1151 1389 1217 Romani
1410 1151 1553 1235 imperii,
1578 1170 1629 1217 ne-

322 1254 397 1320 dum
419 1254 543 1338 patriae
564 1260 596 1319 et
617 1271 742 1318 suorum
764 1253 931 1319 ineolumis
956 1273 1027 1319 eum
1051 1255 1118 1319 suis
1139 1254 1285 1337 pervenit
1303 1253 1385 1333 heri,
1413 1253 1456 1317 mi
1485 1254 1629 1317 eruditio

321 1358 400 1422 sime
411 1354 878 1441 praeeeptordoetorblntiene,
900 1375 970 1420 erus
983 1354 1052 1421 Deo
1074 1354 1218 1422 adiutore
1233 1356 1308 1421 bine
1319 1355 1426 1421 navali
1438 1356 1630 1439 proieetione

322 1459 478 1525 soluturos
499 1457 719 1541 Agrippinam.
762 1456 854 1535 Quod
876 1456 963 1522 Deus
988 1458 1108 1542 optime
1127 1466 1240 1525 vertet.
1281 1457 1441 1524 salutavit
1460 1457 1630 1523 Bessorum

322 1560 518 1644 principeml
537 1557 570 1623 id
590 1561 716 1641 magnis
737 1559 884 1642 preeibus
905 1565 1064 1643 petentem
1087 1559 1249 1626 exultante
1273 1560 1357 1625 omni
1378 1558 1494 1625 Hessie
1520 1566 1553 1623 et
1576 1579 1630 1645 sp-

322 1660 502 1746 plaudente.
545 1660 642 1725 Tenui
663 1662 784 1726 lireiunt
806 1661 982 1746 prinoipem
1003 1662 1156 1745 optimum
1167 1668 1199 1727 et
1212 1662 1490 1746 sapientissimum.
1537 1660 1631 1727 Tanti

324 1763 445 1829 hubent
465 1781 624 1828 reversum
647 1782 718 1827 eum
740 1764 819 1847 ipsis
841 1764 872 1827 in
895 1764 1043 1845 gratiam,
1068 1782 1161 1847 quem
1182 1782 1341 1846 nunquam
1362 1762 1446 1829 mule
1466 1764 1631 1848 provocati

321 1866 526 1932 offenderent.
568 1866 710 1932 Ssbbsto
732 1866 903 1949 superioris
924 1864 1125 1931 bebdoroetis
1150 1866 1182 1929 in
1205 1866 1334 1949 patriel
1358 1872 1413 1930 tus
1432 1865 1630 1948 pernoctavi·

322 1987 404 2049 mus,
432 1968 486 2034 ubi
513 1968 672 2034 dominum
702 1967 864 2041 Paulum,4
893 1968 968 2033 olim
992 1975 1079 2032 tuum
1104 1967 1297 2049 ministrnm,
1319 1986 1383 2032 non
1402 1966 1511 2032 inveni
1532 1966 1630 2031 altero

323 2070 365 2134 sb
392 2068 465 2135 bine
492 2070 546 2136 rlie
573 2069 615 2136 ed
642 2079 673 2137 te
702 2072 882 2156 proiectum.
925 2068 1082 2135 blisissem
1112 2070 1171 2135 tibi
1198 2069 1272 2133 bine
1293 2070 1420 2134 Novum
1439 2068 1631 2133 Instrumen-

322 2172 409 2235 tum⁵
426 2171 622 2256 Antrerpiue
635 2170 832 2257 impressum,
853 2171 915 2237 nisi
927 2191 1035 2237 omnes
1056 2189 1138 2255 pene
1159 2172 1257 2239 libros
1277 2171 1471 2256 bibliopolae
1490 2171 1523 2236 in
1544 2169 1632 2234 dolie

323 2280 490 2356 congestos
516 2274 703 2339 clausissent
729 2275 762 2338 iri
790 2292 864 2338 suus
889 2272 987 2339 aedes
1012 2272 1248 2355 convellendos,
1275 2273 1427 2339 missums
1448 2280 1570 2354 tamen,
1597 2277 1631 2335 ut

323 2376 463 2459 promisi,
490 2375 542 2441 vel
567 2394 607 2440 ex
635 2376 816 2460 Agrippina
842 2376 892 2441 vel
918 2376 989 2458 ipse
1015 2376 1188 2459 aliquando
1217 2376 1372 2441 allaturus
1398 2374 1468 2440 Deo
1493 2374 1630 2440 volente.

323 2476 447 2556 Mirum,
474 2477 584 2559 quenti
608 2478 724 2560 ubique
752 2478 889 2562 optimus
911 2478 1045 2560 quisque
1066 2485 1098 2543 et
1118 2476 1350 2543 eruditissimus
1370 2479 1528 2543 duetorem
1550 2475 1633 2542 biar-

322 2579 422 2643 tinurn
444 2578 612 2645 botherum
646 2580 751 2645 faeiat.
793 2579 872 2645 Eius
894 2600 993 2663 opera
1021 2580 1122 2645 latina
1150 2580 1259 2644 sonnis
1279 2578 1526 2662 elegantissimis
1545 2578 1631 2643 Ada-

324 2700 392 2745 mus
402 2680 514 2745 Petrus
525 2680 743 2765 typographus
754 2681 943 2747 Busiliensis
961 2682 1072 2761 forme,
1091 2687 1126 2745 ut
1147 2689 1270 2762 vocent,
1291 2700 1383 2747 sreus
1402 2681 1556 2763 impressu
1577 2680 1631 2745 bie

324 2781 442 2849 vendit.
491 2782 579 2847 Nibil
607 2783 801 2866 frequentius
824 2784 948 2870 emitur²
975 2782 1055 2846 nihil
1078 2782 1227 2867 eupidius
1247 2782 1371 2867 legitur,
1395 2782 1475 2847 nibil
1496 2781 1632 2867 diligen-

324 2883 386 2947 tius
416 2890 577 2949 tractatur.
626 2884 713 2951 Deus
741 2894 803 2951 stet
831 2906 851 2949 a
876 2904 934 2950 suo
960 2885 1138 2967 evangelio.
1185 2885 1272 2951 Bene
1297 2886 1371 2951 vale
1403 2904 1474 2951 eum
1504 2886 1631 2951 nostris.

325 2985 458 3051 Cursim.

404 3088 453 3153 Ex
475 3087 702 3155 Freneolordis
724 3087 807 3153 Meni
830 3088 883 3153 die
904 3090 937 3155 S.
958 3087 1100 3156 Mutheei
1119 3088 1256 3173 apostoli
1277 3088 1417 3154 MDXX.

1295 3189 1550 3274 Spoletinus.

395 3312 471 3361 Gedr.
493 3313 517 3371 1)
537 3313 648 3361 Libellus
667 3314 756 3361 tertius
777 3314 818 3363 sol.
838 3312 966 3362 c5r-c
978 3315 1024 3362 bv.
1061 3314 1087 3372 2)
1106 3315 1148 3362 Τι.
1167 3315 1220 3362 Rei.
1239 3328 1278 3375 ep.
1297 3310 1363 3360 Mul.
1380 3307 1406 3366 S.
1420 3314 1542 3362 41-42

395 3413 459 3465 ‘re
478 3418 638 3467 smemrmo.
711 3404 775 3467 bre
793 3421 864 3467 nure.

388 3627 399 3670 1
421 3632 563 3687 Friedrich
585 3634 634 3687 der
655 3632 749 3689 Weise
771 3651 827 3688 wer
841 3632 1109 3689 Reiehsetettbailer.
1150 3631 1352 3703 1131111583
1374 3631 1481 3690 8250.

386 3708 400 3751 ²
422 3712 535 3783 Philipp
560 3714 614 3767 den
636 3712 856 3785 Grossmiitigen.
899 3713 1034 3769 Derselbe
1054 3731 1111 3768 rrsr
1138 3712 1214 3766 1518
1243 3714 1360 3785 miindig
1386 3713 1495 3769 erklbrt
1514 3716 1634 3770 worden.

328 3793 385 3846 und
414 3792 491 3847 hatte
517 3792 609 3847 selber
634 3794 679 3848 uie
700 3792 860 3865 Regierung
885 3800 1061 3865 sngetreten,
1080 3791 1126 3846 die
1152 3793 1246 3847 bisher
1272 3792 1302 3848 in
1329 3793 1433 3850 seinem
1456 3794 1565 3849 Numen
1587 3810 1635 3866 ge·

325 3872 404 3927 frihrt
423 3873 533 3927 worden
554 3890 616 3927 war.

385 3948 399 3991 3
419 3952 562 4025 Homberg
582 3952 610 4006 in
631 3952 748 4012 Hessen.

386 4026 402 4071 4
422 4032 460 4087 Er
480 4033 517 4087 ist
534 4032 744 4103 naehrreislieb‚
769 4028 938 4088 mindeste‘ns
959 4052 1011 4089 von
1035 4032 1113 4087 1505
1133 4050 1184 4104 an,
1203 4034 1265 4089 eine
1287 4034 1376 4089 Reibe
1394 4053 1449 4089 ron
1476 4035 1582 4091 Jalneu
1604 4036 1635 4090 in

327 4112 449 4167 Matiane
470 4113 564 4167 Hense
584 4129 710 4184 genesen

387 4188 576 4248 ⁵Virlleielrt
601 4193 638 4248 ist
664 4194 709 4247 die
738 4194 833 4248 zweite
853 4193 985 4266 Ausgnbe
1010 4196 1059 4249 des
1092 4212 1182 4249 neuen
1207 4194 1400 4250 Testamenta
1424 4212 1478 4249 von
1504 4195 1636 4250 Erasmus

326 4273 457 4346 gemeint.

882 4458 1082 4465 ---———
