3625 5192
285 328 336 384 124
638 329 899 399 Goscbichtsquellcn
917 330 965 385 dor
983 330 1093 385 Provinz
1111 330 1234 388 Sachsen.

364 479 467 545 Salus.
514 478 715 556 Ambrosius,
745 480 800 544 illc
825 478 1074 545 Mediolanensis
1101 481 1283 565 episcopus,
1319 481 1368 545 vir·
1393 480 1588 546 anrenissimi

284 582 404 665 ingenii
424 582 658 665 singularisque
679 581 827 648 facundie
851 590 884 647 et
909 602 983 647 vere
1004 583 1195 665 ambrosius,
1225 583 1284 649 lroc
1311 591 1369 665 est,
1395 584 1589 659 immortalis,

282 684 382 749 multa
402 684 571 749 salubriter
591 692 623 749 et
644 684 697 768 pie
717 684 760 749 ad
781 683 972 749 crudiendos
982 685 1100 751 Christi
1120 684 1229 751 fideles
1251 686 1427 769 posteritati
1450 684 1590 767 tradidit,

285 793 318 850 ut
339 788 406 851 iurc
435 787 609 869 meritoque
638 807 700 852 non
726 806 799 851 mea
823 795 960 868 tantum,
991 786 1047 851 sed
1075 788 1235 853 doctorum
1267 789 1405 853 omnium
1433 788 1590 853 sententia
1627 783 1631 793 '

283 889 435 973 perpauci
462 890 660 973 reperiantur
688 890 722 954 in
752 889 968 971 theologorum
1002 890 1198 973 cathalogo⁸,
1235 891 1348 974 quibus
1380 890 1431 955 vel
1461 886 1590 956 dicendi

283 992 438 1057 facilitate
464 994 515 1057 vel
544 992 731 1076 scriptorum
757 992 925 1076 multiplici
957 992 1046 1074 fruge
1073 992 1165 1058 lromo
1193 991 1233 1057 de
1256 992 1324 1059 Deo
1352 999 1384 1058 ot
1411 978 1590 1059 hominibus

282 1093 402 1177 optime
428 1094 559 1159 meritus
586 1095 760 1161 concedere
786 1092 910 1159 debeat
965 1095 1075 1177 ltaque
1103 1094 1252 1159 librorum
1283 1096 1352 1161 eius
1385 1096 1585 1161 sanctissima

284 1196 377 1261 lectio
396 1216 459 1261 non
478 1197 582 1279 magis
603 1216 654 1261 me
675 1197 832 1262 delectare
853 1217 948 1279 qnam
969 1197 1123 1263 instruere
1144 1199 1224 1264 solet
1250 1204 1344 1281 alque
1362 1198 1408 1263 ita
1430 1196 1590 1282 preceptis

283 1297 466 1363 melioribus
486 1300 639 1378 formare,
666 1306 700 1362 ut
721 1318 831 1364 omncs
851 1301 1009 1382 cogitatus
1029 1320 1130 1382 meos,
1158 1302 1267 1367 omnia
1288 1299 1421 1366 consilia
1446 1308 1478 1367 et
1505 1300 1591 1365 lacta

283 1400 356 1465 lrnic
377 1401 430 1465 uni
452 1400 615 1466 felicitatis
635 1409 731 1483 atque
751 1402 959 1467 beatitudinis
982 1403 1134 1485 magistro
1163 1411 1297 1488 accepta
1318 1404 1459 1468 referam.
1507 1402 1589 1467 Nam

283 1503 311 1568 si
333 1502 409 1585 quid
431 1502 613 1569 iuveniliter
633 1511 665 1568 et
685 1522 849 1587 perperam
871 1504 1058 1570 furibundus
1079 1514 1111 1571 et
1122 1506 1270 1571 incensus
1291 1506 1399 1570 effutio
1419 1512 1475 1570 ant
1496 1504 1590 1588 paulo

282 1605 435 1671 lascivius
454 1603 623 1671 scribendo
647 1625 831 1688 peccamus,
858 1608 1001 1691 protinus
1022 1607 1189 1673 Ambrosio
1217 1604 1359 1673 consulto
1385 1613 1440 1672 aot
1466 1608 1589 1689 nigrum

283 1708 362 1772 milri
395 1708 549 1773 calculum
581 1728 708 1792 appono
737 1716 793 1773 aut
825 1710 921 1774 errati
954 1709 1079 1775 veniam
1115 1718 1210 1792 atque
1242 1710 1471 1792 indulgentiam
1503 1708 1589 1793 apud

282 1809 519 1877 misericordem
546 1818 577 1875 et
603 1811 880 1876 clementissimum
903 1812 1005 1877 Deum
1032 1813 1190 1896 religiosis
1217 1820 1249 1879 et
1274 1812 1416 1897 mysticis
1443 1811 1590 1895 precibus

282 1914 426 1997 impetro.
478 1911 516 1977 ld
547 1913 631 1995 qnod
663 1914 837 1979 etiamnum
863 1915 1045 1979 faciundum
1073 1914 1208 1979 arbitror
1243 1914 1387 1997 relegens
1422 1914 1590 1997 epistolam

283 2017 325 2080 ad
344 2017 557 2095 tcnostram1,
581 2016 612 2081 in
634 2034 697 2097 qua
716 2036 773 2081 nos
794 2016 906 2081 mirum
927 2016 959 2081 in
981 2015 1107 2081 modum
1128 2018 1293 2082 verborum
1312 2025 1345 2082 et
1365 2017 1589 2082 sententiarum

283 2117 430 2200 dedecus,
452 2118 610 2203 probrum,
629 2118 802 2203 turpitudo,
824 2118 1002 2202 ignominia
1012 2120 1059 2183 sic
1076 2119 1208 2185 offendit
1220 2126 1251 2185 et
1261 2120 1403 2185 stimulat
1422 2128 1454 2185 et
1470 2120 1591 2203 pungit,

284 2229 401 2287 utnon
423 2227 488 2286 tam
510 2221 649 2286 urbanas
669 2241 765 2303 qnam
785 2240 906 2302 scurra,
929 2228 1076 2288 nontam
1098 2222 1223 2306 lepidus
1246 2241 1339 2303 quarn
1362 2222 1532 2306 impudens
1558 2230 1591 2287 et

284 2323 435 2390 ridiculus
467 2323 634 2389 cavillator
665 2325 763 2389 luisse
790 2324 909 2389 videar.
959 2324 1157 2407 Quamquam
1183 2324 1329 2390 amicicie
1356 2330 1500 2408 pretextu
1527 2346 1589 2389 non

284 2436 401 2492 oemero
421 2434 454 2492 et
482 2427 657 2510 procaciter
681 2426 829 2492 libertate
853 2428 913 2491 sim
936 2446 1018 2492 usus.
1068 2428 1235 2493 Damnans
1257 2427 1354 2510 igitur
1374 2428 1591 2511 ineptissimas

284 2528 529 2612 licentiosasquc
550 2528 658 2595 literas
669 2530 869 2595 Ambrosium
889 2548 992 2594 meum
1012 2531 1165 2603 consnlni,
1187 2530 1377 2595 venialenel
1399 2529 1432 2593 id
1450 2534 1589 2593 nostrum

285 2650 326 2694 an
348 2630 464 2713 penale
488 2639 651 2715 peccatum
679 2632 768 2697 toret.
809 2631 987 2717 Respondit
1012 2632 1197 2698 mitissimus
1224 2634 1365 2717 pontifex
1394 2632 1508 2696 affeetu
1536 2650 1589 2715 pa·

283 2740 382 2813 terno,
404 2753 423 2797 o
448 2753 542 2816 qnam
572 2734 704 2814 blande,
729 2754 823 2817 quarn
850 2734 1065 2817 indulgenter!
1109 2735 1271 2815 „Venialis
1290 2735 1471 2817 estculpa,
1497 2754 1590 2815 quam

284 2836 425 2917 seqnitur
453 2837 607 2920 professio
632 2836 848 2902 delictcmm.“
890 2838 959 2915 Quo
984 2856 1078 2919 quum
1105 2838 1153 2902 ita
1182 2838 1334 2917 babeant,
1370 2836 1498 2902 Urbane
1524 2836 1591 2900 dnl-

283 2937 421 3018 cissime,
439 2958 579 3019 onmem,
605 2939 632 3002 si
660 2958 755 3021 qnam
778 2941 937 3017 contraxi,
967 2940 1090 3021 culpam
1119 2939 1275 3020 benignus
1302 2938 1425 3019 relaxa,
1456 2958 1495 3005 nc
1518 2940 1590 3002 dm-

286 3042 389 3107 brosio
419 3042 558 3107 severior
579 3042 705 3107 veniam
727 3062 825 3125 neges
847 3042 989 3107 blotiano
1012 3040 1189 3120 confitenti,
1216 3038 1249 3103 id
1278 3040 1362 3120 quod
1385 3037 1589 3105 tc'tiaotnrum

285 3164 342 3228 pro
364 3143 561 3209 humanitate
578 3152 634 3209 tna
654 3144 786 3209 confido.
829 3146 986 3230 Scriptum
1009 3153 1057 3211 est
1078 3144 1178 3207 enim:
1201 3142 1257 3221 „ln
1278 3141 1384 3207 multis
1405 3143 1593 3208 offendimus

284 3264 401 3312 ornnes.
445 3246 486 3312 Et
505 3247 558 3329 qui
579 3267 642 3311 non
664 3247 696 3312 in
708 3247 805 3313 verbo
817 3247 983 3330 delinquit,
1005 3248 1032 3311 is
1054 3247 1210 3329 periectos
1232 3246 1329 3308 est².“
1371 3243 1515 3309 Srrflioiat
1534 3245 1591 3309 heo

285 3350 582 3431 confessionesque
606 3351 647 3415 ab
667 3350 781 3414 latratu
806 3351 949 3414 trifaucis
973 3350 1102 3414 Cerberi
1124 3348 1273 3412 vindicet.
1317 3346 1404 3411 Vale.

355 3472 534 3518 llandsclrrilbl.
557 3472 576 3517 l*
595 3472 610 3519 5
630 3473 670 3519 fol.
685 3471 810 3520 fir-ov.
880 3474 956 3519 (lcrlr.
977 3472 1001 3519 b.
1022 3472 1056 3517 'l'z
1079 3474 1101 3519 S.
1117 3470 1227 3517 22-32
1252 3487 1296 3517 cca
1315 3471 1402 3530 ltaque
1418 3470 1536 3518 librorum
1556 3468 1591 3517 bis

284 3541 387 3588 Cerberi
408 3542 528 3589 vindicet.

356 3652 367 3679 ¹
389 3650 421 3694 Τκ
440 3650 561 3708 menlage.
634 3633 647 3668 b
665 3649 698 3693 Ta
716 3650 759 3694 lua
777 3666 817 3706 rcrr,
837 3649 933 3694 rrrfrfrrs
952 3648 1001 3692 fiber
1026 3662 1056 3693 nu
1078 3648 1145 3705 siclt,
1164 3647 1206 3692 rrrit
1225 3646 1297 3692 Ilerlrt
1316 3648 1471 3705 ‹rrrsprfrrssrrr

286 3911 342 3982 aa.
364 3907 409 3974 ll⁰
423 3926 467 3974 an
480 3908 615 3975 liuban.
668 3907 812 3992 (Gotho.
835 3905 1024 3973 Zwlsolrcn
1034 3905 1132 3973 Eudo
1144 3906 1231 3973 lbflr'r
1244 3904 1316 3972 und
1329 3904 1461 3971 llorbst
1473 3904 1589 3984 1508.)

359 4021 442 4067 llnrclr
467 4020 522 4066 cino
541 4021 695 4078 Erdrteruug
722 4020 765 4067 dcc
789 4019 895 4077 Bogriffa
922 4019 1028 4065 mundus
1052 4018 1102 4064 will
1127 4017 1225 4064 blutian
1254 4017 1346 4064 scirrcrn
1378 4016 1491 4061 r’roumm
1516 4016 1589 4061 einen

285 4090 448 4150 Prodigtstoff
467 4092 563 4149 licferrr,
582 4106 622 4137 um
641 4091 693 4137 siclr
712 4092 757 4136 irrrf
772 4089 838 4137 diosc
849 4089 933 4135 ll'eisc
952 4090 990 4135 fuir
1000 4090 1133 4135 eruissent·
1146 4088 1248 4135 llicnstc
1269 4086 1426 4135 orkmrrrtlirlr
1447 4100 1475 4131 ru
1494 4086 1588 4144 zcigun.

284 4162 358 4208 Selnc
379 4161 473 4207 Foludc
493 4162 553 4207 sollc
573 4161 656 4207 Urbnn
678 4167 772 4219 gotrost
789 4160 935 4207 ucrnrbtcn.

366 4258 400 4322 si
424 4258 604 4337 virbonus,
627 4258 745 4323 beatus.

367 4358 521 4424 Urbano
543 4359 727 4425 beatissimo
748 4359 907 4423 llutianus
929 4358 1036 4425 llnfus.

348 4586 359 4630 ¹
381 4590 428 4649 Br.
451 4592 497 4651 83.
581 4590 595 4632 ‘²
615 4592 716 4649 dacobi
737 4594 764 4664 3,
785 4592 810 4647 2.
