3625 5192
325 364 379 421 1118
695 365 956 436 Gemblrbtsquellen
975 368 1024 423 der
1042 362 1115 421 Prot.
1135 364 1258 423 Suehscn.

326 534 388 581 uon
415 515 523 581 omnia
549 516 677 581 timeam
703 516 736 581 in
758 524 848 581 tanta
867 517 1078 599 malignorum
1099 517 1176 583 lece.
1218 516 1328 581 Eeiam
1350 516 1495 581 monachi
1523 504 1649 582 'letne'

325 618 428 683 rarius
448 625 481 683 et
504 617 701 703 importunus
719 618 841 700 college
862 618 998 701 probant
1018 618 1225 683 vinolentiam
1247 618 1423 698 Lotianam,
1443 620 1632 703 sapientiam

327 720 503 785 llorinnam
534 728 566 784 te
591 727 622 785 et
648 740 698 785 me
718 721 944 803 improbantes.
986 720 1049 785 sed
1077 720 1167 785 dabit
1189 721 1276 786 Deus
1305 721 1355 784 bis
1380 739 1503 803 quoque
1530 720 1632 786 linem.

327 822 420 887 Nune
440 823 608 906 pecuniam
629 821 763 902 colligo,
794 828 829 885 ut
853 822 880 885 si
905 840 986 900 quos
1011 820 1109 886 libros
1134 822 1276 887 Petreius
1303 831 1410 887 noster
1437 823 1634 901 advexerit¹‚

326 942 438 989 ernam.
487 922 690 1007 Canrpegus2
718 942 780 987 non
807 922 934 987 dillidat
957 923 1078 987 anxilio
1105 932 1221 987 nostro.
1275 924 1412 1007 'lqntum
1442 925 1644 1009 explorabis,

327 1024 404 1107 quid
426 1025 517 1090 Uotio
536 1025 662 1090 sentiat.
704 1026 738 1089 Si
758 1026 787 1089 is
806 1043 847 1089 ex
868 1025 967 1089 animi
989 1026 1148 1089 sententia
1174 1026 1281 1108 diligit
1301 1028 1497 1111 Campegunr
1519 1036 1551 1093 et
1570 1047 1632 1091 non

326 1126 516 1208 dissimulat,
533 1128 682 1192 continno
703 1128 825 1192 mittum
846 1126 955 1191 literas
975 1127 1256 1193 commendaticias
1277 1138 1309 1193 et
1328 1130 1403 1193 totis
1424 1129 1544 1195 viribus
1562 1150 1632 1193 eon·

326 1230 463 1304 tendam,
485 1237 519 1293 ut
540 1230 664 1295 invenis
684 1226 763 1309 11110,Ι
778 1228 944 1309 industria,
966 1229 1141 1294 eruditione
1164 1230 1306 1312 preditus
1326 1232 1464 1314 querelis
1484 1239 1516 1296 et
1538 1232 1633 1295 minis

327 1331 466 1399 iudicum
486 1333 681 1415 generalium
702 1330 892 1416 preliciatur.
934 1330 981 1396 Te
995 1350 1059 1410 oro,
1081 1333 1122 1395 mi
1138 1332 1275 1411 Urbane,
1298 1340 1401 1410 ntme,
1421 1334 1630 1412 sicutissime,

326 1454 415 1501 ames
434 1442 468 1499 et
487 1443 518 1500 te
540 1433 617 1500 mibi
638 1434 836 1499 carissimum
858 1452 928 1498 esse
951 1432 1154 1517 persuadeas.

408 1536 673 1602 Duodevieesimo
692 1535 851 1601 Calendas
872 1534 1072 1600 Februarias.

397 1642 578 1706 susannem.
598 1658 679 1705 snas
699 1658 740 1705 ror.
754 1658 833 1706 rese.

876 1786 928 1793 ——-
946 1786 1077 1793 -—-—-—.---

328 1841 410 1914 att.
431 1840 475 1908 11.
498 1859 543 1909 an
565 1812 744 1925 Petreius.
1011 1900 1013 1907 ,
1209 1840 1342 1927 (durna
1356 1842 1449 1909 1513.
1480 1841 1631 1928 lltral.)

397 1966 459 2020 ttut,
478 1966 563 2013 ertcilt
581 1966 637 2012 dem
654 1965 813 2024 Vorseblagn,
831 1966 885 2011 acin
904 1934 1018 2012 Erfurior
1037 1966 1105 2012 linus
1124 1981 1157 2012 an
1178 1966 1252 2014 einen
1272 1966 1386 2025 dortigon
1406 1966 1509 2013 Richter
1529 1982 1558 2013 zu
1578 1982 1632 2014 ror·

327 2036 433 2097 micton,
458 2038 529 2083 scine
547 2036 725 2093 Zurtinrurung‚
767 2038 854 2083 llarau
878 2037 992 2083 selrliosst
1016 2037 1069 2083 niob
1092 2038 1148 2083 elne
1174 2038 1332 2096 llrwttbnnng
1349 2038 1510 2096 Peutingers,
1534 2038 1631 2097 Bobelsq

329 2108 465 2155 lieucblins
482 2108 532 2153 und
552 2106 625 2153 niele

407 2206 567 2270 Petreio
587 2203 808 2287 Aperbaccbo.
830 2204 959 2286 ingenio
979 2216 1011 2269 et
1031 2204 1174 2269 doctrina
1196 2205 1331 2286 insigni,
1358 2204 1460 2269 amico
1480 2204 1633 2270 fidissimo

327 2316 423 2393 atque
442 2308 571 2391 optimo,
593 2305 753 2370 llutianus
773 2306 880 2371 Rufus.

409 2410 441 2474 S.
483 2407 719 2482 llencvolentia,
742 2406 851 2479 credo,
873 2405 986 2472 ductus
1006 2408 1169 2473 certiorem
1192 2429 1243 2475 me
1262 2410 1342 2475 iacis
1363 2430 1433 2475 esse
1454 2409 1579 2473 doctum
1601 2414 1634 2473 et

327 2515 484 2595 integrum
506 2512 572 2575 vite
593 2511 813 2592 nescioquem
834 2509 1046 2585 Hallensent,
1067 2510 1224 2575 cbloridos
1245 2512 1371 2578 bostioli
1394 2520 1558 2596 pretorem,
1578 2510 1630 2592 qui

328 2614 444 2679 babere
466 2622 590 2677 nostras
610 2612 709 2676 edes⁴
737 2620 832 2694 atque
853 2632 870 2677 e
891 2611 1038 2677 fenestris
1062 2613 1218 2695 prioribus
1241 2614 1412 2695 Dagoberti
1437 2612 1522 2695 regis
1542 2630 1633 2687 ceno

329 2717 436 2781 biumb
458 2724 490 2781 et
510 2714 612 2779 cultas
632 2716 743 2779 vineas
771 2714 946 2796 suspicere,
974 2716 1201 2797 posterioribus
1231 2735 1304 2780 vero
1330 2716 1450 2781 Gerrho
1476 2714 1631 2778 alveolum

327 2827 360 2883 et
382 2818 487 2882 bortos
507 2836 636 2881 amenus
663 2823 728 2880 tum
753 2815 873 2880 Urbani
901 2823 966 2879 tum
988 2815 1206 2899 pontificales⁶
1232 2816 1396 2901 despicere
1423 2816 1632 2900 concupiscat.

327 2919 431 2985 Addis
457 2918 593 2984 amicum
620 2938 690 2983 esse
718 2917 817 2981 iudici
837 2915 1040 2999 Mogmrtinm
1072 2918 1130 2983 tibi
1161 2939 1267 2984 carum
1295 2926 1327 2985 et
1352 2918 1479 2991 omnino
1505 2918 1633 3002 plenam

297 3013 299 3016 ’
328 3022 478 3106 equitatis
502 3021 714 3085 conditionem
737 3020 896 3103 proponis.
938 3019 1047 3085 Essem
1070 3023 1203 3101 ferreus,
1229 3021 1256 3085 si
1278 3040 1442 3102 negarem,
1468 3019 1633 3102 presertim

327 3125 386 3189 tibi
408 3133 472 3189 tam
499 3124 614 3188 idoneo
639 3120 833 3203 suffraganti.
873 3121 943 3186 Huc
971 3122 1070 3187 eciam
1098 3124 1240 3205 pertinet·
1263 3122 1380 3187 Urbani
1410 3120 1632 3185 testimonium.

327 3228 396 3305 Quo
417 3226 493 3309 quid
522 3231 720 3309 potestesse
749 3224 889 3288 rectius?
930 3222 971 3288 Et
999 3243 1177 3307 quanquam
1205 3224 1239 3288 id
1268 3220 1369 3307 g'enus
1393 3224 1537 3289 homines
1564 3222 1631 3287 foro

326 3329 446 3395 addicti
462 3328 652 3392 nostrist'cre
666 3324 782 3390 studiis
794 3326 915 3391 inimici
929 3326 995 3391 suis
1016 3335 1137 3391 tanturn
1157 3327 1298 3391 formulis
1318 3326 1436 3404 lavent,
1460 3325 1541 3389 inter
1555 3342 1634 3405 quus

327 3431 437 3497 ridere
457 3430 531 3495 licet
552 3448 612 3495 non
635 3437 699 3491 tarn
719 3428 882 3509 litigantes
897 3436 1049 3511 perpetuo
1072 3448 1165 3511 quam
1182 3428 1342 3511 latrantes,
1364 3428 1460 3509 quibo
1498 3420 1634 3512 plerum-

327 3552 389 3615 que
411 3533 489 3597 lucri
516 3532 612 3596 odore
636 3531 729 3607 (nibil
751 3531 835 3595 enim
857 3530 972 3596 Christi
1001 3532 1050 3596 vel
1077 3524 1222 3596 amicicie
1250 3549 1346 3595 eausa
1373 3537 1474 3611 grats
1500 3528 1634 3600 faciunt)

328 3634 477 3710 maxima,
500 3642 533 3699 ut
549 3634 651 3715 inquit
668 3633 880 3716 Propertium,
901 3634 942 3697 de
964 3633 1063 3698 nihilo
1085 3634 1226 3697 nascitur
1247 3630 1380 3696 historia
1395 3667 1435 3675 —
1456 3636 1529 3694 suunt
1549 3629 1632 3692 enim

392 3804 403 3847 ¹
424 3808 487 3879 vgl.
509 3806 633 3862 Butes.

390 3886 404 3927 ²
424 3888 487 3959 Vgl.
508 3888 553 3943 Br.
571 3888 628 3941 233
640 3886 746 3942 11:238.

390 3962 404 4009 ³
426 3968 772 4039 Walrracbeirrlicheorg
794 3968 955 4038 „Osmunde
976 3968 1010 4023 de
1034 3966 1155 4023 Hallis“.
1197 3966 1331 4023 Derselbo
1353 3966 1453 4035 rvrrrde,
1476 3964 1547 4019 naob
1564 3964 1634 4016 Arus-

330 4049 395 4103 rreis
415 4050 464 4103 der
481 4048 605 4103 Erfurter
618 4048 895 4119 Universitiitsaktcn,
917 4047 993 4101 1500
1014 4048 1137 4121 (Ostcrn)
1158 4048 1391 4115 irnrnatrikuliert‚
1415 4046 1489 4098 lbllb
1503 4044 1633 4115 Magister

328 4129 429 4183 artium
457 4130 511 4182 urul
540 4128 616 4181 lblb
638 4128 799 4183 Bacularins
826 4129 900 4183 iuria.
945 4128 1020 4181 1513
1050 4129 1207 4185 bolleidete
1233 4146 1263 4182 er
1288 4136 1369 4181 anter
1388 4125 1563 4194 Siimmering
1588 4123 1633 4177 ein

329 4210 510 4265 liiclrtrrumt.
556 4210 615 4265 Das
641 4210 842 4264 Gericbtsbuna
869 4228 918 4263 aur
943 4212 1049 4279 griirrnn
1078 4209 1173 4262 Plorto
1199 4209 1234 4261 ist
1260 4208 1313 4261 mir
1341 4225 1390 4261 nrm
1417 4206 1558 4275 sonstigen
1584 4202 1634 4256 Er·

330 4292 505 4361 u'iilrnungrm
526 4290 604 4343 nicht
623 4290 754 4344 bekannt.

389 4368 403 4409 ⁴
425 4370 490 4441 vgt.
511 4370 556 4425 ltr.
574 4370 632 4423 ‘214
653 4370 747 4423 stul
770 4368 892 4423 Anm.‘2.

389 4446 404 4489 ·'³
428 4450 485 4505 llam
507 4450 844 4505 Peter-Paula·liloster.

390 4528 485 4597 ⁶,llor
506 4530 680 4585 Mnirracrbof
695 4531 774 4583 stiess
792 4546 826 4583 un
849 4530 902 4583 deu
925 4528 1151 4602 Gourgentlraler.

391 4607 403 4655 7
425 4611 595 4687 Properall,
610 4613 634 4669 l.
650 4610 695 4667 16.
