3625 5192
689 375 778 431 Brioio
801 377 921 434 Mutiaus
939 376 981 431 25.
1455 380 1489 436 37

766 530 794 586 2.
815 533 900 589 Brief.

305 638 354 704 Ad
375 640 660 723 prestantissimum
674 642 775 706 uirum
793 642 932 707 Aldum
949 642 1160 709 Manutium
1181 646 1401 726 Romanum,
1420 668 1487 713 ero-

224 740 359 806 ditorum
382 742 566 827 prinoipem,
587 742 744 825 Georgius
765 744 975 828 Spalatinus.¹

308 843 414 923 Salvo,
432 852 565 928 patrona
581 845 743 912 liturarum
762 847 959 930 optimarum.
1002 848 1134 914 Mandat
1147 849 1315 926 Mutianus,
1337 852 1387 917 oui
1410 853 1489 918 nibil

225 966 285 1010 non
306 945 416 1028 dobso,
438 954 473 1012 ut
495 968 543 1013 ma
564 947 623 1013 tibi
640 948 840 1015 familiariter
854 950 1021 1015 insinuem.
1062 950 1098 1015 ld
1117 952 1172 1033 qui
1182 970 1319 1036 possum,
1344 955 1490 1035 quand0²

224 1048 318 1130 longa
339 1049 493 1115 absumi?
533 1050 671 1115 Tantum
692 1071 714 1115 a
730 1057 762 1116 to
783 1057 871 1135 peto,
897 1058 932 1117 ut
954 1052 1145 1137 respondeas
1166 1060 1198 1118 ot
1218 1052 1376 1121 doctorem
1399 1054 1490 1127 Muti.-

224 1170 319 1214 anum
347 1158 379 1216 et
408 1172 459 1217 me
488 1151 814 1218 commendatissimos
849 1152 976 1219 babeas.
1033 1154 1267 1221 Commornmur
1298 1156 1330 1222 in
1360 1158 1489 1241 ragione

223 1252 400 1337 Thuringio
420 1274 482 1319 nou
502 1254 610 1339 procul
631 1254 673 1321 ab
694 1256 798 1320 uratia
818 1254 1042 1323 Foobariorum
1064 1256 1200 1323 olliuiua.
1242 1258 1328 1326 Vale.

303 1354 352 1419 Ex
373 1356 459 1421 vallo
479 1356 670 1437 Georgiaua.
713 1357 800 1423 Intra
820 1356 979 1423 calendas
1001 1358 1195 1427 Decembris.

253 1488 433 1536 Handrohrlstl.
455 1487 642 1537 astruitur
663 1490 749 1537 -lilv,
785 1488 862 1537 Gadr.
882 1490 905 1537 b.
925 1489 959 1537 Tu
970 1490 994 1537 S.
1004 1490 1037 1537 48
1053 1491 1103 1537 und
1123 1492 1146 1539 b.
1165 1494 1262 1541 Solrllok
1281 1495 1303 1542 S.
1316 1494 1373 1542 ltu.

250 1606 263 1633 ²
282 1615 316 1660 Ta
333 1613 384 1661 und
402 1615 493 1661 sclam
512 1628 595 1675 quum.
668 1597 791 1661 batava
809 1614 897 1663 absim.

770 1789 797 1844 3.
818 1788 903 1845 Brief.

303 1906 417 1972 Herioo
448 1907 621 1986 Urbano,
649 1910 681 1973 S.
713 1906 867 1972 Bornardi
894 1906 1052 1973 saoordoti
1089 1910 1271 1975 venerando
1306 1930 1343 1975 ao
1372 1932 1489 1995 magua

221 2010 367 2077 doctrina
386 2008 516 2090 homini,
537 2007 639 2074 Aldus
659 2008 820 2073 Manutius
841 2008 1010 2078 Romanor.

302 2112 334 2177 S.
356 2110 532 2176 Matianum
553 2111 687 2176 Rufum
716 2118 845 2195 propter
870 2112 972 2195 ipsius
997 2112 1173 2177 doctrinam
1201 2120 1233 2179 et
1260 2113 1487 2183 humanitatom

222 2235 295 2280 amo
322 2212 525 2279 vehementer
551 2214 661 2296 eiqus²
687 2212 804 2279 debaro
830 2217 900 2279 mul
923 2214 1039 2295 fateor,
1067 2221 1132 2279 tum
1160 2218 1252 2299 quia⁸
1279 2214 1319 2280 do
1345 2237 1396 2282 mn
1425 2237 1487 2284 non

221 2317 348 2383 desinat
377 2316 457 2380 bens
488 2314 609 2397 dicero,
635 2322 700 2380 tum
727 2316 841 2389 otiam,
870 2316 947 2399 quia
974 2323 1005 2381 to
1031 2316 1109 2381 mibi
1142 2318 1261 2382 sauotls
1288 2318 1427 2384 moribus
1456 2326 1488 2385 et

222 2418 367 2484 doctriua
391 2425 536 2482 ornatum
557 2420 659 2482 virum
684 2418 820 2483 amioum
847 2418 959 2484 iuuerit
982 2419 1049 2484 suis
1075 2418 1230 2484 laudibus.
1277 2420 1486 2499 Quamobrem

220 2522 335 2585 uisite
361 2527 394 2586 et
414 2519 591 2588 Matianum
617 2527 649 2585 at
668 2520 869 2604 Spalatinum
890 2518 1059 2586 abundum
1090 2540 1184 2604 quam
1207 2521 1317 2588 doctos
1344 2524 1430 2588 viros
1457 2534 1489 2590 at

220 2625 284 2689 mei
304 2622 539 2688 amantissimos
561 2642 623 2687 uon
634 2622 768 2704 diligam
789 2623 898 2702 solum,
920 2623 977 2689 sod
998 2624 1165 2707 plurimum
1182 2643 1304 2707 quoque
1320 2625 1488 2705 redimens,

220 2725 280 2790 sim
307 2724 446 2791 omnium
467 2724 710 2807 ingratissimus.
753 2726 809 2791 Set
830 2734 952 2790 atomo
972 2745 1029 2789 vos
1050 2733 1082 2789 et
1103 2744 1236 2791 veneror
1253 2746 1377 2810 agoquo
1397 2730 1488 2797 vobis

223 2828 417 2893 immortales
436 2828 567 2911 gratias,
589 2827 692 2909 quod‘l
712 2846 763 2891 me
782 2828 825 2893 ad
847 2834 985 2892 mutuam
1008 2828 1263 2895 benevolentiam
1288 2829 1487 2895 invitaritim.

222 2930 325 3009 Quam
345 2929 474 3011 quidem
495 2929 537 2994 ad
558 2949 624 2995 rom
645 2930 674 2994 si
695 2929 886 3010 tacuissetis,
909 2930 1009 2995 aratis
1028 2929 1119 3011 digni
1142 2932 1229 3015 prius
1249 2932 1363 3012 rogari.
1407 2930 1487 2997 lllud

221 3052 274 3097 rna
295 3031 390 3097 valdo
410 3031 548 3097 delectat
569 3030 652 3096 orari
672 3031 731 3096 abs
751 3039 783 3099 te
804 3032 921 3107 Deum,
948 3039 982 3096 ut
1003 3051 1052 3097 me
1074 3033 1105 3095 in
1127 3034 1225 3098 tantis
1246 3032 1408 3100 laboribus
1432 3054 1488 3119 pro

221 3155 258 3199 ro
289 3134 432 3201 literaria
459 3133 609 3214 adiuvet,
637 3134 672 3199 id
705 3134 789 3217 quod
816 3154 893 3216 rogo
922 3141 953 3199 te
978 3134 1074 3199 etiam
1096 3142 1191 3217 atque
1214 3135 1324 3215 etiam,
1352 3142 1384 3200 ut
1405 3156 1489 3203 nuno

219 3236 472 3302 maximel'aoias
492 3255 654 3318 auresque,
674 3242 709 3300 ut
729 3236 814 3302 idom
826 3237 923 3301 ueteri
942 3236 1237 3303 fauiantmonaobi!
1276 3236 1389 3302 Molior
1404 3239 1487 3302 anim

220 3358 287 3404 rem
319 3338 489 3403 maximam
524 3339 662 3403 maximo
697 3340 907 3405 emolumento
940 3340 1075 3404 suturam
1103 3340 1254 3405 studiosis
1282 3340 1428 3406 omnibus
1458 3348 1489 3406 nl

219 3442 276 3524 qui
297 3460 381 3506 nuno
402 3448 476 3506 suut
495 3446 528 3505 et
549 3441 605 3522 qui
625 3448 697 3525 post
715 3441 790 3507 allis
810 3449 902 3507 erunt
923 3442 954 3505 iu
976 3442 1079 3506 annis.
1123 3442 1211 3508 Vale.

304 3542 450 3609 Venetiis
469 3545 518 3609 22.
541 3542 716 3608 Februario
737 3563 821 3609 anno
844 3547 946 3611 lullus

251 3686 429 3733 Handschriltl.
453 3684 525 3731 1³49
546 3684 663 3733 l01.29v.
699 3686 774 3733 Godr.
800 3685 823 3740 l)
842 3686 875 3731 im
893 3686 1005 3732 lribollus
1024 3700 1104 3733 novus
1127 3687 1168 3733 sol.
1188 3686 1321 3733 rili-v.
1366 3686 1391 3741 2)
1411 3686 1434 3733 b.
1455 3685 1489 3732 Tu

177 3756 240 3806 85.
278 3757 304 3813 3)
322 3756 481 3804 bursis.
518 3757 545 3812 4)
566 3755 589 3801 b.
607 3756 705 3802 &huet
724 3756 913 3803 slus-1³4.

252 3876 264 3899 ³
284 3880 322 3924 IV
336 3894 421 3939 nuqua.
494 3863 507 3901 b
526 3880 595 3925 rurus
613 3881 639 3925 ia
657 3880 684 3926 r:
704 3894 726 3926 u.
746 3879 769 3925 b.
779 3880 877 3927 Srlrllolu
953 3875 964 3899 ⁰
985 3894 1040 3925 curn
1059 3880 1124 3939 quod
1144 3880 1170 3925 in
1189 3878 1242 3925 Lib.
1261 3894 1326 3940 raom,
1344 3878 1367 3924 b.
1388 3880 1421 3925 Ta
1439 3879 1487 3927 S.5

178 3951 233 3997 und
252 3950 275 3996 b.
293 3950 398 3996 Subdola
468 3933 480 3969 ‘¹
500 3964 565 4009 quau
583 3950 605 3995 b.
625 3951 659 3995 Ta
677 3949 751 3997 sol.
821 3944 832 3969 ²
851 3950 1005 3995 invitavistis
1023 3950 1046 3996 b.
1068 3951 1099 3995 Ta
1117 3950 1139 3997 S.
1150 3951 1191 3997 44.
1255 3936 1261 3970 ¹
1281 3949 1357 3997 outoni
1378 3950 1444 4009 apud
1464 3954 1489 3997 to

178 4020 343 4137 {biqimigra
353 4021 422 4076 (obrue
440 4020 566 4078 monaehi)
585 4020 612 4066 ia
630 4020 682 4066 ub.
697 4022 757 4079 aba,
777 4020 800 4066 b.
818 4020 853 4066 Ta
870 4017 921 4067 85
938 4020 988 4067 und
1008 4020 1031 4066 b.
1047 4020 1152 4067 Sobilolu.
1223 4012 1236 4049 Β
1254 4020 1307 4067 Das
1324 4020 1412 4065 Dutmu
1422 4018 1489 4079 fehlt

179 4216 384 4225 ’,ο-..ω-

248 4300 258 4341 ¹
282 4303 366 4357 Dione
388 4302 506 4358 Adrosse
538 4304 609 4357 fohlt
634 4304 680 4357 boi
702 4304 742 4357 Tz
770 4304 826 4357 und
847 4302 967 4358 Subiiok.
1011 4302 1134 4357 Ersbarer
1158 4304 1236 4374 globi
1264 4304 1312 4357 ihu
1339 4304 1489 4359 salsohliuh

179 4386 224 4440 als
244 4383 326 4438 Briof
345 4383 455 4439 Urbans
482 4386 537 4438 und
559 4384 776 4454 Kampsohullo‚
804 4386 853 4437 dor
875 4385 906 4453 ja
927 4390 1004 4439 soust
1024 4383 1069 4439 diu
1092 4383 1274 4439 llaudsohrift
1293 4383 1491 4457 gowisseuhaft

179 4466 299 4520 banumt
318 4465 380 4533 hat,
401 4464 474 4536 folgt
494 4464 553 4518 ihm
576 4464 677 4517 hionin.
718 4463 781 4535 vgl.
803 4464 940 4535 Kpscblto
956 4464 979 4533 1,
1002 4462 1191 4531 82,.lnm.1,
1233 4464 1344 4521 Sohiiok
1366 4466 1416 4519 hat
1441 4464 1490 4520 das

179 4544 314 4617 Richtigo
335 4550 481 4602 remutet.
