3625 5192
607 313 696 368 Brieie
716 314 835 368 Mutians
854 313 912 368 194.
935 314 992 365 195.
1013 312 1071 366 196.
1446 309 1496 364 271

193 483 350 550 pauperes
372 464 583 548 appellantur,
605 463 636 527 iu
659 463 792 528 earitate
804 461 937 532 debiles,
957 462 990 524 in
1005 459 1190 541 arrogantia
1200 458 1331 538 robusti,
1351 457 1498 526 doctriua

191 569 293 640 leues,
324 566 520 632 couscientia
543 565 673 646 graves!
715 562 779 628 Sed
803 565 860 627 beo
887 580 1034 643 quorsum
1061 561 1189 643 allego?
1231 559 1300 642 Ego
1316 561 1436 641 soleo,
1463 571 1497 627 tu

191 669 309 734 valeas.
350 669 391 732 Et
404 668 480 750 quia
502 689 563 732 uon
587 667 674 750 potui
696 667 864 730 temeraria
875 665 988 728 sistere
1002 663 1098 727 rerba
1119 671 1167 739 tut
1187 664 1291 744 inquit
1302 662 1497 747 Sidoniusl),

193 773 250 836 beo
271 791 356 852 rogo,
378 789 417 835 ne
439 769 565 834 dubites
585 772 667 834 lenta
688 767 795 832 dicare
817 768 904 848 rogo!
947 765 1084 849 llaptim.

271 873 333 938 Die
355 873 514 936 Laurentii
537 872 675 936 oratil'eri
696 890 779 934 armo
800 869 862 932 Xll
886 877 956 951 post
978 868 1139 932 volumina
1159 869 1333 932 seculorum
1357 867 1425 932 XV.

261 995 443 1042 lluudsobrilll.
464 995 483 1040 l*
497 993 547 1042 ‘243
567 995 607 1042 iol.
627 994 670 1040 lb'l
682 1009 700 1041 r.
738 993 811 1040 Godr.
834 992 857 1040 b.
876 993 910 1038 Tu
928 993 951 1040 8.
965 991 1013 1038 tat
1032 990 1185 1049 tollmutulip.

191 1278 269 1346 196.
292 1278 337 1346 11.
360 1297 406 1346 ιιι
430 1277 560 1350 Urbuu.
694 1275 928 1358 (botherum.
961 1280 1057 1344 liuru
1071 1277 1163 1346 uaob
1174 1279 1256 1346 dem
1267 1280 1324 1350 10.
1336 1281 1496 1365 August.)

260 1405 320 1450 blut.
345 1403 482 1451 varbraitot
504 1405 556 1450 oieb
577 1404 637 1450 iiber
655 1403 699 1450 (las
717 1417 875 1462 ungeuogoue
897 1402 1040 1448 Buuolimou
1059 1399 1201 1450 llurobortla
1222 1420 1247 1453 v.
1266 1405 1290 1452 d.
1308 1405 1425 1453 Martbeu
1445 1407 1496 1453 unu

190 1480 271 1520 warnt
294 1489 339 1521 vor
357 1476 559 1520 ullnusubnellem
575 1475 713 1520 l'artraueu
737 1487 766 1520 uu
781 1472 919 1520 lllusurtlus.
958 1473 990 1518 llr
1010 1474 1065 1520 toilt
1086 1474 1160 1520 oiuou
1179 1490 1259 1534 gegau
1277 1476 1321 1521 ilm
1340 1476 1496 1535 gerit-blotan

191 1545 260 1604 (ioup
279 1545 322 1590 dos
341 1545 461 1604 Kiiteliug
479 1545 532 1592 mit,

271 1642 408 1708 Heurioo
432 1641 586 1706 Urbano
608 1640 766 1706 blutianus
788 1639 894 1704 Rul'us.

271 1745 430 1842 Similes,
457 1744 559 1808 valeo.
601 1743 691 1820 Quod
715 1743 915 1808 llerebordus
935 1731 1141 1808 ounotauuius
1162 1745 1347 1828 respondet,
1367 1767 1495 1812 eausam

189 1846 241 1911 vel
265 1847 395 1912 silenter
423 1845 585 1926 intelligis.
633 1843 785 1909 Evilesoit
811 1845 896 1928 apud
916 1863 987 1908 eum
1009 1846 1144 1924 amicus,
1170 1855 1337 1930 postquam
1364 1851 1497 1914 bonores
1547 1911 1550 1914 ,

190 1949 314 2033 aceepit
328 1948 491 2012 lioenoiel.
522 1946 604 2024 Quid
617 1947 765 2024 lauturus,
786 1947 814 2010 si
826 1945 949 2010 indultu
960 1947 1085 2030 eollegii
1100 1949 1275 2015 Biermosto
1290 1954 1497 2016 successerit?

189 2051 291 2114 Nemo
318 2059 457 2114 nostrum
486 2049 633 2114 nouerit
662 2047 878 2132 despicabilis.
920 2048 984 2113 Sed
1013 2050 1177 2134 superbiat
1203 2058 1236 2117 et
1262 2071 1320 2117 uos
1341 2072 1381 2118 ne
1406 2051 1498 2117 llooni

189 2150 318 2234 quidem
338 2153 445 2232 taeiat,
466 2149 806 2216 dummodo'stutliosis
826 2151 869 2214 sit
889 2150 984 2215 utilis.
1029 2151 1132 2216 Habet
1152 2172 1239 2217 meas
1260 2173 1317 2237 pro
1339 2173 1373 2217 se
1388 2155 1497 2221 literas

189 2255 231 2319 au
244 2255 462 2333 Riermostum,
483 2273 571 2336 quas,
594 2263 678 2334 puto,
701 2261 734 2318 ut
755 2251 871 2318 nullius
893 2251 1034 2318 etlioaeie
1054 2255 1230 2340 supprimit.
1272 2255 1333 2333 Qui
1344 2257 1497 2338 garriunt,

190 2375 285 2438 agere
315 2357 455 2421 animam
488 2357 559 2440 plus
596 2355 698 2420 sciunt
725 2355 766 2419 tle
797 2355 900 2420 alieno
932 2375 1027 2437 quam
1057 2358 1152 2420 trater
1183 2357 1223 2420 de
1254 2357 1360 2422 l'ratre.
1414 2357 1497 2422 Nam

191 2457 382 2540 Hartungus,
404 2458 570 2523 lliermosti
583 2459 689 2536 l'rater,
708 2457 799 2521 aliter
821 2458 967 2540 loquitur.
1010 2457 1174 2535 Questiooi
1193 2459 1374 2524 tuePaulos
1392 2470 1498 2525 noster

149 2625 152 2632 ,
191 2561 381 2638 satisfaciet,
410 2561 502 2624 bonno
529 2560 650 2644 peritus
673 2559 865 2640 tabularum,
894 2579 974 2641 quas
1002 2560 1115 2626 diebos
1142 2562 1229 2625 lestis
1250 2562 1329 2643 legit
1348 2562 1498 2646 privatim

190 2669 221 2727 et
246 2663 336 2727 audit
361 2662 494 2746 publice.
544 2661 712 2745 Disputari
741 2679 810 2724 oum
839 2681 884 2726 eo.
927 2662 1115 2726 Numeravit
1140 2665 1171 2727 in
1193 2663 1304 2745 digitis
1324 2683 1426 2728 auum
1445 2664 1497 2728 evi

190 2764 335 2830 blariani.
378 2765 534 2830 Dissentit
561 2764 602 2828 ab
622 2763 783 2828 Emserol.
825 2763 939 2828 Testes
960 2783 1016 2828 soe
1037 2764 1197 2848 opinionis
1218 2785 1348 2846 rugosus
1374 2766 1460 2829 velut
1479 2786 1498 2830 e

189 2867 269 2932 oella
283 2885 393 2932 naseos
414 2867 538 2950 promit,
557 2865 671 2947 quibus
692 2885 752 2948 ego
773 2865 800 2930 si
821 2863 917 2930 fidem
937 2867 1135 2947 abrogarem,
1159 2866 1313 2932 iudicaret
1331 2867 1409 2932 mibi
1422 2875 1497 2951 'pro-

190 2969 274 3032 tinus
295 2968 445 3032 ieiunium
467 2979 499 3030 et
521 2967 599 3030 nibil
621 2967 684 3032 eibi
707 2967 901 3032 ministraret
918 2968 1106 3050 castigando
1121 2989 1170 3032 me
1191 2969 1394 3052 parsimonia
1436 2969 1498 3033 Die

189 3070 375 3134 Laurentii4
403 3068 525 3133 reddite
556 3077 629 3133 sunt
650 3069 813 3134 Musarum
839 3069 937 3135 nostri
957 3071 1061 3150 litere,
1089 3089 1169 3153 quas
1190 3089 1260 3134 eum
1282 3071 1342 3135 bae
1363 3070 1499 3154 epistola

189 3170 381 3254 copulamus.
424 3169 604 3252 Pythagora
616 3171 791 3253 symbolum
808 3173 959 3256 precipit,
979 3191 1019 3236 ne
1039 3171 1141 3236 euivis
1161 3173 1304 3256 porrigas
1326 3171 1499 3252 dexteram,

189 3273 248 3337 boo
271 3279 328 3352 est,
350 3292 389 3336 ue
411 3281 527 3336 terruere
548 3272 721 3352 quemlibet
742 3274 772 3335 iu
795 3274 1045 3344 familiaritatem
1067 3274 1212 3358 recipias,
1233 3275 1323 3355 quasi
1335 3274 1497 3355 deligendi

189 3377 267 3454 sint,
302 3395 380 3457 quos
412 3375 539 3456 diligas.
591 3373 691 3438 Greoe
725 3374 852 3438 uiuitur:
890 3372 955 3456 „pl
982 3375 1073 3435 παντί
1104 3370 1264 3457 ἐμβάλλειν
1289 3367 1433 3450 tuntum
1466 3384 1499 3440 et

189 3478 319 3542 Plautus
338 3477 419 3541 aio:
441 3476 565 3556 „Homo
589 3476 707 3540 bomiui
723 3477 850 3560 lupus“.
894 3477 989 3554 Novi,
1010 3479 1050 3540 mi
1065 3477 1203 3558 Urbane,
1224 3478 1332 3559 nigros
1349 3486 1381 3542 et
1398 3479 1498 3558 albos,

191 3587 381 3644 nontamen
406 3579 450 3642 ita
473 3597 598 3661 possum
621 3597 690 3642 esse
713 3591 832 3653 oautus,
854 3581 929 3660 quin
951 3599 1001 3643 me
1023 3579 1132 3644 Lotius
1152 3580 1301 3663 decipiat
1344 3580 1498 3664 Deoepit⁸

189 3682 272 3745 enim
301 3681 478 3762 insiguiter,
513 3680 589 3762 prob
619 3681 736 3743 seelusl
786 3680 934 3745 Prediuto
961 3680 1015 3745 die
1036 3680 1195 3747 Laurentii
1219 3683 1330 3746 iterum
1357 3682 1498 3748 venitin

189 3793 349 3864 senatum,
376 3782 481 3865 petiit,
507 3781 590 3863 quod
620 3791 694 3845 unte
722 3790 870 3864 negatum
899 3784 960 3866 ipsi
988 3783 1054 3847 luit.
1097 3783 1180 3860 Quiu
1201 3785 1338 3849 aooidit'i
1379 3787 1497 3848 Aurum

193 3937 355 3945 u———h-
366 3937 379 3944 h

255 4023 263 4065 ¹
287 4025 377 4086 Carnu.
401 4029 479 4098 vlll,
500 4049 524 4084 v.
543 4029 587 4086 15.

253 4103 267 4146 2
287 4109 349 4180 vgt
372 4110 416 4164 ssr.
429 4111 486 4163 1911
507 4109 532 4164 S.
545 4111 602 4163 264
625 4109 735 4164 Attulit

252 4183 267 4226 3
288 4187 346 4244 Der
367 4191 507 4246 bekmrutu
529 4191 641 4262 Guguer
664 4192 788 4244 lmtlmrs.

250 4263 265 4307 ⁴
288 4269 335 4324 10.
347 4269 465 4344 Auguust.

253 4343 267 4387 ⁵
288 4349 352 4422 vgt
372 4349 498 4409 Br.194.

254 4423 267 4468 ⁶
287 4429 352 4501 vgt.
373 4430 482 4486 Erasmi
495 4430 614 4506 ,Adagia
633 4449 660 4502 p.
681 4431 728 4484 16.

257 4504 270 4548 ⁷
289 4509 418 4566 Asinaria
436 4511 475 4580 11,
497 4509 525 4577 4,
546 4511 584 4565 88
606 4512 662 4564 und
683 4511 824 4565 Poenulus
844 4509 935 4580 lll‚5,
955 4509 1002 4564 31.

256 4582 271 4626 ⁸
291 4589 481 4661 Vgl.Br.193
505 4593 561 4646 unu
583 4591 648 4647 194.
938 4585 947 4597 ·
