3625 5192
623 345 713 407 eriere
731 346 851 409 Molitus
868 351 910 407 85.
932 345 972 407 86.
992 344 1035 407 87.
1434 349 1483 409 127

176 499 202 567 si
225 521 281 568 rex
303 500 405 567 155155
417 500 523 567 esset?
563 502 738 567 51551555ι
760 502 856 567 babet
874 502 959 567 dorni
976 502 1056 567 duos
1076 502 1167 582 lilios,
1186 500 1308 569 scribes
1330 504 1484 588 principis

177 604 355 671 Hessorum.
399 605 435 682 11,
455 604 604 684 5555155
621 604 701 669 bene
717 606 919 686 vestitisunt,
938 604 1136 671 celebrantur
1158 626 1178 670 a
1201 605 1325 689 populo.
1363 606 1483 688 Vulgus

176 706 283 791 decipi
311 706 378 771 vult
398 712 430 769 et
456 706 560 788 fulgor
581 708 733 787 vestium,
755 726 914 789 equorum,
936 706 1098 789 lemulitii,
1118 716 1239 773 mentes
1261 706 1420 774 bominum
1442 708 1483 774 si·

177 808 241 872 mul
250 816 282 873 et
294 808 402 874 oculos
414 810 607 891 perstringit.
645 810 734 889 Vale,
750 810 791 873 rui
803 809 1010 875 dilectissime
1023 810 1161 892 Urbane,
1173 818 1266 896 puter
1279 811 1484 876 eruditorum.

248 932 430 980 Eendsclrriftl.
448 932 469 978 F
490 931 581 978 11151.
602 932 649 980 95.
721 932 840 980 (15155.
864 932 898 979 Ta
918 932 941 981 S.
957 932 989 980 26
1016 948 1060 979 555
1083 932 1193 981 subbato
1217 934 1322 981 55151515
1344 932 1381 979 bis
1402 934 1486 981 oculos

176 1002 330 1063 perstringit.

179 1161 233 1231 87.
255 1160 301 1231 11.
313 1178 359 1227 55
374 1159 509 1230 115555.
582 1156 711 1226 (lotba.
739 1156 940 1243 (Zwlsclrcn
954 1157 1054 1225 Ende
1068 1160 1157 1227 15115
1172 1179 1207 1232 5.
1223 1160 1357 1228 llcrbst
1367 1162 1485 1249 15118.)

252 1286 315 1334 unt.
333 1287 474 1346 verspricbt
494 1286 648 1345 Vergeltuug
665 1300 695 1330 au
716 1284 782 1331 iiben
802 1285 854 1331 und
872 1286 912 1330 lrir
930 1284 978 1333 don
997 1285 1166 1344 gescbsnlsten
1181 1286 1289 1333 Vorratb
1308 1286 1417 1334 5511555
1435 1288 1485 1333 und

179 1358 269 1403 Buttor
290 1357 368 1403 durch
390 1356 536 1415 blitteiluug
558 1370 602 1401 aus
627 1356 713 1401 seineu
733 1355 963 1401 Wissermscbb'tzeu
987 1357 1040 1403 sielr
1063 1356 1179 1403 dsukbsr
1201 1372 1231 1403 ιιι
1254 1357 1347 1417 seiger.
1390 1358 1424 1405 Er
1448 1372 1486 1405 er-

177 1428 266 1473 mrlrut
282 1428 387 1473 alsdauu
407 1427 494 1473 Urbem
512 1426 739 1472 schriltstellerisclr
763 1425 844 1485 thittig
861 1440 891 1471 55
912 1425 978 1485 5515,
1005 1426 1139 1473 besouders
1153 1427 1230 1487 jetzt‚
1253 1442 1291 1475 wo
1312 1442 1339 1475 er
1361 1443 1409 1475 ron
1428 1429 1484 1475 dem

179 1490 307 1558 Umgeugs
325 1497 371 1543 urit
390 1497 504 1557 Spoletin
522 1510 549 1543 so
566 1496 618 1542 viel
633 1496 728 1542 Vortell
748 1496 836 1541 richen
856 1496 948 1543 lrduue.

258 1596 395 1661 Henrico
422 1595 594 1673 Urbano,
622 1614 771 1659 5555555
799 1593 979 1677 stelligero,
1008 1595 1109 1661 stellis
1131 1596 1261 1678 5515555
1286 1596 1484 1678 dignissimo,

178 1698 339 1763 blutianus
360 1698 466 1763 Rulns.

259 1801 291 1865 S.
334 1799 418 1864 Illud
438 1800 519 1865 bene
540 1800 659 1864 dictum
681 1807 745 1865 est:
768 1799 972 1876 „Amicorum
999 1800 1106 1864 omnia
1135 1802 1366 1867 communia².“
1415 1802 1486 1881 Qus

179 1902 306 1985 quiden}
333 1902 551 1968 5555551555
575 1901 713 1966 devincti
749 1921 807 1967 uos
836 1921 931 1983 quum
964 1903 1081 1982 simus,
1112 1903 1341 1988 participamus
1370 1911 1486 1986 mutuo,

179 2005 331 2087 quicquid
351 2005 443 2070 nobis
453 2004 540 2069 Deus
551 2004 696 2069 indulsit:
719 2004 787 2069 Das
809 2012 843 2069 tu
854 2023 964 2069 555555
974 2004 1116 2080 melioris
1129 2004 1236 2085 forme,
1259 2005 1317 2071 das
1329 2007 1486 2091 butyrum,

179 2127 269 2172 amas
291 2114 435 2191 preterea
455 2127 522 2188 nos,
542 2108 634 2173 laves
654 2106 770 2171 studiis
790 2107 940 2189 antiquis.
961 2099 1081 2189 doctus,
1103 2106 1212 2189 bonus,
1233 2108 1485 2191 circumspectus.
1577 2120 1581 2127 '

179 2210 249 2293 Ego
269 2216 379 2276 eontra
404 2228 493 2274 meas
516 2209 648 2273 divitias
674 2218 777 2274 tecum
803 2207 938 2274 libenter
964 2209 1166 2292 studioseque
1195 2211 1433 2276 communicabo
1454 2220 1487 2277 51

180 2319 307 2396 propter
327 2313 492 2379 caritatem
514 2312 560 2375 tui
578 2312 714 2376 nominis
736 2319 769 2376 51
791 2312 952 2395 propriam
965 2312 1125 2396 Spoletini
1147 2312 1404 2394 singularemque
1417 2334 1486 2397 pro-

181 2417 321 2489 bitatem,
343 2414 446 2496 tidem,
467 2414 703 2499 simplicitatem
725 2414 886 2480 adiuvabo
896 2434 1028 2499 presens
1040 2416 1175 2479 amioum
1186 2416 1486 2498 coniunctissimum,

181 2518 282 2583 eciam
303 2519 332 2581 si
352 2503 435 2599 quid'
452 2516 727 2602 oppignoreudum
753 2516 845 2581 nobis
866 2518 941 2598 erit,
965 2526 999 2582 ut
1020 2518 1126 2601 inopie
1147 2517 1283 2582 bominis
1305 2517 1486 2602 philosophi

179 2620 315 2685 feliciter
333 2628 541 2692 succurratur,
561 2619 655 2685 modo
678 2627 710 2683 tu
731 2620 814 2684 55515
824 2621 962 2701 negotio,
984 2617 1049 2683 155
1067 2620 1169 2702 presis
1183 2620 1325 2701 consilio,
1347 2620 1487 2701 solertia,

181 2722 359 2803 prudentia.
400 2721 556 2803 liquidem
576 2720 755 2786 calcaribus
775 2742 836 2787 uon
858 2741 948 2803 egeo.
990 2722 1120 2787 Curram
1148 2722 1228 2787 ultro
1255 2742 1356 2806 neque
1377 2722 1489 2787 defati-

180 2823 296 2903 gabor,
325 2824 508 2908 priusquam
530 2844 551 2887 a
571 2824 752 2889 carceribus
772 2824 815 2890 ad
835 2833 951 2889 metam
973 2822 1114 2889 decursis
1134 2832 1256 2908 septem
1278 2826 1398 2909 spaciis
1420 2842 1488 2908 per-

181 2926 346 2991 veniamus
364 2925 405 2991 ad
425 2926 572 3009 palmam.

262 3028 297 3091 Si
319 3035 423 3109 55551,
446 3028 585 3111 Urbane,
606 3049 759 3113 compone
781 3029 996 3112 aliquidque
1018 3036 1049 3094 te
1071 3030 1190 3095 vixisse
1211 3036 1243 3095 et
1263 3028 1361 3093 luisse
1382 3029 1489 3110 15155,

181 3132 284 3211 555115
305 3150 353 3209 es,
382 3132 561 3215 posteritati
583 3139 616 3197 51
636 3132 743 3197 551115
765 3131 946 3197 5511551555
973 3133 1104 3197 testeris.
1154 3131 1267 3211 Stilus,
1297 3130 1486 3205 1555515515,

183 3232 334 3296 iudicium
366 3241 506 3307 nostrum
536 3244 695 3316 uunquam
726 3235 785 3299 tibi
818 3235 964 3299 deluerit.
1013 3234 1120 3298 Hebes
1153 3234 1248 3298 51155
1278 3233 1487 3316 Spoletinum,

183 3334 270 3399 Deus
292 3336 389 3417 bone,
409 3336 537 3419 qualem
558 3337 721 3403 iuvenem!
765 3338 960 3402 1511551515
986 3356 1110 3419 quoque
1136 3356 1192 3401 suo
1218 3335 1323 3401 studio
1351 3342 1382 3399 51
1408 3335 1489 3399 rnira

182 3437 353 3519 diligentie
373 3439 571 3522 promovebit
592 3441 712 3522 ingenii
737 3440 783 3503 tui
804 3440 972 3504 clarissimi
995 3439 1093 3503 (15155.
1137 3437 1225 3503 Vale.

261 3540 311 3605 lix
332 3541 446 3607 Gotba.

250 3644 470 3709 *Corollariurn
485 3643 602 3708 villicis
623 3645 686 3709 tuis
706 3644 779 3709 ideo
798 3643 884 3725 dedi,
905 3663 946 3708 ne
968 3662 1141 3727 peccarem.
1183 3642 1298 3707 Peecat
1318 3640 1412 3721 enirn,
1435 3642 1487 3723 qui

182 3745 327 3828 ingratus
338 3754 387 3811 est
403 3754 435 3811 et
446 3747 574 3827 quidem
591 3748 788 3829 gravissimo.
830 3747 942 3828 Neque
959 3766 1035 3811 vero
1050 3747 1129 3810 satis
1150 3751 1198 3810 est
1217 3745 1333 3809 babere
1352 3746 1489 3826 gratiam

182 3855 214 3913 et
224 3868 320 3931 agere
337 3850 470 3931 gratias,
492 3849 589 3913 etiarn
608 3857 656 3913 est
666 3849 832 3914 referenda
843 3869 900 3933 pro
920 3849 1013 3914 virili.
1056 3849 1169 3913 lterum
1181 3847 1263 3928 vale,
1283 3845 1489 3912 dilectissime

182 3951 318 4018 domiue.
361 3952 531 4017 Dominum
552 3959 583 4016 te
604 3974 691 4032 roco,
714 3953 790 4033 5515
810 3972 920 4018 servus
939 3959 1011 4016 tuus
1033 3970 1100 4015 sum
1123 3970 1190 4033 ego.

252 4075 433 4123 Hendselrrilll.
454 4077 474 4121 11¹
490 4076 520 4121 15
540 4074 751 4124 lollOr—lov.
806 4075 884 4124 (ledr.
904 4076 928 4121 b.
949 4074 982 4119 Tz
1002 4071 1068 4121 ste
1091 4088 1136 4119 rou
1160 4072 1185 4119 Si
1205 4077 1279 4119 vacat
1303 4071 1339 4118 bia
1358 4070 1488 4117 clarissimi

185 4146 263 4193 detes.

247 4372 257 4413 ¹
277 4374 429 4430 Vielleicbt
448 4374 584 4430 Martinus
605 4372 741 4428 Plottl‘uss
759 4373 892 4445 gemeint.
936 4373 997 4444 l'gl.
1018 4372 1112 4429 11558
1134 4372 1161 4431 S.
1179 4372 1214 4426 '³3
1236 4372 1318 4429 Anur.
1332 4371 1357 4425 2.

244 4452 259 4493 ²
281 4455 385 4510 Cicero.
428 4456 470 4509 Dc
493 4454 752 4523 officientem:
782 4464 812 4508 ut
832 4457 861 4508 iu
884 4454 1053 4509 Graecorum
1080 4455 1226 4525 prouerbio
1254 4460 1311 4523 est,
1337 4450 1488 4507 aulicorum

182 4554 240 4592 5555
263 4554 422 4592 eorumdum
443 4551 549 4594 omma.
