3625 5192
667 333 755 394 Briele
774 339 893 396 Matiana
913 339 973 396 170.
992 338 1050 396 lll.
1271 308 1275 318 Ι
1455 337 1511 400 ata

289 485 426 552 Henrico
442 487 615 568 Urbano,
637 489 705 554 viro
718 488 945 570 literatissimo,
965 489 1068 554 amieo
1088 489 1199 554 mirum
1219 491 1252 556 in
1273 492 1399 558 modum
1421 515 1513 562 vene-

208 589 316 660 rando,
338 587 497 656 blutianus
521 589 626 654 Rul'us.

287 691 319 756 S.
368 692 451 756 luter
479 692 723 756 innumerabilia
741 693 841 772 mala,
862 713 925 775 quq
944 695 1061 758 nostris
1082 694 1277 777 temporibus
1296 697 1416 781 passim
1436 701 1510 766 cbo

209 793 329 857 riantur
348 802 380 857 et
401 793 529 875 seviunt
550 794 583 858 in
604 793 790 875 Germania,
817 794 850 856 id
871 795 1069 877 potissimum
1090 815 1141 859 me
1162 797 1244 862 male
1269 800 1400 880 crutiat,
1426 801 1512 884 quod

209 894 361 960 bellorum
383 894 579 978 perpetuitas
601 904 632 960 et
657 895 823 959 cottidiani
845 895 1009 960 Gallorum
1029 905 1061 960 et
1078 897 1190 962 Veneti
1211 899 1322 965 militis
1349 902 1514 970 conflictus

207 997 315 1060 fauces
330 997 458 1080 Alpium
479 1007 575 1078 atquc
596 998 685 1060 ideo*
706 998 790 1060 viam
809 997 983 1079 llbctieam,
1004 1019 1068 1081 qua
1088 1000 1150 1063 itur
1171 1002 1203 1066 in
1226 1003 1361 1085 ltaliam,
1382 1007 1512 1089 elusere,

208 1119 248 1163 ex
274 1119 335 1180 que
362 1099 440 1162 illud
465 1099 599 1178 accidit,
632 1110 665 1161 ut
702 1100 784 1182 boue
811 1099 903 1182 litere
935 1100 1061 1166 iaceant
1086 1102 1162 1166 Aldi
1196 1104 1339 1169 subsidio
1373 1108 1512 1192 viduale.

209 1201 385 1284 Sperabam
406 1203 472 1266 lbra
500 1209 534 1266 ut
562 1202 706 1284 proxime,
727 1201 919 1266 Francorum
947 1203 1090 1286 nundine
1108 1203 1255 1270 offerrent
1282 1208 1432 1274 studiosis
1457 1231 1512 1276 au·

207 1301 311 1368 tbores
332 1304 514 1385 exquisitos.
556 1302 620 1368 Sed
641 1325 660 1365 o
683 1323 796 1367 vanam
819 1305 925 1388 spem!
968 1304 1058 1369 Nihil
1085 1317 1154 1370 erat
1175 1309 1258 1372 novi.
1302 1310 1369 1392 Ego
1390 1319 1422 1376 et
1442 1333 1513 1378 meo

206 1407 332 1471 nomine
357 1407 407 1468 vir
433 1405 571 1485 inclytus
597 1405 835 1469 Hartmauuusl
862 1413 893 1470 et
918 1406 1047 1488 quidam
1076 1409 1238 1491 preclarus
1265 1410 1512 1495 Bambergensis

207 1506 342 1590 ecclesie
369 1508 540 1572 canonicus
567 1505 810 1570 Volaterranuml
836 1507 951 1571 frustra
980 1510 1184 1592 quesivimus.
1225 1511 1306 1575 Eum
1334 1523 1367 1577 tu
1393 1515 1513 1591 vidisti,

206 1627 268 1674 non
291 1609 405 1673 emisti.
447 1607 550 1672 Hem?
590 1606 671 1687 Sed,
698 1627 737 1674 ne
766 1607 844 1692 quid
864 1609 1003 1673 atrocius
1023 1618 1056 1674 et
1077 1611 1259 1678 iracundius
1284 1613 1404 1697 dicam,
1431 1618 1512 1681 invi-

205 1711 281 1776 disti
303 1711 394 1776 nobis
417 1710 528 1774 bonam
551 1710 766 1786 accessionem
787 1729 863 1792 vere
886 1711 1057 1775 felicitatis.
1100 1713 1299 1795 lniuugerem
1321 1715 1390 1796 tibi,
1411 1727 1445 1781 ut
1465 1739 1512 1784 re-

206 1813 359 1895 quireres,
373 1813 440 1894 nisi
463 1811 573 1895 plebes
596 1810 717 1875 insulsa
737 1810 877 1876 studeret
898 1811 993 1875 rebus
1013 1817 1105 1877 noris
1125 1821 1157 1878 et
1177 1817 1403 1899 propemodum
1425 1841 1512 1885 erer—
1559 1893 1563 1900 ,

207 1901 297 1990 sioni,
319 1921 354 1978 ut
374 1915 434 1998 ipsi
457 1921 647 1978 mercatores
668 1933 729 1977 nou
751 1913 814 1978 siut
830 1913 1281 1980 salutisextrameniaseouri.
1324 1918 1511 2004 Quanquam

206 2015 355 2099 privatim
376 2035 483 2079 cursor
504 2023 559 2079 tua
579 2034 655 2078 eura
675 2015 757 2078 mitti
786 2015 893 2098 possit.
934 2014 1127 2096 lugemisco,
1156 2018 1197 2080 mi
1221 2018 1364 2100 Urbane,
1389 2025 1512 2104 quoties

206 2119 310 2199 cogito
331 2117 541 2198 vitiligatores
567 2116 730 2181 abundare
756 2116 906 2181 librorum
936 2119 1038 2200 copia.
1082 2117 1369 2208 Ubique-locorum
1400 2123 1511 2190 biblio·

207 2220 483 2304 poliaBartbolis³
504 2227 576 2290 sunt
596 2220 718 2283 referta.
761 2219 822 2296 Qui
841 2219 1043 2284 Manutianas
1061 2220 1179 2304 vendat
1197 2222 1337 2304 vigilias,
1360 2228 1409 2290 vel
1423 2247 1511 2291 rarus

206 2321 397 2387 admodumb
417 2323 464 2386 vel
486 2341 584 2386 nemo.
628 2323 738 2384 rictum
754 2329 802 2384 est
816 2322 856 2385 de
870 2321 988 2384 sobolis
999 2323 1178 2404 Geruraniq.
1221 2322 1304 2401 Quid
1317 2327 1403 2390 euim
1413 2329 1511 2393 scitur

169 2479 174 2488 .
205 2433 311 2508 preter
335 2442 437 2504 nugas
461 2432 493 2488 et
514 2443 601 2486 mera
617 2421 731 2503 tedia?
746 2393 760 2518 ll
773 2423 871 2504 Cesar
893 2424 1079 2487 mandavit⁴
1106 2417 1247 2505 quatuor
1261 2426 1447 2509 academiis,
1478 2441 1511 2494 ut

205 2521 342 2609 quidde
364 2524 521 2588 volumine
543 2524 691 2588 'Palnrutb
717 2523 869 2604 sentiant,
897 2525 981 2588 sitne
1005 2525 1228 2602 perditissimis
1249 2527 1355 2592 ludeis
1377 2530 1510 2595 redden·

205 2627 297 2704 dum,
317 2627 383 2690 suis
405 2625 674 2710 disputationibus
693 2626 874 2708 explanent.
917 2626 1065 2690 'Pendent
1088 2643 1145 2691 sua
1166 2627 1248 2693 retia
1271 2630 1412 2714 sophista
1434 2655 1510 2699 nun·

204 2747 298 2810 quam
318 2729 483 2792 veritatem
506 2725 698 2790 Talmuthici
721 2728 841 2791 codicis
863 2727 1101 2810 deprehensuri.
1143 2729 1216 2795 Non
1237 2732 1321 2796 enim
1342 2733 1509 2800 dialectice

205 2832 327 2912 laqueis
354 2828 468 2910 nabale
495 2827 637 2892 abditum
664 2827 737 2911 capi
762 2836 866 2911 potest
899 2837 1007 2911 utpote
1034 2833 1232 2895 convelatum
1260 2835 1434 2916 mysteriis,
1462 2839 1504 2900 iu-

205 2934 349 2997 tricatum
378 2931 477 3013 tropis
498 2940 529 2994 ct
550 2931 705 3012 allegoria
724 2933 901 2994 demersum
929 2932 961 2994 iu
983 2931 1080 2994 altum
1104 2931 1275 2997 Democriti
1298 2942 1439 3018 puteum,
1467 2939 1507 3002 si-

205 3035 284 3098 mul⁸
305 3041 339 3098 ut
359 3033 490 3097 ludaiea
511 3034 623 3114 religio
644 3033 685 3095 sit
706 3032 816 3106 tutior,
848 3033 941 3095 simul
963 3041 996 3096 ut
1017 3033 1171 3096 ellicatius
1199 3044 1304 3099 nostre
1329 3035 1509 3103 credulitati

204 3144 362 3200 struantur
391 3134 514 3211 insidie
560 3135 700 3218 lmperiti
729 3153 798 3206 epm
826 3133 889 3197 ista
917 3135 1077 3213 umbratili
1104 3135 1276 3218 disciplina
1305 3139 1416 3202 ludeos
1441 3143 1507 3204 uni·

204 3257 311 3303 versos
333 3236 566 3314 comburerent,
592 3227 760 3320 propterea
786 3235 870 3316 quod
891 3255 949 3298 nos
968 3235 1025 3299 filii
1048 3236 1126 3299 lucis
1147 3257 1209 3299 non
1231 3257 1360 3318 egemus
1379 3242 1508 3307 lucerua

204 3339 333 3403 Punica.
374 3337 438 3402 Sed
460 3339 650 3402 bessariou⁵
679 3344 711 3401 et
735 3337 838 3400 ourrris
863 3337 1056 3401 eruditorum
1077 3346 1166 3420 cetus
1185 3347 1293 3404 censet
1313 3361 1352 3404 cx
1381 3361 1414 3405 re
1437 3326 1508 3410 esse

204 3440 387 3506 Christiana
407 3440 540 3504 tolerare
561 3441 695 3522 recutite,
719 3441 824 3520 gentis
845 3439 1085 3518 cavillaciones,
1113 3438 1227 3519 quibus
1247 3441 1374 3506 accedo.
1423 3445 1507 3510 Nam

274 3545 337 3596 ²'l'a
357 3549 427 3602 adeo.
500 3532 575 3594 bliei
596 3549 629 3592 Ta
640 3547 709 3608 solpt
727 3549 805 3594 lriater
823 3548 955 3595 admodum
973 3550 1034 3594 uocb
1053 3554 1098 3596 eat.
1169 3541 1234 3594 ‘Pa
1251 3551 1355 3598 seilicet.

205 3671 406 3680 ——.-

268 3759 361 3833 lvgl.
382 3759 460 3817 Rea
481 3758 553 3819 S.11
577 3759 660 3814 Anm.
674 3761 702 3817 2.

265 3835 494 3912 lVgt.Br.1tt3
515 3839 541 3896 S.
557 3840 610 3892 111
635 3841 716 3895 Aum.
732 3841 754 3895 1.
797 3905 799 3909 ι

265 3915 280 3960 ³
301 3920 411 3975 Biicber
430 3921 478 3974 des
497 3919 654 3974 Glossators
676 3921 830 3975 Bartholus.
859 3921 922 3993 vgl.
934 3921 1011 3980 aut
1031 3922 1090 3980 S.8
1112 3924 1194 3981 Aum.
1207 3925 1234 3982 4.

265 3996 364 4072 ⁴Vgl.
387 3999 502 4071 Geiger,
530 4001 642 4056 ‹lobarm
662 4000 809 4055 lteucbliu.
851 4001 915 4056 Scin
936 4003 1031 4057 Leben
1059 4005 1115 4058 und
1141 4007 1218 4061 aeine
1236 4007 1351 4063 Werke.
1391 4009 1508 4084 Leipzig

208 4080 299 4154 1871,
324 4083 350 4134 S.
372 4077 429 4132 226
458 4081 515 4134 und
541 4079 650 4136 Ulricbi
672 4081 789 4134 Hutteui
818 4082 920 4152 equitis
947 4101 1061 4152 operum
1088 4086 1319 4156 supplementum.
1366 4089 1507 4161 Epistulae

205 4162 384 4216 obscurorum
398 4160 519 4214 virorum
538 4177 601 4214 cum
620 4160 831 4215 inlustrantibus
851 4162 1068 4233 adversariisque
1087 4166 1203 4235 scriptia.
1219 4168 1341 4238 collegit,
1361 4173 1508 4239 recensuit,

206 4241 348 4296 ednouvit
361 4239 504 4294 Paluardus
516 4239 648 4310 Beeking.
683 4240 765 4295 Tomi
778 4241 815 4310 ll,
829 4242 941 4312 Lipsiae
961 4243 1033 4295 1864
1050 4243 1179 4314 -18703
1199 4247 1231 4301 Τ,
1245 4248 1282 4314 11,
1300 4266 1329 4318 ρ.
1346 4249 1411 4303 119.
1450 4251 1509 4307 Der

207 4321 305 4376 Kaisar
328 4321 376 4374 hat
398 4319 414 4370 2
437 4319 567 4374 Mandata
588 4319 618 4373 in
644 4319 733 4374 dieser
753 4321 977 4392 Angelegenheit
1002 4322 1135 4379 erlusaeu:
1164 4329 1213 4380 das
1238 4329 1300 4381 eine
1327 4346 1371 4382 am
1394 4331 1420 4385 e.
1440 4333 1510 4402 Juli,

205 4407 254 4456 das
277 4402 377 4454 andere
401 4418 445 4454 aur
468 4399 515 4452 26.
531 4399 598 4455 tuli.
640 4398 694 4454 Die
722 4399 969 4456 4Unirersitiiten
992 4403 1054 4456 siud
1080 4403 1185 4476 Maian,
1212 4406 1303 4474 Kbln,
1331 4407 1428 4465 Erfurt
1451 4416 1509 4466 und

203 4481 379 4551 Heidelberg.

265 4557 360 4632 ⁶ng
381 4557 426 4615 Br.
440 4558 479 4612 40
500 4557 574 4616 851
599 4557 681 4614 Anm.
694 4558 722 4614 3.

1252 4663 1309 4720 16*
