3625 5192
652 362 741 433 Brisfs
758 360 878 435 illutiaus
898 368 940 433 bd.
959 362 1002 435 dl.
1450 368 1482 438 Sl

180 526 212 590 in
234 543 330 610 opere
350 525 557 591 Antidoton¹:
580 527 657 607 „Vir
676 528 811 593 eximius
832 536 865 593 et
889 529 956 593 iure
986 528 1148 613 pontilicis
1170 531 1423 616 interpretando,
1451 544 1483 599 ut

179 628 279 708 aiunt,
299 628 377 692 nulli
397 627 754 695 secuudusFranciecus
770 629 967 695 Zabarella.“
1010 632 1097 713 Vale,
1119 634 1302 699 doctissime
1323 636 1484 718 paedago-

181 749 309 812 gorum,
333 740 367 795 et
386 730 514 796 chorum
541 732 669 798 colurno
693 733 837 817 scipione
858 734 992 799 feliciter
1013 742 1163 818 tempera,
1206 736 1276 802 Non
1296 738 1485 803 aversabare

182 850 295 896 nomen
306 832 497 917 paedagogi,
519 836 569 900 vel
591 855 699 918 regum
711 842 932 919 praeceptores
944 836 1125 920 paedagogi
1139 846 1299 903 vocentur.
1342 839 1486 906 ΡΙίιιίιιι2

180 935 274 999 relcrt
284 935 466 1001 Alexandro
478 937 596 1019 Magno
618 938 650 1001 in
673 938 811 1021 pueritia
827 938 895 1002 sine
914 939 1108 1021 parsimonia
1129 939 1222 1005 thura
1243 940 1398 1023 ingerenti
1420 944 1486 1007 aris

179 1036 401 1121 paedagogum
420 1038 593 1104 leonidem
611 1039 747 1115 dixisse,
777 1048 811 1105 ut
832 1039 885 1103 illo
906 1040 1013 1122 modo,
1035 1060 1104 1105 cum
1126 1041 1297 1111 devicisset
1317 1043 1484 1109 thurllcras

178 1151 303 1221 gentes,
333 1141 534 1225 supplicaret
575 1144 618 1206 At
638 1142 693 1208 ille
713 1144 834 1208 Archia
853 1144 972 1229 potitus
993 1145 1083 1209 thure
1104 1152 1250 1211 onustam
1272 1146 1378 1210 navim
1400 1146 1486 1211 misit

179 1245 208 1306 ei
231 1241 319 1323 large
340 1243 533 1320 exhortatus,
556 1251 588 1308 ut
607 1244 685 1309 deos
705 1243 860 1311 adoraret.
902 1246 1036 1312 Nobiles
1057 1246 1198 1312 historici
1221 1246 1366 1312 tradunt·
1387 1248 1484 1315 Aure-

179 1345 298 1409 lianum
319 1346 540 1428 imperatorem
561 1366 582 1410 a
602 1347 871 1430 populoRomano
892 1347 1012 1415 dictum
1032 1348 1129 1414 luisse
1151 1350 1373 1433 paedagogum
1394 1368 1484 1416 scua-

179 1448 306 1512 ιοιιιιιι.8
345 1447 428 1515 Olim
442 1449 537 1531 paulo
548 1447 716 1515 ditioribus
727 1451 834 1534 pueris
846 1470 909 1515 non
931 1450 1030 1517 solum
1047 1451 1228 1535 paedagogi
1243 1450 1485 1532 adhibebantur,

180 1552 237 1616 sed
257 1558 290 1614 et
301 1569 468 1634 capsarum
490 1551 643 1626 custodes,
667 1554 720 1633 qui
742 1554 880 1637 capsarii
894 1554 1050 1639 appellati
1071 1554 1165 1621 lbere.
1209 1553 1366 1638 Ulpianus
1380 1561 1486 1619 noster

180 1653 271 1717 titulo
297 1654 336 1717 de
365 1654 566 1718 manumissis
586 1653 750 1719 vindicta⁴
770 1656 995 1739 interpretatur
1015 1657 1194 1739 capsariuru
1216 1657 1313 1720 luisse
1329 1676 1411 1739 cunr,
1431 1657 1483 1739 qui

181 1756 277 1820 libros
298 1760 426 1839 portet.b
467 1754 569 1820 Aliter
589 1757 745 1839 accipitur
766 1757 819 1822 lib.
843 1758 857 1821 l
878 1757 1079 1840 Digestorum
1087 1760 1112 1839 ⁶,
1133 1758 1186 1823 ubi
1210 1758 1250 1823 de
1271 1756 1374 1822 cilicio
1396 1778 1484 1841 prac-

180 1858 253 1922 lecti
274 1857 406 1940 vigilum
434 1858 514 1923 haec
538 1858 637 1924 verba
657 1859 818 1941 leguntur:
853 1860 1036 1942 „Adversus
1067 1860 1231 1944 capsarios
1265 1877 1400 1942 quoque,
1431 1860 1485 1941 qui

181 1959 325 2025 mercede
338 1959 496 2025 servanda
517 1961 548 2023 iu
564 1960 686 2027 balneis
697 1961 887 2026 veshnmnta
908 1963 1093 2044 suscipiunt,
1115 1961 1210 2027 iudex
1225 1968 1274 2027 est
1289 1961 1486 2040 constitutus,

181 2070 222 2143 ut,
244 2063 269 2127 si
292 2060 369 2144 quid
391 2063 423 2125 in
445 2062 612 2128 servandis
635 2064 833 2129 vestimentis
853 2063 1068 2129 fraudulenter
1096 2064 1292 2145 admiserint,
1318 2064 1387 2147 ipse
1414 2082 1485 2145 cog-

181 2166 320 2229 noscat.“
362 2163 544 2244 Dehisnon
567 2165 704 2247 loquitur
712 2165 911 2231 Suetonius:⁶
932 2166 1084 2243 „Constat
1105 2167 1258 2249 quosdam
1279 2185 1348 2229 cum
1369 2164 1485 2248 paeda-

179 2269 272 2348 gogis
292 2274 324 2331 et
348 2266 503 2349 capsariis
525 2267 742 2351 unolpraudio
768 2269 888 2351 pariter
909 2268 1066 2334 necatos.“
1108 2269 1205 2332 Amor
1233 2265 1399 2333 vetustatis
1427 2267 1487 2332 huc

180 2388 230 2433 me
255 2368 421 2452 compulit,
447 2374 481 2432 ut
507 2368 565 2432 tibi
591 2369 694 2433 amico
720 2368 968 2435 demonstrarem
996 2376 1026 2434 te
1052 2368 1298 2454 pacdcncmum,
1333 2376 1368 2433 ut
1397 2369 1486 2433 Plato

180 2470 311 2550 diceret,
331 2476 363 2535 et
382 2470 603 2553 paedagogum
624 2490 703 2537 esse.
745 2470 806 2548 Qui
828 2490 903 2535 vcro
925 2472 1041 2535 civium
1062 2492 1175 2555 pueros
1192 2471 1381 2551 custodiunt,
1401 2470 1486 2553 quod

179 2572 351 2637 abcdarius
373 2590 489 2655 capsae
511 2574 666 2656 praesint,
694 2580 777 2637 recte
798 2574 937 2656 capsarii
958 2574 1173 2655 nominantur,
1199 2592 1390 2655 quanquam,
1417 2573 1486 2637 sive

178 2673 264 2739 domi
276 2675 344 2739 sire
365 2676 398 2739 iu
419 2672 619 2757 paedagogio
637 2682 668 2739 ct
686 2671 826 2740 literaria
839 2674 999 2758 palaestra
1010 2683 1065 2740 tua
1085 2674 1230 2757 doceant,
1252 2676 1347 2742 etiam
1369 2675 1485 2759 paeda-

179 2778 272 2859 gogi,
301 2777 385 2858 quod
407 2776 641 2854 Quintilianus²
664 2777 780 2857 innuit,
808 2776 872 2841 dici
894 2784 1033 2861 possunt.
1077 2778 1189 2859 Vides,
1212 2777 1322 2859 quales
1346 2778 1417 2841 dem
1442 2778 1485 2841 in-

178 2880 293 2963 eptias,
312 2880 370 2942 scd
391 2899 449 2943 eae
470 2897 573 2959 nugae
594 2884 667 2942 suut
688 2888 875 2961 argumenta
891 2879 1132 2945 benevolentiae
1152 2890 1184 2944 ct
1200 2880 1324 2945 anrcris.
1368 2879 1486 2943 lterum

180 2981 261 3045 calc.

259 3081 308 3147 Ex
330 3082 436 3147 (lotha
457 3082 606 3147 Calendis
625 3082 792 3147 Ianuariis.

758 3185 919 3249 Mutianus
940 3185 1047 3267 Rul'us,
1069 3183 1265 3251 decretorum
1288 3187 1405 3251 doctor.

251 3328 327 3381 (lade,
350 3328 375 3386 l)
392 3328 425 3374 im
446 3328 501 3376 Lib.
521 3344 578 3376 nov.
596 3330 638 3376 iol.
657 3330 725 3377 aar
740 3353 757 3361 -
771 3330 850 3376 Hirr.
887 3330 912 3386 2)
933 3330 955 3378 b.
974 3330 1009 3376 Ta
1027 3330 1111 3377 8.ch
1127 3356 1145 3361 —
1159 3330 1217 3377 ato.

251 3450 262 3477 ⁸
282 3457 315 3503 l'z
333 3456 445 3503 rendunt,
518 3439 531 3475 ι’
549 3457 582 3502 i'e
600 3461 690 3516 portat.

243 3712 255 3755 ¹
280 3715 446 3771 Antidotum
467 3715 496 3769 in
517 3715 666 3787 Poggium.
707 3714 770 3786 vgl.
792 3716 865 3771 Haiu
887 3714 1001 3786 Rapum.
1026 3714 1131 3771 15825.

244 3792 257 3836 ²
279 3796 421 3851 Naturalis
441 3795 558 3850 historia
575 3794 639 3849 Xll.
654 3794 699 3849 14.
712 3792 780 3867 (32.)

242 3872 257 3916 ³
277 3875 423 3947 Vopiscus,
448 3874 581 3930 Aurelian
602 3874 648 3930 37.
869 3905 873 3913 ·

239 3951 254 3994 ⁴
275 3957 394 4027 Digesta
406 3956 466 4011 XL.
479 3956 505 4011 2.
519 3956 574 4012 la:
595 3956 639 4010 rel
660 3956 800 4027 capsarius
821 3955 861 4025 (id
880 3962 923 4009 cst-
944 3956 991 4027 qui
1013 3964 1105 4027 portat
1125 3954 1231 4032 libros.)

240 4031 256 4074 5
277 4035 476 4108 Dig.1‚lb.3.

241 4112 255 4155 ⁶
276 4115 389 4171 Sueten.
401 4117 474 4171 Nero
486 4116 532 4170 36.

241 4191 255 4237 ⁷
276 4196 431 4262 Quintilian
443 4197 465 4268 1,
477 4198 502 4251 1.
514 4196 547 4280 ⁸:

237 4720 484 4772 cmmemores
498 4721 579 4766 xvut.
