3625 5192
318 351 371 404 414
398 429 403 438 Ι
691 352 952 423 Gesehiehtsquellen
971 353 1020 408 der
1038 351 1112 408 Prov.
1131 352 1253 409 then

319 499 476 564 duximus.
510 500 612 578 Quum
628 502 735 584 itaque
748 487 919 566 iandndurir
936 503 1025 566 iuxta
1042 502 1163 568 cesarie
1180 503 1356 566 maiestatis
1375 503 1626 567 commissionem
1667 549 1671 558 r

318 621 376 686 per
396 603 693 668 reverendissimum
713 605 747 669 in
769 604 895 670 Christo
918 613 1038 687 patrem
1061 617 1090 670 et
1113 604 1274 669 dominum
1296 604 1456 669 dominum
1477 605 1628 685 L'rielcm,

317 704 565 789 archipresulem
575 707 802 787 linguntinum,
814 707 896 770 sac'ri
904 707 1029 790 imperii
1039 706 1303 791 perllcrmaniam
1313 705 1627 771 archicancellarium

317 825 357 871 ac
370 808 548 892 principem
559 810 736 889 electorem,
756 808 918 872 dominum
941 815 1079 874 nostrum
1100 810 1370 891 graciosissimum
1386 817 1418 874 et
1433 807 1625 873 ordinarium

317 927 414 993 super
441 910 539 975 dubio
565 911 606 974 de
631 909 721 975 libris
748 910 915 975 ludeomm
941 911 1162 975 comburendis
1189 909 1289 976 necne
1310 909 1520 975 discucienda,
1535 911 1627 974 nobis

316 1011 493 1077 exhibitam
514 1013 612 1078 veluti
634 1012 820 1079 obediencie
841 1013 915 1092 lilii,
942 1021 1036 1096 prout
1061 1015 1153 1088 nubis
1181 1015 1283 1078 visum
1314 1015 1427 1092 luerat,
1453 1013 1512 1077 sub
1532 1013 1628 1076 solita

317 1115 550 1199 protestacione
587 1117 843 1199 responderimus
879 1135 1041 1180 cesaream
1079 1117 1277 1180 nrsiestatem
1317 1125 1369 1192 (ac
1407 1116 1453 1178 ita
1483 1115 1628 1196 quemvis

317 1217 415 1281 alium
435 1218 612 1302 principem
635 1238 692 1301 per
718 1219 869 1283 terminos
890 1218 939 1283 sui
961 1218 1107 1297 dominii)
1129 1217 1381 1300 teneri,.nedum
1398 1217 1527 1298 decere,
1554 1226 1587 1280 ut
1607 1237 1628 1280 a

316 1318 425 1384 ludeis
439 1320 536 1385 libros
549 1321 691 1385 talsitale
708 1340 747 1385 ac
768 1320 978 1404 blasphemiis
989 1319 1162 1385 Christiani
1185 1321 1322 1384 nominis
1343 1329 1478 1399 notatus,
1501 1320 1627 1402 (quibus

315 1421 348 1484 in
377 1421 425 1486 sui
456 1423 628 1506 perniciem
661 1423 845 1488 educantur·
864 1430 897 1486 et
932 1423 1023 1505 quasi
1057 1424 1098 1488 ab
1128 1422 1280 1488 uberibus
1310 1421 1418 1487 odium
1446 1424 1478 1487 in
1509 1422 1625 1486 Christi

316 1523 493 1589 Salvatoris
513 1525 612 1589 nostri
634 1545 749 1590 nomen
771 1531 900 1607 sugunt)
924 1526 1101 1608 quicunque
1122 1526 1169 1589 illi
1186 1527 1259 1606 sint,
1283 1537 1410 1609 prorsus
1427 1525 1519 1590 tollat
1534 1523 1640 1608 prout

256 1679 259 1685 ,
316 1633 349 1690 et
364 1628 529 1692 retroactis
546 1628 662 1692 seculis
682 1629 722 1692 ab
744 1629 906 1711 utriusque
928 1635 1029 1693 status
1045 1628 1244 1712 principibus
1261 1647 1323 1692 non
1336 1628 1433 1693 semel
1447 1628 1625 1692 factitatum

315 1727 417 1793 literis
437 1729 598 1813 proditum
618 1730 763 1812 legimns,
782 1727 1049 1812 'quemadmodum
1071 1729 1202 1814 plenius'
1217 1731 1249 1794 in
1268 1737 1376 1794 nostra
1390 1730 1626 1795 consultatione

315 1830 506 1911 continetur,
532 1851 594 1913 quo
620 1833 717 1896 etiam
745 1833 828 1897 votis
849 1831 1025 1896 venerandi
1040 1831 1140 1914 patris
1161 1833 1326 1896 memorati
1348 1832 1511 1913 tociusque
1532 1850 1626 1895 rene·

316 1932 408 1996 randi
438 1933 564 2015 collegii
592 1934 926 1998 excellentissimorum
954 1933 1117 1998 doctorum
1145 1931 1324 2015 theologice
1346 1932 1507 2014 facultatis
1528 1932 1624 1998 studii

316 2034 516 2099 Coloniensis
536 2037 726 2100 confratrum
749 2044 845 2118 atque
866 2037 1022 2100 fautorum
1046 2043 1221 2101 nostrorum
1244 2037 1276 2098 in
1299 2055 1391 2100 evum
1413 2035 1625 2115 colendorum,

315 2156 371 2220 pro
398 2156 526 2218 quorum
554 2145 645 2220 parte
666 2138 870 2219 requirimur,
898 2157 1015 2202 morem
1037 2156 1226 2220 gereremus.
1268 2136 1461 2220 Cumprimis
1479 2135 1623 2202 libellum

314 2238 449 2304 eundem
471 2239 512 2304 de
532 2258 628 2303 uranu
650 2240 769 2322 publici
790 2240 906 2304 notarii
929 2260 949 2304 a
971 2231 1052 2324 facie
1073 2245 1105 2304 et
1118 2237 1212 2304 dorso
1229 2239 1424 2320 singularum
1442 2238 1623 2324 chartarum

315 2341 497 2421 consignari
526 2342 676 2406 iussimus
708 2350 803 2423 atque
831 2342 946 2432 quoad
965 2342 1122 2423 potuimus
1149 2342 1338 2414 revidimus‚
1372 2341 1625 2406 examinavimus
1708 2323 1721 2344 ⁶

315 2449 347 2508 et
368 2443 540 2524 diligenter
560 2444 780 2527 perspeximus
802 2438 1042 2525 invenimusque
1068 2443 1231 2508 authorem
1259 2443 1362 2526 ipsius
1389 2443 1531 2525 alioquin
1560 2443 1623 2507 sin-

315 2544 436 2628 gularis
463 2551 495 2609 et
516 2546 744 2629 praeminentis
761 2545 949 2610 eruditionis
972 2547 1072 2610 virum
1100 2545 1315 2611 doctissimum
1342 2544 1477 2629 triplicis
1498 2546 1620 2626 lingue:
1663 2578 1667 2586 ·

315 2647 479 2728 hebraice,
504 2648 676 2729 grecaniee
703 2654 799 2730 atque
827 2647 926 2712 latine
947 2647 1171 2730 peritissimum
1193 2645 1311 2712 celebri
1331 2648 1418 2711 tama
1437 2646 1479 2712 de
1499 2648 1565 2712 vite
1586 2667 1624 2712 ac

315 2770 435 2815 morum
462 2750 647 2833 integritate
676 2751 768 2816 nubis
788 2751 1006 2833 multipliciter
1026 2749 1277 2816 commendatum
1302 2754 1334 2814 et
1354 2756 1448 2833 prout
1468 2769 1624 2814 commen·

315 2851 433 2917 dabilis
460 2871 518 2917 sua
544 2858 679 2918 testatur
707 2854 913 2936 protestacio,
948 2869 1042 2935 quam
1072 2851 1302 2917 consultacinni
1334 2869 1390 2916 sue
1420 2852 1562 2934 premisit
1592 2859 1624 2917 et

260 2962 265 2971 '
314 2954 492 3029 subnexuit,
517 2954 630 3019 bonurn
652 2976 691 3020 ac
712 2941 903 3020 catholicum
915 2953 1129 3019 Christianum
1151 2974 1186 3019 se
1202 2973 1322 3035 suaque
1333 2953 1473 3018 Romane
1490 2954 1623 3019 ecclesie

313 3055 577 3122 determiuacinni
595 3057 755 3122 humiliter
775 3057 996 3122 subiicientem
1013 3056 1182 3120 forensium
1201 3055 1523 3139 philosophorumque
1538 3075 1623 3121 more

314 3158 424 3224 liberis
445 3159 552 3223 verbis
573 3177 663 3223 usum
683 3178 743 3223 nec
764 3158 806 3222 ad
824 3159 892 3222 divi
903 3158 1073 3241 Augustini
1091 3158 1322 3242 preceptionem
1338 3165 1456 3223 certam
1474 3157 1623 3240 loquendi

313 3262 456 3344 regulam
487 3263 563 3342 (que
591 3261 772 3342 theologum
800 3261 898 3326 etde
923 3260 997 3324 fidei
1024 3261 1183 3352 mysteriis
1210 3259 1251 3326 ad
1272 3259 1514 3342 intelligendum
1541 3259 1623 3324 dilli-

211 3353 218 3366 ’
313 3363 440 3429 cillimis
463 3363 563 3428 verba
583 3363 737 3428 factumm
763 3363 902 3438 deceret)
933 3362 1073 3444 undique
1093 3364 1281 3428 observasse
1306 3369 1428 3428 etcum
1450 3363 1623 3447 superioris

313 3485 352 3531 ac
377 3464 533 3530 ordinarii
560 3466 609 3530 sui
638 3465 830 3530 authoritate
856 3465 1026 3548 requisitus
1051 3484 1113 3531 non
1143 3485 1201 3530 sua
1230 3472 1343 3549 sponte
1364 3483 1434 3530 sese
1455 3465 1623 3548 ingesserit

312 3587 373 3634 nec
396 3589 453 3654 per
480 3569 607 3635 modum
637 3565 922 3636 determiuacinnis¹
946 3571 980 3633 in
1014 3569 1190 3652 publicum,
1222 3568 1280 3633 scd
1309 3568 1556 3634 consultueionis
1580 3568 1623 3633 ad

312 3668 491 3756 principem
502 3673 779 3737 clementissimum
800 3677 987 3763 conceptum
1009 3689 1098 3736 suum
1120 3671 1178 3736 sub
1199 3670 1298 3751 sigilli
1319 3676 1439 3736 secreto
1455 3669 1623 3750 emisisset,
1720 3677 1726 3688 “

282 3757 288 3768 ’
313 3773 417 3839 minus
430 3774 577 3838 extimuit
596 3791 651 3838 seu
673 3773 814 3857 previdit
833 3773 1013 3856 qnempiam
1034 3791 1074 3837 ex
1096 3773 1190 3837 dictis
1206 3773 1272 3836 suis
1289 3771 1413 3836 errandi
1428 3777 1622 3854 sumpturum

313 3876 513 3942 occasionem
524 3883 580 3941 aut
594 3876 844 3941 scandalisatum
864 3875 913 3938 iri.
955 3875 1156 3958 Quapropter
1165 3894 1234 3940 cum
1247 3893 1286 3938 ex
1297 3873 1404 3940 verbis
1414 3874 1542 3938 incaute
1552 3893 1622 3954 prq-

313 3976 388 4042 latis
406 3995 482 4060 sepe
497 3997 584 4043 error
601 3978 721 4042 oriatur
736 3985 769 4040 et
789 3975 911 4041 heresis
930 3983 962 4040 et
983 3976 1110 4040 libellus
1131 3981 1319 4040 memoratus
1330 3995 1402 4042 ,non
1419 3975 1622 4058 undiquaque

312 4080 392 4143 satis
400 4079 546 4161 digestus
556 4080 742 4161 sobriusque
753 4085 785 4144 et
795 4080 836 4142 ad
848 4079 998 4142 amussim
1010 4079 1143 4143 libratus
1156 4086 1322 4162 appareat,
1342 4061 1425 4160 quod
1438 4079 1541 4142 minus
1554 4097 1622 4160 per-
1700 4117 1703 4123 -

313 4182 450 4246 tinenter
469 4201 693 4263 nonnunquam
715 4199 807 4246 sacra
828 4180 964 4244 nitentur
984 4181 1088 4262 elogia
1110 4181 1275 4262 minusque
1295 4187 1475 4245 reverenter
1494 4179 1623 4244 eeclesi-

313 4284 483 4349 asticomm
497 4302 592 4366 quam
613 4284 831 4348 hebraicorum
854 4281 1015 4345 doctorum
1037 4281 1092 4346 fiat
1113 4282 1264 4346 memoria
1286 4301 1324 4346 ac
1345 4281 1440 4346 nimis
1455 4281 1622 4363 generales

316 4393 347 4450 et
368 4386 564 4451 universales
584 4385 616 4448 in
637 4405 675 4450 en
697 4383 846 4448 nonnulle
867 4383 1069 4449 continentur
1089 4383 1335 4468 propositiones,
1354 4403 1394 4448 ex
1415 4383 1539 4464 quibus,
1562 4383 1624 4466 etsi

315 4489 394 4553 citra
420 4470 560 4552 authoris
589 4487 817 4565 intencionem,
847 4485 928 4550 falsa
959 4492 990 4550 et
1015 4484 1156 4550 heretica
1182 4486 1255 4551 elici
1285 4485 1461 4568 deducique
1490 4493 1623 4569 possunt

314 4589 482 4672 dogmata,
503 4589 667 4672 simplices
690 4587 862 4654 Christiani
882 4575 1092 4654 scandalisari
1115 4587 1226 4671 perlidi
1247 4588 1333 4653 ludei
1351 4585 1384 4653 in
1406 4589 1541 4654 cecitate
1564 4607 1622 4653 sua
