3625 5192
291 375 342 426 434
482 353 487 362 ⁸
668 378 926 444 (sescus-hommum
947 381 995 432 der
1014 378 1087 432 Prov.
1108 380 1230 434 Ssclrsen.

294 522 443 587 Rufinus¹
464 525 576 588 scribit
596 545 632 589 se
653 526 770 590 habere
791 545 941 607 magnum
963 528 1155 606 dominom²‚
1179 530 1231 610 qui
1255 529 1448 594 cardinalem
1471 531 1599 594 lintrem

295 624 421 720 honest,
442 626 560 710 quique
580 629 641 691 sibi
654 624 823 692 mensurno
843 636 984 713 tempore
1004 629 1172 705 detunum,
1195 639 1229 695 ut
1244 639 1366 708 vocant,
1383 633 1531 696 ducatum
1553 653 1601 696 sc·

293 747 355 808 que
385 728 464 792 dicit
489 747 559 793 esse
588 731 790 813 interpretem
818 736 1033 812 gerurunicum
1061 734 1199 798 etscire
1222 734 1329 796 italice
1358 734 1458 815 loqui,
1486 735 1599 798 iturum

293 847 418 910 quoque
431 830 560 893 Qunam
583 833 767 915 etreliqua.
808 833 878 914 Ego
900 834 973 898 novi
991 841 1169 917 protervum
1183 853 1261 914 esse,
1284 838 1339 900 sed
1358 837 1489 919 ingenio
1511 839 1600 900 vul'ro
1679 821 1682 826 ¹

297 931 462 1014 preditum.
513 932 567 996 Dii
601 943 695 1017 cepta
725 935 929 1000 secundentss.
972 935 1116 998 Disertus
1149 945 1197 1000 est
1225 937 1371 1002 dominus
1402 937 1488 1003 illius
1519 945 1600 1001 teste

294 1033 442 1116 epistola.
484 1035 571 1100 Vale.

363 1141 545 1204 naussum.
564 1159 584 1204 s
595 1159 645 1204 sno
663 1161 706 1206 m.
720 1160 765 1205 uu
776 1175 799 1207 v.

850 1263 1051 1270 m

297 1303 375 1374 341.
398 1301 442 1369 lli.
466 1322 512 1369 un
534 1303 668 1371 Urlruu.
1152 1383 1155 1390 ,
1330 1305 1464 1388 (Gotho
1485 1307 1598 1388 1513.)

280 1505 286 1515 .
364 1447 412 1492 Dio
430 1448 809 1507 gereiztoStimmungMutians
826 1449 860 1493 ist
880 1449 1132 1508 nachEmpluupdes
1142 1449 1411 1496 UrbuuschunBricfes
1434 1449 1491 1496 cine
1511 1448 1600 1507 rulrigo

295 1517 435 1572 geworulen.
477 1519 511 1563 Er
534 1522 628 1564 erretur
653 1534 704 1564 von
731 1520 884 1565 muncherlci
903 1519 1050 1564 Umtrlebou
1070 1519 1122 1564 dor
1144 1519 1408 1579 gemeinschustliclreu
1434 1519 1530 1565 Feiuds
1548 1519 1599 1564 und

296 1586 391 1632 seluern
403 1587 502 1646 Ersolgo
517 1589 557 1634 bei
573 1589 715 1649 Pleffingcr,
733 1590 841 1635 welches
852 1590 907 1636 dem
927 1590 994 1636 Abte
1012 1589 1066 1635 sich
1084 1589 1243 1649 dienstlertig
1262 1589 1380 1636 erweiseu
1399 1589 1450 1634 und
1472 1591 1536 1648 Apol
1555 1603 1600 1636 uns

295 1653 455 1715 wittenburg
473 1659 566 1705 sendeu
587 1660 666 1706 welle.

374 1755 468 1820 Claro
491 1767 697 1840 spectatoque
718 1757 803 1840 patri
824 1757 961 1821 Heurico
982 1757 1142 1821 Urbano
1164 1755 1325 1820 Mutianus
1346 1756 1451 1820 Rufus.

374 1859 396 1920 S
450 1858 591 1940 Urbane,
621 1861 665 1922 mi
685 1858 912 1923 amantissime.
955 1858 1032 1922 Cum
1055 1857 1157 1923 Gotho
1187 1864 1270 1922 esset
1291 1857 1420 1921 Martini
1441 1857 1600 1922 Schilcnis

295 1964 426 2043 nepos⁴‚
457 1962 589 2025 exaravi
614 1961 724 2026 literas
751 1980 770 2022 a
793 1961 929 2045 prandio
952 1961 1063 2042 plenas
1086 1959 1338 2042 indignacionis,
1369 1959 1452 2041 quod
1479 1960 1601 2024 seilicet

294 2062 442 2127 videbam
471 2064 652 2146 corispirare
678 2071 801 2129 nostros
826 2063 1028 2126 adversarios
1055 2069 1087 2127 et
1111 2062 1293 2126 Bartholum
1321 2062 1473 2126 insultate
1498 2063 1600 2140 nobis,

294 2164 450 2230 hominem
478 2185 498 2228 u
523 2166 721 2246 sterquilinio
751 2165 792 2229 ad
817 2165 938 2228 Veste⁵
972 2165 1072 2228 l'ocnm
1108 2165 1248 2228 stulticia
1280 2163 1403 2228 fortune
1433 2164 1600 2227 sublatum.

294 2267 420 2330 Deinde
440 2266 493 2330 ubi
514 2267 675 2350 paululum
693 2267 935 2349 acquievissem,
954 2268 1065 2351 accepi
1088 2266 1198 2330 literas
1217 2273 1299 2344 tues,
1322 2266 1354 2328 in
1376 2265 1491 2346 quibus
1511 2266 1601 2330 socia

291 2389 370 2434 voce
397 2369 538 2434 concinis
558 2370 812 2450 „Gandeamus“.
856 2370 964 2434 Laudo
993 2378 1024 2434 et
1053 2389 1163 2452 precor
1184 2368 1300 2447 Deum,
1330 2375 1364 2431 ut
1390 2376 1531 2432 etemnm
1553 2368 1600 2431 itu

293 2479 464 2536 cantemus.
506 2472 806 2536 'lrabuliaroboral
826 2473 950 2536 mittam
971 2479 1002 2536 et
1023 2471 1132 2536 honori
1154 2470 1258 2552 rnsgis
1279 2489 1373 2551 quum
1396 2468 1506 2534 loculis
1527 2487 1600 2534 con-

293 2572 404 2636 sulam.
445 2573 497 2635 lta
518 2582 612 2636 natus
633 2593 712 2654 sum,
740 2575 787 2639 ita
808 2573 980 2650 institutus,
1011 2578 1043 2635 ut
1063 2592 1141 2657 opes
1158 2572 1199 2636 ud
1221 2571 1435 2656 splendorem,
1466 2572 1493 2635 si
1519 2589 1600 2650 qums

295 2675 410 2751 liabeo,
441 2674 646 2756 protundum,
676 2697 738 2740 noo
767 2677 904 2740 serviam
938 2683 971 2738 ut
1002 2674 1091 2738 multi
1120 2674 1247 2738 domine
1280 2673 1422 2756 pecunie.
1462 2671 1599 2736 Paulusl

197 2788 200 2794 ·
292 2777 461 2858 episcopus
489 2796 674 2842 consecrare
699 2777 800 2842 noluit
819 2776 898 2839 Mori
921 2775 1049 2840 filiumss.
1092 2775 1208 2840 Postea
1235 2775 1266 2838 in
1297 2781 1410 2838 senatu
1434 2775 1602 2854 culpentur

292 2877 326 2940 in
358 2879 537 2942 universum
568 2879 621 2942 die
656 2879 918 2943 Tawbenesser9.
966 2878 1110 2942 Accessit
1142 2877 1267 2941 exulum
1303 2875 1470 2940 calumnis.
1515 2875 1599 2938 Narn

293 2986 392 3041 totum
409 2979 588 3060 collegium,
608 2989 676 3045 tota
690 2981 801 3045 cohors
816 2981 1055 3063 prolirgorum10
1067 2979 1235 3060 Hennigno
1248 2979 1334 3043 fovet
1350 2985 1383 3041 et
1400 2977 1598 3042 Jacotitas¹¹

292 3080 476 3148 detestatur.
518 3083 595 3146 Cum
617 3083 714 3163 igitur
736 3090 768 3146 te
789 3082 854 3146 illis
869 3081 1046 3162 adiungunt
1058 3081 1164 3146 nescio
1184 3100 1247 3161 qua
1267 3099 1309 3159 re,
1331 3079 1479 3145 admonui
1502 3078 1599 3144 semel

291 3191 389 3265 atque
409 3185 531 3263 iterum,
553 3194 588 3248 ut
608 3186 795 3248 avarissime
816 3191 849 3248 et
873 3183 1117 3247 insidiosissime
1137 3190 1222 3246 secta
1244 3201 1305 3247 non
1327 3183 1462 3246 faveres.
1504 3181 1600 3246 Blan-

293 3285 383 3350 ditiis
405 3286 508 3350 0rnati
535 3294 622 3360 sont,
649 3295 784 3350 ccurum
809 3286 910 3349 invidi
932 3295 964 3349 et
992 3293 1106 3368 putant
1132 3283 1301 3347 mentulam
1332 3301 1402 3347 csse
1429 3283 1600 3362 diabolum,

293 3388 371 3452 Cela
391 3408 466 3469 rem,
494 3408 534 3453 nc
564 3389 745 3452 resciscant.
788 3389 873 3471 Lege
898 3407 1028 3452 manum
1058 3385 1273 3468 Degenhurdi.
1316 3384 1387 3447 Duo
1416 3385 1597 3468 procuravi:

291 3507 359 3516 --·-
363 3509 443 3516 -—-—
457 3509 493 3514 —

356 3593 368 3635 ¹
389 3597 559 3652 Benedictus
578 3597 703 3665 Rufinus,
724 3599 774 3652 der
793 3597 906 3651 friihere
926 3597 1057 3651 Famulus
1077 3598 1126 3650 des
1147 3595 1264 3650 Mutiun.

353 3673 367 3716 2
388 3678 454 3748 Vgl.
467 3677 537 3731 iiber
557 3678 606 3732 ihu
627 3677 742 3732 Buces
763 3677 897 3732 ssessff.

353 3753 367 3795 ³
390 3757 468 3811 Nuch
490 3757 595 3828 Vergil,
616 3758 791 3826 AeneisVll.
815 3758 882 3813 259.

352 3832 367 3874 4
388 3837 442 3890 Die
464 3837 589 3891 Erfnrtrr
609 3836 892 3892 Studenteumutrikel
914 3833 1026 3910 (Osteru
1049 3835 1137 3904 1509)
1157 3841 1244 3890 nennt
1264 3835 1314 3888 ihu
1335 3832 1473 3904 Georgius
1493 3831 1598 3903 Schyol

291 3918 325 3972 de
346 3917 678 4052 {zniinlaireuzklostcm
699 3998 745 4050 bei
767 3995 867 4052 Gotha
909 3997 971 4068 Vgt
992 3997 1038 4050 Br.
1051 3996 1107 4050 213
1129 3995 1155 4051 S.
1167 3995 1224 4048 289
1246 3995 1331 4050 Anm.
1343 3992 1370 4047 2.

355 4072 369 4114 ὃ
390 4077 457 4130 Zum
481 4076 540 4131 Bau
561 4079 651 4132 selues
671 4078 796 4131 Erfurter
812 4077 919 4132 Hauscs

353 4152 365 4195 7
386 4156 444 4210 Der
464 4157 590 4212 Erfurter
610 4157 810 4212 Wcihbisehof
834 4157 935 4211 Paulus
956 4157 1108 4211 lluthener.

353 4231 367 4274 ‘3
389 4237 541 4292 Vielleicht
564 4240 614 4293 der
640 4237 739 4292 Osteru
763 4237 838 4290 1513
868 4237 897 4291 in
924 4237 1019 4290 Erfurt
1045 4237 1285 4294 immatrilruliertc
1311 4231 1479 4291 Valentinus
1500 4231 1598 4286 Morch

292 4317 326 4370 de
348 4315 451 4374 Gotho.

352 4392 366 4435 9
388 4397 578 4468 1131111282
601 4397 627 4451 S.
641 4398 706 4450 311.

340 4473 368 4515 10
385 4477 440 4532 Die
458 4477 647 4549 gefllichteten
669 4477 795 4532 Erfurtcr
814 4477 949 4532 Putrizier
997 4479 1058 4548 Vgl.
1083 4477 1128 4534 llr.
1141 4478 1197 4531 128
1220 4476 1247 4532 S.
1262 4475 1318 4530 184
1339 4475 1423 4532 Anm.
1437 4473 1463 4528 2.

337 4553 362 4594 ¹¹
385 4558 449 4628 vgl.
461 4558 506 4612 Br.
519 4559 577 4610 232
598 4557 623 4609 S.
635 4558 694 4610 310
715 4556 797 4610 Anm.
811 4557 837 4613 ὁ,
