3625 5192
663 349 753 406 Brieie
771 350 891 404 Mutians
905 349 966 404 497.
985 349 1044 404 498.
1398 430 1403 439 ⁸
1456 351 1507 406 159

199 483 385 579 arrogantia
412 510 445 565 et
472 501 570 579 fastu,
599 507 635 563 ut
665 518 763 583 prope
787 520 837 563 me
862 498 941 563 nihil
970 497 1051 562 scire
1077 497 1254 563 existimem
1280 507 1375 581 atque
1405 501 1506 566 eciam

198 619 251 680 ea,
277 620 337 683 qrre
358 603 439 681 scio,
470 603 521 667 vei
542 602 745 667 dissimulem
773 603 823 666 vei
852 601 959 664 multis
984 601 1131 682 ignorare
1159 600 1287 681 videar,
1314 610 1434 666 tantum
1462 603 1503 666 ab

198 702 372 768 ambitione
397 723 436 768 ac
461 704 653 784 temeritate,
680 711 716 768 ut
742 704 776 767 in
805 703 892 767 omni
913 702 980 766 vita
1007 701 1085 765 nihil
1107 699 1202 766 edere
1222 704 1439 770 constituerim
1460 705 1506 768 in-

199 803 286 885 genii
315 812 488 887 matureque
515 806 628 870 virium
657 825 783 870 memor.
830 804 912 868 Tum
943 802 1068 868 demum
1093 803 1169 868 vivo
1194 802 1351 883 inlibris,
1378 808 1505 888 quando

197 913 299 970 tceuru
322 914 354 970 et
374 927 444 970 oum
467 908 580 973 ceteris
599 907 768 971 iuvenibus
787 905 925 980 disertis,
948 907 1001 988 qui
1023 925 1074 970 me
1091 903 1185 970 laude
1201 906 1311 986 aliqua
1324 906 1505 989 dignantur.

198 1007 271 1072 Nisi
297 1009 427 1073 comiter
453 1009 552 1074 iocari
578 1009 700 1094 spirare
726 1015 783 1073 est.
832 1007 919 1072 Audi
948 1011 1101 1072 Serenum
1134 1005 1355 1096 Pappumlin
1384 1028 1505 1092 pennas

90 1181 95 1189 ¹
198 1109 327 1174 nothi⁸²
347 1110 489 1176 Tiionini
515 1110 727 1176 cavillantem.
775 1110 859 1174 Nam
887 1109 1045 1174 detractor
1073 1109 1127 1174 iile
1155 1128 1210 1192 pro
1240 1129 1345 1193 penna
1368 1131 1504 1194 penpem

197 1218 308 1294 operta
327 1212 522 1295 figurateque
543 1214 643 1298 ponit.

399 1328 470 1410 Qus
490 1327 613 1392 violant
632 1346 766 1412 munes,
788 1327 889 1392 Notus
909 1327 1045 1410 auserat3
1067 1335 1115 1392 est
1136 1330 1247 1394 scelus
1260 1331 1374 1410 ingens

399 1429 549 1510 Improba
569 1429 610 1492 de
631 1428 733 1494 doctis
755 1449 867 1511 cogere
889 1430 977 1494 dicta
1000 1427 1088 1495 viris.

397 1533 426 1597 0
447 1552 507 1613 ego
528 1551 623 1614 qnam
648 1532 760 1596 vellem
784 1550 944 1614 nunquam
963 1532 1121 1598 studuisse
1141 1533 1253 1617 poetis,

397 1634 432 1698 Si
455 1634 594 1698 maculat
614 1641 737 1697 mentes
757 1633 850 1698 lectio
870 1652 987 1716 spurca
1003 1635 1089 1718 pias!

397 1733 506 1800 Panna
527 1735 614 1818 capit
635 1734 793 1800 volucrem
812 1736 906 1800 tereti
929 1738 1097 1802 commissa
1117 1739 1247 1823 sagitte,

397 1837 504 1902 Penne
524 1837 614 1902 salax
636 1838 761 1902 asinam
782 1843 826 1914 tu,
847 1837 1005 1920 Pitonius,
1028 1839 1116 1904 trica.

277 1951 344 2016 Hec
356 1958 404 2038 est
416 1971 486 2016 mea
503 1953 696 2036 petulaneia,
714 1953 764 2017 cui
778 1954 806 2016 si
824 1949 1093 2038 testusPyrrhns³
1107 1957 1286 2036 accesserit,
1304 1956 1367 2038 tiet,
1381 1959 1501 2041 opinor,

198 2063 234 2119 nt
256 2055 370 2120 rideas
413 2055 527 2120 Festus
546 2054 685 2139 Pyrrhus
706 2055 747 2119 ab
768 2055 886 2120 iniuria
906 2074 977 2120 sese
997 2057 1149 2121 vindicat.

398 2170 477 2248 Quis
497 2170 579 2234 ierat
599 2170 731 2234 audacis
752 2170 921 2234 temeraria
938 2169 1025 2235 dicta
1047 2172 1165 2256 poete?

398 2273 477 2351 Quis
497 2269 605 2337 docuit
625 2272 754 2336 stultum
776 2272 874 2337 verba
894 2273 1011 2337 canina
1029 2273 1136 2354 toqui?

398 2373 519 2439 Author
538 2381 608 2438 erat
630 2373 779 2455 Pyrrhus.
821 2373 974 2438 Mentiris.
1017 2375 1112 2440 'l‘aiia
1134 2376 1258 2456 demon,

399 2476 460 2554 Qui
482 2476 550 2558 celo
571 2475 697 2556 cecidit,
717 2476 841 2540 semina
863 2476 987 2560 spargit
1009 2476 1104 2542 trunti.

277 2590 327 2656 Au
348 2583 472 2674 patrein
492 2591 578 2674 apud
598 2591 707 2655 uillam
729 2610 786 2674 pro
806 2599 905 2656 matre
925 2599 958 2656 et
978 2594 1090 2658 amica.
1182 2629 1186 2636 ·

398 2706 517 2788 Vende,
540 2715 640 2792 pater,
658 2708 800 2788 magicos
822 2707 938 2792 populo
959 2716 1124 2793 spectante
1144 2727 1287 2773 susurros

398 2809 439 2873 Et
461 2809 598 2892 requiem
619 2809 735 2873 iunctis
759 2810 875 2875 lumine
897 2811 1009 2891 vende,
1031 2819 1130 2894 pater.

398 2911 479 2975 Tum
501 2912 585 2995 stipe
606 2910 722 2975 coliata
741 2912 933 2992 genetricem
955 2931 1050 2995 pasce
1071 2913 1219 2977 Dionen*

398 3013 439 3076 Et
460 3012 536 3075 mihi
560 3032 729 3076 cunnosam
753 3032 858 3097 pasce,
880 3021 979 3096 pater,
1000 3015 1170 3079 dominam.

709 3127 831 3192 Genius
845 3129 982 3209 agrestis

399 3241 537 3308 Garrula
558 3242 682 3307 divitiis
703 3245 801 3307 nutrit
824 3243 907 3307 iovis
928 3244 1004 3308 auin
1028 3253 1168 3328 nepotes,

398 3346 466 3411 Veh
488 3345 557 3425 tihi,
577 3345 631 3426 qtri
653 3363 747 3408 sacra
766 3345 936 3409 luxurieris
957 3349 1051 3433 opei

279 3462 374 3526 Talia
395 3480 463 3525 curm
486 3460 628 3524 Euritio⁴
646 3466 753 3524 nostro
776 3458 934 3530 ludebam.

498 3575 511 3639 1
535 3594 628 3654 nunc,
651 3574 780 3639 Eobane
801 3575 989 3654 Selrwanee,

537 3684 571 3740 et
590 3676 673 3741 vade
694 3677 799 3760 plane.

497 3779 551 3843 Sic
570 3798 628 3842 nos
649 3780 731 3843 sacri
754 3798 860 3843 sumus
881 3798 954 3843 sues
975 3785 1006 3843 et
1027 3781 1120 3861 asini,

538 3889 572 3945 ut
592 3881 749 3945 interdum
772 3881 869 3968 simus
890 3883 1014 3948 amasii.

265 4007 446 4053 Handschrit'ti.
455 4007 476 4051 F
486 4005 535 4052 477
548 4005 589 4051 i'ol.
600 4002 651 4049 802
658 4019 674 4049 v
682 4002 771 4050 -803
778 4019 800 4051 v.

264 4107 277 4134 ²
295 4114 320 4157 lr'
333 4112 393 4160 noti.
465 4095 647 4156 bIt'Dioncm.

258 4250 269 4294 ¹
292 4255 396 4309 Diesen
417 4253 564 4326 tingierten
586 4253 694 4308 Numen
717 4252 776 4325 legt
796 4253 856 4309 sich
878 4253 987 4310 Mutiau
1008 4274 1061 4310 nur
1083 4275 1117 4311 an
1139 4257 1228 4312 dieser
1251 4257 1336 4312 Steiio
1358 4259 1410 4314 hei.

256 4331 270 4374 ²
292 4335 350 4390 Fur
369 4335 493 4405 Spurius,
516 4335 566 4388 wie
588 4352 619 4388 er
639 4335 666 4387 in
688 4335 741 4387 den
762 4334 1020 4390 Schmihschriiten
1042 4339 1133 4390 seiner
1150 4337 1377 4408 Gegucr'heisst.

256 4411 270 4454 3
293 4416 376 4470 lunus
398 4415 521 4486 Pyrrhus
540 4414 703 4484 campagus.
746 4414 811 4485 vgt.
823 4415 866 4470 Br.
879 4417 916 4469 78
938 4415 963 4470 S.
980 4416 1032 4469 117
1056 4417 1137 4472 rhum.
1154 4418 1177 4472 i.

256 4491 271 4532 ⁴
294 4494 409 4549 Gordius.
450 4495 506 4566 vgl
524 4495 569 4551 Br,
581 4492 637 4547 477
661 4493 687 4550 S.
701 4493 759 4546 135
780 4495 864 4553 Arum.
877 4497 904 4556 7.

256 4571 271 4614 5
292 4574 353 4646 Vgl.
364 4574 409 4630 Br.
421 4574 478 4628 493
500 4575 527 4631 S.
542 4574 598 4627 152
621 4573 702 4629 Anm.
715 4573 742 4630 7.
