3625 5192
683 350 943 421 Gesebiebtsquellen
961 353 1009 407 der
1028 351 1105 408 va.
1127 353 1252 409 Saohaom

325 558 331 568 ,
435 530 438 534 >
517 497 679 564 Tabilioos
700 500 831 564 mordax
851 500 1007 581 genuinos
1031 500 1144 566 disiice
1167 501 1257 581 livor,

518 601 575 665 Est
595 601 726 667 rudibus
745 603 854 687 pueris
874 602 951 667 utile
973 605 1055 668 vatis
1077 622 1167 687 opus,

466 705 499 781 b)
519 702 592 768 Dux
612 704 824 772 Anchisiades
844 724 980 785 rugosae
1001 705 1101 770 verba
1121 705 1264 788 Sybillae

518 804 637 870 Doctus
657 806 700 870 ad
720 806 860 872 infernas
879 807 914 887 it,
936 807 1014 872 mibi
1035 807 1137 887 erede,
1159 806 1278 872 domos.

516 907 644 972 Laetior
665 908 707 971 ad
727 927 859 992 superos
878 929 936 993 per
955 919 1078 992 portam
1099 909 1189 974 vadit
1203 909 1364 988 eburnam,

518 1010 675 1094 Perpetuo
696 1031 806 1076 manes
828 1029 928 1093 regna
948 1011 1105 1094 protunda
1127 1017 1243 1077 tenent.

387 1155 462 1202 Gedr.
484 1151 509 1213 1)
526 1155 594 1203 Tert.
613 1155 657 1202 lib.
676 1157 716 1204 lot
737 1157 785 1203 Dr
792 1171 812 1203 r.
849 1152 876 1217 2)
893 1157 936 1204 Tu.
956 1157 1009 1204 Rol.
1029 1171 1067 1216 ep.
1086 1155 1148 1203 Mur.
1167 1155 1247 1203 S.15.

318 1476 400 1546 633.
1392 1477 1556 1562 (Gotho.)
1579 1479 1627 1564 (i)

396 1591 546 1670 (Caunos
565 1591 701 1656 illationi
724 1613 764 1656 ex
784 1591 973 1659 Germanioo
996 1595 1163 1676 proverbio
1187 1599 1413 1680 expressumll

538 1716 609 1779 Non
632 1724 739 1780 manet
757 1725 918 1782 aeternum
940 1720 1108 1801 placabilis
1130 1739 1208 1784 aura
1229 1728 1399 1804 potentum,

538 1818 659 1902 Aprilis
680 1819 792 1883 erebra
812 1820 990 1885 mobilitate
1011 1810 1133 1885 uooet.'

537 1920 685 2004 lmproba
705 1921 813 1998 fallaci
833 1923 933 2003 garrit
952 1922 992 1987 de
1012 1929 1140 2006 peotore
1163 1925 1272 2004 Thais,

537 2022 606 2087 Neo
626 2023 763 2088 retinent
783 2021 890 2088 florem
912 2024 981 2090 lilia
1004 2045 1103 2090 verna
1123 2025 1189 2089 diu.

486 2122 520 2209 5)
542 2124 724 2207 Degenerat
744 2126 848 2191 subito
869 2127 997 2210 sonipes
1018 2128 1143 2191 leritate
1164 2127 1317 2210 superbus

534 2228 590 2308 Ao,
610 2227 703 2293 simul
724 2228 870 2310 intonuit,
891 2228 1016 2312 deperit
1037 2231 1106 2312 ipse
1126 2249 1230 2293 oanor.

537 2330 625 2418 Haeo
646 2330 788 2394 homines
808 2329 922 2394 fallunt
943 2332 1111 2394 temeraria
1131 2339 1205 2394 vota
1226 2330 1357 2414 pusillos

538 2431 601 2508 Qui
621 2432 716 2515 sapit,
735 2432 913 2516 intrepidus
931 2439 1055 2497 oonstat
1076 2433 1191 2513 ubique
1210 2433 1280 2497 sibi.

926 2593 1013 2658 Item.

531 2700 647 2768 Gewalt,
667 2702 727 2773 gelt
747 2703 802 2755 und
822 2708 907 2773 gunst
925 2702 1043 2758 krenelrt
1062 2703 1151 2768 recht,
1171 2703 1221 2757 ehr
1240 2701 1296 2755 und
1316 2700 1407 2755 kunst.

487 2833 579 2896 Aeris
600 2831 785 2912 honestatis,
806 2833 883 2897 reeti
907 2840 1087 2917 praecepta,
1110 2833 1215 2913 deous,
1238 2834 1300 2897 vim

490 2934 693 3013 Couculoant,
713 2944 872 3020 superant,
892 2942 1045 3019 spernunt
1067 2937 1167 3015 favor,
1188 2954 1272 3014 aera,
1293 2939 1446 3017 potentes.

927 3085 1016 3150 ltem.

757 3192 820 3249 Viel
841 3194 942 3248 Hunde
964 3195 1073 3249 beissen
1094 3195 1185 3250 einen.

426 3380 428 3383 .
488 3325 521 3388 Si
544 3323 637 3390 ortuis⁴
654 3324 689 3388 in
710 3325 824 3389 multos
846 3327 953 3390 saevis
973 3325 1142 3391 violentior
1164 3326 1244 3390 ursis

489 3427 615 3507 lnoidit,
635 3428 794 3510 extemplo
815 3427 857 3491 sit
877 3429 968 3511 lepus
984 3434 1016 3492 et
1030 3427 1170 3492 timidus.

875 3577 926 3642 De
946 3578 1066 3644 eodem.

488 3696 570 3759 Aoer
590 3701 622 3759 et
643 3693 813 3759 indomitos
833 3691 923 3757 oanis
944 3692 1092 3758 allatrare
1113 3692 1220 3757 leones

488 3795 551 3874 Qui
570 3797 681 3879 potuit,
700 3795 812 3860 turbae
832 3796 889 3858 dat
906 3813 966 3858 sua
985 3800 1077 3876 terga
1096 3814 1217 3859 eanum.

389 3919 464 3968 Gadr.
487 3918 509 3980 l)
527 3919 641 3966 Libellus
658 3934 738 3966 novus
756 3920 798 3966 sol.
817 3918 893 3966 Gar.
941 3917 964 3964 2.
983 3917 1025 3965 Tu.
1046 3919 1069 3965 S.
1080 3915 1153 3964 237-
1177 3917 1237 3966 233.

382 4185 392 4227 1
415 4189 658 4244 Wulrrsoheiulioh
679 4189 777 4243 Worto
799 4187 949 4244 Camerata.
