<?xml version="1.0" encoding="UTF-8"?>
<!DOCTYPE html PUBLIC "-//W3C//DTD XHTML 1.0 Transitional//EN"
    "http://www.w3.org/TR/xhtml1/DTD/xhtml1-transitional.dtd">
<html xmlns="http://www.w3.org/1999/xhtml" xml:lang="en" lang="en">
 <head>
  <title>
</title>
<meta http-equiv="Content-Type" content="text/html;charset=utf-8" />
  <meta name='ocr-system' content='tesseract 3.04.00' />
  <meta name='ocr-capabilities' content='ocr_page ocr_carea ocr_par ocr_line ocrx_word'/>
</head>
<body>
  <div class='ocr_page' id='page_1' title='image "./derbriefwechsel00sachgoog_0199.png"; bbox 0 0 3625 5192; ppageno 0'>
   <div class='ocr_carea' id='block_1_1' title="bbox 328 339 1266 418">
    <p class='ocr_par' dir='ltr' id='par_1_1' title="bbox 328 339 1266 418">
     <span class='ocr_line' id='line_1_1' title="bbox 328 339 1266 418; baseline -0.003 -13"><span class='ocrx_word' id='word_1_1' title='bbox 328 341 379 405; x_wconf 75' lang='grc'>180</span> <span class='ocrx_word' id='word_1_2' title='bbox 702 339 962 418; x_wconf 82' lang='lat' dir='ltr'>Geschichtsqaellea</span> <span class='ocrx_word' id='word_1_3' title='bbox 985 342 1034 403; x_wconf 87' lang='lat' dir='ltr'>der</span> <span class='ocrx_word' id='word_1_4' title='bbox 1054 341 1126 404; x_wconf 78' lang='lat' dir='ltr'>Pror.</span> <span class='ocrx_word' id='word_1_5' title='bbox 1143 341 1266 403; x_wconf 81' lang='lat' dir='ltr'>Sschsea.</span> 
     </span>
    </p>
   </div>
   <div class='ocr_carea' id='block_1_2' title="bbox 325 493 1636 1502">
    <p class='ocr_par' dir='ltr' id='par_1_2' title="bbox 325 493 1636 1502">
     <span class='ocr_line' id='line_1_2' title="bbox 327 493 1634 581; baseline -0.006 -17"><span class='ocrx_word' id='word_1_6' title='bbox 327 498 472 566; x_wconf 81' lang='lat' dir='ltr'>reddant.</span> <span class='ocrx_word' id='word_1_7' title='bbox 523 498 650 566; x_wconf 89' lang='lat' dir='ltr'>Pondus</span> <span class='ocrx_word' id='word_1_8' title='bbox 684 499 860 581; x_wconf 86' lang='lat' dir='ltr'>legitimum</span> <span class='ocrx_word' id='word_1_9' title='bbox 895 520 956 564; x_wconf 91' lang='lat' dir='ltr'>noa</span> <span class='ocrx_word' id='word_1_10' title='bbox 989 498 1095 563; x_wconf 88' lang='lat' dir='ltr'>habet.</span> <span class='ocrx_word' id='word_1_11' title='bbox 1146 497 1199 560; x_wconf 91' lang='lat' dir='ltr'>Dii</span> <span class='ocrx_word' id='word_1_12' title='bbox 1234 495 1371 581; x_wconf 88' lang='lat' dir='ltr'>perdant</span> <span class='ocrx_word' id='word_1_13' title='bbox 1401 493 1471 560; x_wconf 89' lang='lat' dir='ltr'>anri</span> <span class='ocrx_word' id='word_1_14' title='bbox 1504 511 1634 558; x_wconf 79' lang='lat' dir='ltr'>rasores.</span> 
     </span>
     <span class='ocr_line' id='line_1_3' title="bbox 328 598 1636 684; baseline -0.006 -17"><span class='ocrx_word' id='word_1_15' title='bbox 328 603 411 668; x_wconf 89' lang='lat' dir='ltr'>Nam</span> <span class='ocrx_word' id='word_1_16' title='bbox 431 601 588 666; x_wconf 82' lang='lat' dir='ltr'>debitores</span> <span class='ocrx_word' id='word_1_17' title='bbox 600 601 662 665; x_wconf 86' lang='lat' dir='ltr'>mci</span> <span class='ocrx_word' id='word_1_18' title='bbox 675 602 754 666; x_wconf 90' lang='lat' dir='ltr'>talia</span> <span class='ocrx_word' id='word_1_19' title='bbox 765 601 955 666; x_wconf 86' lang='lat' dir='ltr'>nomismata</span> <span class='ocrx_word' id='word_1_20' title='bbox 965 601 1133 684; x_wconf 80' lang='lat' dir='ltr'>prebentes</span> <span class='ocrx_word' id='word_1_21' title='bbox 1150 600 1369 678; x_wconf 79' lang='lat' dir='ltr'>adnumerant,</span> <span class='ocrx_word' id='word_1_22' title='bbox 1391 618 1453 662; x_wconf 91' lang='lat' dir='ltr'>noa</span> <span class='ocrx_word' id='word_1_23' title='bbox 1474 598 1636 679; x_wconf 81' lang='lat' dir='ltr'>pensitant</span> 
     </span>
     <span class='ocr_line' id='line_1_4' title="bbox 328 700 1634 787; baseline -0.005 -17"><span class='ocrx_word' id='word_1_24' title='bbox 328 704 458 770; x_wconf 88' lang='lat' dir='ltr'>mihist</span> <span class='ocrx_word' id='word_1_25' title='bbox 479 724 538 786; x_wconf 89' lang='lat' dir='ltr'>ego</span> <span class='ocrx_word' id='word_1_26' title='bbox 560 703 756 787; x_wconf 87' lang='lat' dir='ltr'>scripulatim</span> <span class='ocrx_word' id='word_1_27' title='bbox 785 705 969 768; x_wconf 81' lang='lat' dir='ltr'>examinare</span> <span class='ocrx_word' id='word_1_28' title='bbox 995 709 1027 767; x_wconf 92' lang='lat' dir='ltr'>et</span> <span class='ocrx_word' id='word_1_29' title='bbox 1055 700 1098 767; x_wconf 92' lang='lat' dir='ltr'>ad</span> <span class='ocrx_word' id='word_1_30' title='bbox 1123 702 1311 784; x_wconf 89' lang='lat' dir='ltr'>sanguinem</span> <span class='ocrx_word' id='word_1_31' title='bbox 1340 721 1437 782; x_wconf 88' lang='lat' dir='ltr'>usque</span> <span class='ocrx_word' id='word_1_32' title='bbox 1464 719 1634 780; x_wconf 85' lang='lat' dir='ltr'>emungere</span> 
     </span>
     <span class='ocr_line' id='line_1_5' title="bbox 328 801 1634 888; baseline -0.008 -15"><span class='ocrx_word' id='word_1_33' title='bbox 328 827 391 873; x_wconf 90' lang='lat' dir='ltr'>aon</span> <span class='ocrx_word' id='word_1_34' title='bbox 420 807 514 872; x_wconf 90' lang='lat' dir='ltr'>soleo.</span> <span class='ocrx_word' id='word_1_35' title='bbox 569 805 648 881; x_wconf 84' lang='lat' dir='ltr'>lllud</span> <span class='ocrx_word' id='word_1_36' title='bbox 679 805 862 888; x_wconf 85' lang='lat' dir='ltr'>pestiferam</span> <span class='ocrx_word' id='word_1_37' title='bbox 885 806 1002 884; x_wconf 90' lang='lat' dir='ltr'>oleam,</span> <span class='ocrx_word' id='word_1_38' title='bbox 1036 824 1098 886; x_wconf 93' lang='lat' dir='ltr'>qao</span> <span class='ocrx_word' id='word_1_39' title='bbox 1126 803 1343 887; x_wconf 90' lang='lat' dir='ltr'>supersticiosi</span> <span class='ocrx_word' id='word_1_40' title='bbox 1376 809 1521 881; x_wconf 90' lang='lat' dir='ltr'>utantur,</span> <span class='ocrx_word' id='word_1_41' title='bbox 1557 801 1634 865; x_wconf 89' lang='lat' dir='ltr'>ledit</span> 
     </span>
     <span class='ocr_line' id='line_1_6' title="bbox 325 903 1635 994; baseline -0.008 -18"><span class='ocrx_word' id='word_1_42' title='bbox 325 916 442 994; x_wconf 89' lang='lat' dir='ltr'>guttur,</span> <span class='ocrx_word' id='word_1_43' title='bbox 463 908 669 988; x_wconf 86' lang='lat' dir='ltr'>stomachum,</span> <span class='ocrx_word' id='word_1_44' title='bbox 691 907 860 986; x_wconf 76' lang='lat' dir='ltr'>thoracem,</span> <span class='ocrx_word' id='word_1_45' title='bbox 882 906 1022 972; x_wconf 86' lang='lat' dir='ltr'>vesicam</span> <span class='ocrx_word' id='word_1_46' title='bbox 1034 912 1065 971; x_wconf 93' lang='lat' dir='ltr'>et</span> <span class='ocrx_word' id='word_1_47' title='bbox 1075 905 1246 990; x_wconf 88' lang='lat' dir='ltr'>corrumpit</span> <span class='ocrx_word' id='word_1_48' title='bbox 1258 904 1450 986; x_wconf 90' lang='lat' dir='ltr'>memoriam,</span> <span class='ocrx_word' id='word_1_49' title='bbox 1472 903 1635 987; x_wconf 83' lang='lat' dir='ltr'>ingenium</span> 
     </span>
     <span class='ocr_line' id='line_1_7' title="bbox 327 1006 1635 1089; baseline -0.005 -13"><span class='ocrx_word' id='word_1_50' title='bbox 327 1019 360 1076; x_wconf 91' lang='lat' dir='ltr'>et</span> <span class='ocrx_word' id='word_1_51' title='bbox 379 1011 474 1076; x_wconf 84' lang='lat' dir='ltr'>vitiat</span> <span class='ocrx_word' id='word_1_52' title='bbox 495 1009 670 1079; x_wconf 79' lang='lat' dir='ltr'>doctrinam</span> <span class='ocrx_word' id='word_1_53' title='bbox 698 1007 898 1073; x_wconf 90' lang='lat' dir='ltr'>eruditorum.</span> <span class='ocrx_word' id='word_1_54' title='bbox 948 1007 1030 1072; x_wconf 90' lang='lat' dir='ltr'>Huic</span> <span class='ocrx_word' id='word_1_55' title='bbox 1057 1006 1141 1072; x_wconf 85' lang='lat' dir='ltr'>adde</span> <span class='ocrx_word' id='word_1_56' title='bbox 1169 1007 1274 1089; x_wconf 89' lang='lat' dir='ltr'>iurgia</span> <span class='ocrx_word' id='word_1_57' title='bbox 1297 1028 1418 1082; x_wconf 88' lang='lat' dir='ltr'>eorum,</span> <span class='ocrx_word' id='word_1_58' title='bbox 1448 1008 1503 1089; x_wconf 91' lang='lat' dir='ltr'>qui</span> <span class='ocrx_word' id='word_1_59' title='bbox 1530 1007 1635 1072; x_wconf 85' lang='lat' dir='ltr'>minas</span> 
     </span>
     <span class='ocr_line' id='line_1_8' title="bbox 327 1108 1634 1192; baseline -0.005 -14"><span class='ocrx_word' id='word_1_60' title='bbox 327 1113 501 1178; x_wconf 84' lang='lat' dir='ltr'>liberaliter</span> <span class='ocrx_word' id='word_1_61' title='bbox 521 1110 657 1176; x_wconf 89' lang='lat' dir='ltr'>instituti</span> <span class='ocrx_word' id='word_1_62' title='bbox 679 1130 737 1176; x_wconf 90' lang='lat' dir='ltr'>nos</span> <span class='ocrx_word' id='word_1_63' title='bbox 758 1111 981 1192; x_wconf 91' lang='lat' dir='ltr'>insequuntur,</span> <span class='ocrx_word' id='word_1_64' title='bbox 1007 1109 1163 1175; x_wconf 83' lang='lat' dir='ltr'>dictiones</span> <span class='ocrx_word' id='word_1_65' title='bbox 1184 1109 1304 1174; x_wconf 88' lang='lat' dir='ltr'>nitidas</span> <span class='ocrx_word' id='word_1_66' title='bbox 1329 1118 1360 1175; x_wconf 90' lang='lat' dir='ltr'>et</span> <span class='ocrx_word' id='word_1_67' title='bbox 1387 1119 1502 1174; x_wconf 90' lang='lat' dir='ltr'>tersam</span> <span class='ocrx_word' id='word_1_68' title='bbox 1530 1108 1634 1173; x_wconf 89' lang='lat' dir='ltr'>latini·</span> 
     </span>
     <span class='ocr_line' id='line_1_9' title="bbox 326 1211 1634 1298; baseline -0.006 -17"><span class='ocrx_word' id='word_1_69' title='bbox 326 1223 424 1281; x_wconf 85' lang='lat' dir='ltr'>tatem</span> <span class='ocrx_word' id='word_1_70' title='bbox 446 1221 477 1279; x_wconf 92' lang='lat' dir='ltr'>et</span> <span class='ocrx_word' id='word_1_71' title='bbox 497 1214 618 1298; x_wconf 87' lang='lat' dir='ltr'>priseos</span> <span class='ocrx_word' id='word_1_72' title='bbox 639 1213 809 1297; x_wconf 86' lang='lat' dir='ltr'>scriptores</span> <span class='ocrx_word' id='word_1_73' title='bbox 829 1219 860 1277; x_wconf 89' lang='lat' dir='ltr'>et</span> <span class='ocrx_word' id='word_1_74' title='bbox 882 1213 960 1276; x_wconf 90' lang='lat' dir='ltr'>iaris</span> <span class='ocrx_word' id='word_1_75' title='bbox 981 1211 1230 1277; x_wconf 90' lang='lat' dir='ltr'>consultissimos</span> <span class='ocrx_word' id='word_1_76' title='bbox 1251 1220 1283 1276; x_wconf 88' lang='lat' dir='ltr'>et</span> <span class='ocrx_word' id='word_1_77' title='bbox 1303 1211 1533 1276; x_wconf 89' lang='lat' dir='ltr'>eruditissimos</span> <span class='ocrx_word' id='word_1_78' title='bbox 1554 1211 1634 1274; x_wconf 89' lang='lat' dir='ltr'>anti-</span> 
     </span>
     <span class='ocr_line' id='line_1_10' title="bbox 327 1312 1634 1400; baseline -0.005 -17"><span class='ocrx_word' id='word_1_79' title='bbox 327 1319 455 1400; x_wconf 87' lang='lat' dir='ltr'>quarios</span> <span class='ocrx_word' id='word_1_80' title='bbox 477 1316 593 1384; x_wconf 88' lang='lat' dir='ltr'>iniuria</span> <span class='ocrx_word' id='word_1_81' title='bbox 614 1315 792 1400; x_wconf 87' lang='lat' dir='ltr'>petulanter</span> <span class='ocrx_word' id='word_1_82' title='bbox 805 1314 989 1379; x_wconf 88' lang='lat' dir='ltr'>allicientes.</span> <span class='ocrx_word' id='word_1_83' title='bbox 1032 1313 1082 1379; x_wconf 91' lang='lat' dir='ltr'>Ne</span> <span class='ocrx_word' id='word_1_84' title='bbox 1099 1314 1334 1397; x_wconf 84' lang='lat' dir='ltr'>igiturioriset</span> <span class='ocrx_word' id='word_1_85' title='bbox 1347 1314 1432 1378; x_wconf 91' lang='lat' dir='ltr'>domi</span> <span class='ocrx_word' id='word_1_86' title='bbox 1454 1312 1634 1377; x_wconf 89' lang='lat' dir='ltr'>stomachus</span> 
     </span>
     <span class='ocr_line' id='line_1_11' title="bbox 328 1416 1203 1502; baseline -0.007 -15"><span class='ocrx_word' id='word_1_87' title='bbox 328 1427 499 1500; x_wconf 89' lang='lat' dir='ltr'>moveatur,</span> <span class='ocrx_word' id='word_1_88' title='bbox 521 1416 695 1502; x_wconf 88' lang='lat' dir='ltr'>procurabo</span> <span class='ocrx_word' id='word_1_89' title='bbox 719 1417 822 1482; x_wconf 90' lang='lat' dir='ltr'>vietus</span> <span class='ocrx_word' id='word_1_90' title='bbox 843 1416 1073 1482; x_wconf 88' lang='lat' dir='ltr'>salubritatem.</span> <span class='ocrx_word' id='word_1_91' title='bbox 1117 1417 1203 1481; x_wconf 86' lang='lat' dir='ltr'>Vale.</span> 
     </span>
    </p>
   </div>
   <div class='ocr_carea' id='block_1_3' title="bbox 398 1539 898 1593">
    <p class='ocr_par' dir='ltr' id='par_1_3' title="bbox 398 1539 898 1593">
     <span class='ocr_line' id='line_1_12' title="bbox 398 1539 898 1593; baseline -0.008 -3"><span class='ocrx_word' id='word_1_92' title='bbox 398 1543 579 1590; x_wconf 83' lang='lat' dir='ltr'>Haadschriltl.</span> <span class='ocrx_word' id='word_1_93' title='bbox 599 1542 618 1586; x_wconf 75' lang='lat'>1¹*</span> <span class='ocrx_word' id='word_1_94' title='bbox 634 1541 666 1588; x_wconf 75' lang='lat'>22</span> <span class='ocrx_word' id='word_1_95' title='bbox 686 1541 727 1593; x_wconf 84' lang='lat' dir='ltr'>rol.</span> <span class='ocrx_word' id='word_1_96' title='bbox 741 1539 833 1586; x_wconf 74' lang='lat' dir='ltr'>lbv—</span> <span class='ocrx_word' id='word_1_97' title='bbox 843 1541 898 1588; x_wconf 75' lang='lat' dir='ltr'>atr.</span> 
     </span>
    </p>
   </div>
   <div class='ocr_carea' id='block_1_4' title="bbox 329 1813 1633 1901">
    <p class='ocr_par' dir='ltr' id='par_1_4' title="bbox 329 1813 1633 1901">
     <span class='ocr_line' id='line_1_13' title="bbox 329 1813 1633 1901; baseline -0.005 -14"><span class='ocrx_word' id='word_1_98' title='bbox 329 1819 382 1892; x_wconf 75' lang='lat'>91.</span> <span class='ocrx_word' id='word_1_99' title='bbox 404 1819 449 1888; x_wconf 84' lang='lat' dir='ltr'>tl.</span> <span class='ocrx_word' id='word_1_100' title='bbox 465 1837 511 1886; x_wconf 88' lang='lat' dir='ltr'>an</span> <span class='ocrx_word' id='word_1_101' title='bbox 523 1818 656 1888; x_wconf 81' lang='lat' dir='ltr'>Urhan.</span> <span class='ocrx_word' id='word_1_102' title='bbox 745 1817 873 1885; x_wconf 72' lang='lat' dir='ltr'>(lotha.</span> <span class='ocrx_word' id='word_1_103' title='bbox 900 1816 1103 1901; x_wconf 83' lang='lat' dir='ltr'>(Zwlscheu</span> <span class='ocrx_word' id='word_1_104' title='bbox 1115 1814 1213 1882; x_wconf 82' lang='lat' dir='ltr'>liade</span> <span class='ocrx_word' id='word_1_105' title='bbox 1225 1815 1312 1882; x_wconf 76' lang='lat'>1505</span> <span class='ocrx_word' id='word_1_106' title='bbox 1325 1833 1359 1886; x_wconf 89' lang='lat' dir='ltr'>a.</span> <span class='ocrx_word' id='word_1_107' title='bbox 1373 1813 1507 1883; x_wconf 84' lang='lat' dir='ltr'>llerhst</span> <span class='ocrx_word' id='word_1_108' title='bbox 1518 1816 1633 1900; x_wconf 79' lang='lat' dir='ltr'>lece.)</span> 
     </span>
    </p>
   </div>
   <div class='ocr_carea' id='block_1_5' title="bbox 328 1940 1634 2216">
    <p class='ocr_par' dir='ltr' id='par_1_5' title="bbox 328 1940 1634 2216">
     <span class='ocr_line' id='line_1_14' title="bbox 397 1940 1632 2003; baseline -0.003 -12"><span class='ocrx_word' id='word_1_109' title='bbox 397 1945 458 1993; x_wconf 76' lang='lat' dir='ltr'>alut</span> <span class='ocrx_word' id='word_1_110' title='bbox 478 1949 547 1990; x_wconf 87' lang='lat' dir='ltr'>traat</span> <span class='ocrx_word' id='word_1_111' title='bbox 565 1943 635 1994; x_wconf 86' lang='lat' dir='ltr'>nicht</span> <span class='ocrx_word' id='word_1_112' title='bbox 653 1943 708 1988; x_wconf 87' lang='lat' dir='ltr'>dem</span> <span class='ocrx_word' id='word_1_113' title='bbox 719 1943 854 2003; x_wconf 72' lang='lat' dir='ltr'>(israelite,</span> <span class='ocrx_word' id='word_1_114' title='bbox 874 1943 931 1989; x_wconf 84' lang='lat' dir='ltr'>dass</span> <span class='ocrx_word' id='word_1_115' title='bbox 950 1942 1034 1988; x_wconf 84' lang='lat' dir='ltr'>Urbau</span> <span class='ocrx_word' id='word_1_116' title='bbox 1053 1957 1093 1988; x_wconf 82' lang='lat' dir='ltr'>am</span> <span class='ocrx_word' id='word_1_117' title='bbox 1113 1942 1245 2000; x_wconf 75' lang='lat' dir='ltr'>folgenden</span> <span class='ocrx_word' id='word_1_118' title='bbox 1255 1941 1322 1999; x_wconf 75' lang='lat' dir='ltr'>Tago</span> <span class='ocrx_word' id='word_1_119' title='bbox 1340 1941 1405 1986; x_wconf 78' lang='lat' dir='ltr'>ruach</span> <span class='ocrx_word' id='word_1_120' title='bbox 1414 1940 1498 1986; x_wconf 83' lang='lat' dir='ltr'>(lotha</span> <span class='ocrx_word' id='word_1_121' title='bbox 1517 1941 1632 1987; x_wconf 83' lang='lat' dir='ltr'>kommeu</span> 
     </span>
     <span class='ocr_line' id='line_1_15' title="bbox 328 2010 1634 2074; baseline -0.004 -12"><span class='ocrx_word' id='word_1_122' title='bbox 328 2017 418 2072; x_wconf 83' lang='lat' dir='ltr'>werde,</span> <span class='ocrx_word' id='word_1_123' title='bbox 437 2015 544 2062; x_wconf 87' lang='lat' dir='ltr'>soudaru</span> <span class='ocrx_word' id='word_1_124' title='bbox 564 2013 638 2073; x_wconf 78' lang='lat' dir='ltr'>greit&#39;t</span> <span class='ocrx_word' id='word_1_125' title='bbox 656 2027 699 2059; x_wconf 85' lang='lat' dir='ltr'>zur</span> <span class='ocrx_word' id='word_1_126' title='bbox 718 2013 806 2074; x_wconf 81' lang='lat' dir='ltr'>Feder,</span> <span class='ocrx_word' id='word_1_127' title='bbox 826 2028 867 2059; x_wconf 93' lang='lat' dir='ltr'>um</span> <span class='ocrx_word' id='word_1_128' title='bbox 886 2013 938 2072; x_wconf 82' lang='lat' dir='ltr'>das,</span> <span class='ocrx_word' id='word_1_129' title='bbox 957 2027 1008 2058; x_wconf 82' lang='lat' dir='ltr'>was</span> <span class='ocrx_word' id='word_1_130' title='bbox 1026 2027 1053 2058; x_wconf 90' lang='lat' dir='ltr'>er</span> <span class='ocrx_word' id='word_1_131' title='bbox 1071 2013 1115 2058; x_wconf 83' lang='lat' dir='ltr'>aat</span> <span class='ocrx_word' id='word_1_132' title='bbox 1131 2012 1187 2058; x_wconf 90' lang='lat' dir='ltr'>dem</span> <span class='ocrx_word' id='word_1_133' title='bbox 1198 2012 1295 2058; x_wconf 86' lang='lat' dir='ltr'>Heraea</span> <span class='ocrx_word' id='word_1_134' title='bbox 1315 2011 1367 2069; x_wconf 89' lang='lat' dir='ltr'>hat,</span> <span class='ocrx_word' id='word_1_135' title='bbox 1385 2010 1437 2057; x_wconf 87' lang='lat' dir='ltr'>ihm</span> <span class='ocrx_word' id='word_1_136' title='bbox 1456 2012 1634 2071; x_wconf 84' lang='lat' dir='ltr'>zuselrroihea,</span> 
     </span>
     <span class='ocr_line' id='line_1_16' title="bbox 328 2081 1634 2145; baseline -0.005 -11"><span class='ocrx_word' id='word_1_137' title='bbox 328 2087 436 2134; x_wconf 80' lang='lat' dir='ltr'>uttmlieh</span> <span class='ocrx_word' id='word_1_138' title='bbox 456 2099 496 2131; x_wconf 89' lang='lat' dir='ltr'>am</span> <span class='ocrx_word' id='word_1_139' title='bbox 515 2085 559 2130; x_wconf 88' lang='lat' dir='ltr'>ihu</span> <span class='ocrx_word' id='word_1_140' title='bbox 579 2099 608 2130; x_wconf 82' lang='lat' dir='ltr'>aa</span> <span class='ocrx_word' id='word_1_141' title='bbox 627 2085 778 2145; x_wconf 83' lang='lat' dir='ltr'>ermahneu,</span> <span class='ocrx_word' id='word_1_142' title='bbox 800 2084 890 2142; x_wconf 79' lang='lat' dir='ltr'>licissig</span> <span class='ocrx_word' id='word_1_143' title='bbox 909 2083 935 2129; x_wconf 89' lang='lat' dir='ltr'>in</span> <span class='ocrx_word' id='word_1_144' title='bbox 954 2083 1143 2128; x_wconf 80' lang='lat' dir='ltr'>Gemeinschait</span> <span class='ocrx_word' id='word_1_145' title='bbox 1161 2083 1207 2128; x_wconf 86' lang='lat' dir='ltr'>mit</span> <span class='ocrx_word' id='word_1_146' title='bbox 1225 2081 1338 2140; x_wconf 71' lang='lat' dir='ltr'>spalatin</span> <span class='ocrx_word' id='word_1_147' title='bbox 1357 2081 1405 2126; x_wconf 90' lang='lat' dir='ltr'>dan</span> <span class='ocrx_word' id='word_1_148' title='bbox 1420 2081 1634 2128; x_wconf 73' lang='lat' dir='ltr'>wissenschaften</span> 
     </span>
     <span class='ocr_line' id='line_1_17' title="bbox 329 2153 849 2216; baseline -0.01 -12"><span class='ocrx_word' id='word_1_149' title='bbox 329 2158 474 2216; x_wconf 79' lang='lat' dir='ltr'>obzrrliegeu</span> <span class='ocrx_word' id='word_1_150' title='bbox 494 2155 545 2200; x_wconf 87' lang='lat' dir='ltr'>aad</span> <span class='ocrx_word' id='word_1_151' title='bbox 564 2153 646 2212; x_wconf 80' lang='lat' dir='ltr'>hituiig</span> <span class='ocrx_word' id='word_1_152' title='bbox 664 2169 693 2200; x_wconf 87' lang='lat' dir='ltr'>za</span> <span class='ocrx_word' id='word_1_153' title='bbox 712 2155 849 2200; x_wconf 74' lang='lat' dir='ltr'>schreihen.</span> 
     </span>
    </p>
   </div>
   <div class='ocr_carea' id='block_1_6' title="bbox 327 2250 1637 3866">
    <p class='ocr_par' dir='ltr' id='par_1_6' title="bbox 329 2250 1634 2422">
     <span class='ocr_line' id='line_1_18' title="bbox 410 2250 1634 2332; baseline -0.003 -15"><span class='ocrx_word' id='word_1_154' title='bbox 410 2252 561 2317; x_wconf 88' lang='lat' dir='ltr'>Herrioho</span> <span class='ocrx_word' id='word_1_155' title='bbox 585 2251 756 2332; x_wconf 86' lang='lat' dir='ltr'>Urbano,</span> <span class='ocrx_word' id='word_1_156' title='bbox 778 2271 945 2331; x_wconf 89' lang='lat' dir='ltr'>economo,</span> <span class='ocrx_word' id='word_1_157' title='bbox 971 2252 1039 2315; x_wconf 90' lang='lat' dir='ltr'>viro</span> <span class='ocrx_word' id='word_1_158' title='bbox 1060 2251 1129 2314; x_wconf 86' lang='lat' dir='ltr'>siae</span> <span class='ocrx_word' id='word_1_159' title='bbox 1155 2251 1372 2314; x_wconf 81' lang='lat' dir='ltr'>matrorersia</span> <span class='ocrx_word' id='word_1_160' title='bbox 1398 2250 1634 2328; x_wconf 85' lang='lat' dir='ltr'>humanissimo,</span> 
     </span>
     <span class='ocr_line' id='line_1_19' title="bbox 329 2339 1551 2422; baseline -0.006 1"><span class='ocrx_word' id='word_1_161' title='bbox 329 2358 488 2422; x_wconf 83' lang='lat' dir='ltr'>Matienus</span> <span class='ocrx_word' id='word_1_162' title='bbox 511 2353 617 2420; x_wconf 75' lang='lat' dir='ltr'>liuius.</span> <span class='ocrx_word' id='word_1_163' title='bbox 1548 2339 1551 2344; x_wconf 39' lang='lat'>¹</span> 
     </span>
    </p>

    <p class='ocr_par' dir='ltr' id='par_1_7' title="bbox 327 2455 1637 3866">
     <span class='ocr_line' id='line_1_20' title="bbox 410 2455 1635 2538; baseline -0.004 -15"><span class='ocrx_word' id='word_1_164' title='bbox 410 2458 538 2524; x_wconf 88' lang='lat' dir='ltr'>Urbane</span> <span class='ocrx_word' id='word_1_165' title='bbox 561 2457 613 2537; x_wconf 90' lang='lat' dir='ltr'>mi,</span> <span class='ocrx_word' id='word_1_166' title='bbox 634 2459 676 2521; x_wconf 93' lang='lat' dir='ltr'>sit</span> <span class='ocrx_word' id='word_1_167' title='bbox 698 2457 756 2520; x_wconf 92' lang='lat' dir='ltr'>tibi</span> <span class='ocrx_word' id='word_1_168' title='bbox 778 2457 858 2521; x_wconf 89' lang='lat' dir='ltr'>hene</span> <span class='ocrx_word' id='word_1_169' title='bbox 878 2456 995 2538; x_wconf 84' lang='lat' dir='ltr'>detque</span> <span class='ocrx_word' id='word_1_170' title='bbox 1018 2456 1104 2520; x_wconf 77' lang='lat' dir='ltr'>lleus</span> <span class='ocrx_word' id='word_1_171' title='bbox 1125 2463 1236 2520; x_wconf 87' lang='lat' dir='ltr'>natare</span> <span class='ocrx_word' id='word_1_172' title='bbox 1259 2455 1463 2537; x_wconf 82' lang='lat' dir='ltr'>longinquam</span> <span class='ocrx_word' id='word_1_173' title='bbox 1485 2456 1635 2520; x_wconf 83' lang='lat' dir='ltr'>vitamet</span> 
     </span>
     <span class='ocr_line' id='line_1_21' title="bbox 328 2555 1635 2643; baseline -0.005 -16"><span class='ocrx_word' id='word_1_174' title='bbox 328 2579 514 2643; x_wconf 86' lang='lat' dir='ltr'>quecunque</span> <span class='ocrx_word' id='word_1_175' title='bbox 540 2565 641 2642; x_wconf 88' lang='lat' dir='ltr'>optas.</span> <span class='ocrx_word' id='word_1_176' title='bbox 690 2559 757 2624; x_wconf 91' lang='lat' dir='ltr'>Nos</span> <span class='ocrx_word' id='word_1_177' title='bbox 786 2578 848 2622; x_wconf 89' lang='lat' dir='ltr'>aon</span> <span class='ocrx_word' id='word_1_178' title='bbox 875 2559 958 2622; x_wconf 89' lang='lat' dir='ltr'>male</span> <span class='ocrx_word' id='word_1_179' title='bbox 983 2558 1135 2622; x_wconf 85' lang='lat' dir='ltr'>valemus.</span> <span class='ocrx_word' id='word_1_180' title='bbox 1188 2556 1258 2622; x_wconf 87' lang='lat' dir='ltr'>Misi</span> <span class='ocrx_word' id='word_1_181' title='bbox 1285 2555 1430 2621; x_wconf 86' lang='lat' dir='ltr'>Rufinum</span> <span class='ocrx_word' id='word_1_182' title='bbox 1460 2557 1501 2621; x_wconf 89' lang='lat' dir='ltr'>ad</span> <span class='ocrx_word' id='word_1_183' title='bbox 1531 2557 1635 2621; x_wconf 81' lang='lat' dir='ltr'>vicum</span> 
     </span>
     <span class='ocr_line' id='line_1_22' title="bbox 329 2659 1636 2743; baseline -0.002 -17"><span class='ocrx_word' id='word_1_184' title='bbox 329 2661 533 2728; x_wconf 83' lang='lat' dir='ltr'>Emeleibeu¹</span> <span class='ocrx_word' id='word_1_185' title='bbox 556 2681 625 2726; x_wconf 90' lang='lat' dir='ltr'>cum</span> <span class='ocrx_word' id='word_1_186' title='bbox 648 2662 748 2726; x_wconf 89' lang='lat' dir='ltr'>literis</span> <span class='ocrx_word' id='word_1_187' title='bbox 775 2659 992 2743; x_wconf 87' lang='lat' dir='ltr'>flagitatoriis,</span> <span class='ocrx_word' id='word_1_188' title='bbox 1016 2667 1051 2724; x_wconf 92' lang='lat' dir='ltr'>at</span> <span class='ocrx_word' id='word_1_189' title='bbox 1072 2666 1179 2742; x_wconf 86' lang='lat' dir='ltr'>pastor</span> <span class='ocrx_word' id='word_1_190' title='bbox 1199 2660 1316 2724; x_wconf 86' lang='lat' dir='ltr'>Christi</span> <span class='ocrx_word' id='word_1_191' title='bbox 1344 2661 1450 2723; x_wconf 88' lang='lat' dir='ltr'>oviam</span> <span class='ocrx_word' id='word_1_192' title='bbox 1476 2659 1636 2724; x_wconf 89' lang='lat' dir='ltr'>debitores</span> 
     </span>
     <span class='ocr_line' id='line_1_23' title="bbox 329 2761 1634 2847; baseline -0.003 -19"><span class='ocrx_word' id='word_1_193' title='bbox 329 2785 415 2829; x_wconf 91' lang='lat' dir='ltr'>meos</span> <span class='ocrx_word' id='word_1_194' title='bbox 439 2763 591 2830; x_wconf 88' lang='lat' dir='ltr'>mandato</span> <span class='ocrx_word' id='word_1_195' title='bbox 619 2764 758 2829; x_wconf 90' lang='lat' dir='ltr'>iudicum</span> <span class='ocrx_word' id='word_1_196' title='bbox 786 2763 972 2847; x_wconf 85' lang='lat' dir='ltr'>appellaret.</span> <span class='ocrx_word' id='word_1_197' title='bbox 1027 2763 1144 2826; x_wconf 89' lang='lat' dir='ltr'>Hicin</span> <span class='ocrx_word' id='word_1_198' title='bbox 1175 2762 1277 2827; x_wconf 88' lang='lat' dir='ltr'>redita</span> <span class='ocrx_word' id='word_1_199' title='bbox 1306 2761 1434 2826; x_wconf 89' lang='lat' dir='ltr'>audisse</span> <span class='ocrx_word' id='word_1_200' title='bbox 1462 2770 1570 2825; x_wconf 89' lang='lat' dir='ltr'>narrat</span> <span class='ocrx_word' id='word_1_201' title='bbox 1595 2781 1634 2825; x_wconf 81' lang='lat' dir='ltr'>ex</span> 
     </span>
     <span class='ocr_line' id='line_1_24' title="bbox 330 2864 1634 2949; baseline -0.004 -17"><span class='ocrx_word' id='word_1_202' title='bbox 330 2867 484 2949; x_wconf 91' lang='lat' dir='ltr'>latiligulo</span> <span class='ocrx_word' id='word_1_203' title='bbox 508 2875 574 2946; x_wconf 88' lang='lat' dir='ltr'>tao,</span> <span class='ocrx_word' id='word_1_204' title='bbox 605 2867 659 2949; x_wconf 92' lang='lat' dir='ltr'>qai</span> <span class='ocrx_word' id='word_1_205' title='bbox 681 2886 742 2931; x_wconf 94' lang='lat' dir='ltr'>non</span> <span class='ocrx_word' id='word_1_206' title='bbox 763 2865 872 2949; x_wconf 87' lang='lat' dir='ltr'>procul</span> <span class='ocrx_word' id='word_1_207' title='bbox 894 2884 915 2929; x_wconf 93' lang='lat' dir='ltr'>a</span> <span class='ocrx_word' id='word_1_208' title='bbox 935 2865 1014 2929; x_wconf 88' lang='lat' dir='ltr'>meis</span> <span class='ocrx_word' id='word_1_209' title='bbox 1035 2865 1167 2929; x_wconf 80' lang='lat' dir='ltr'>edibas²</span> <span class='ocrx_word' id='word_1_210' title='bbox 1187 2867 1220 2929; x_wconf 89' lang='lat' dir='ltr'>ia</span> <span class='ocrx_word' id='word_1_211' title='bbox 1243 2865 1351 2947; x_wconf 87' lang='lat' dir='ltr'>platea</span> <span class='ocrx_word' id='word_1_212' title='bbox 1374 2864 1509 2947; x_wconf 91' lang='lat' dir='ltr'>quadam</span> <span class='ocrx_word' id='word_1_213' title='bbox 1532 2873 1634 2929; x_wconf 85' lang='lat' dir='ltr'>extm-</span> 
     </span>
     <span class='ocr_line' id='line_1_25' title="bbox 327 2966 1635 3051; baseline -0.002 -18"><span class='ocrx_word' id='word_1_214' title='bbox 327 2989 460 3034; x_wconf 86' lang='lat' dir='ltr'>marana</span> <span class='ocrx_word' id='word_1_215' title='bbox 490 2975 588 3033; x_wconf 88' lang='lat' dir='ltr'>mtam</span> <span class='ocrx_word' id='word_1_216' title='bbox 615 2968 780 3051; x_wconf 85' lang='lat' dir='ltr'>ligrrlinam</span> <span class='ocrx_word' id='word_1_217' title='bbox 814 2976 937 3046; x_wconf 87' lang='lat' dir='ltr'>versat,</span> <span class='ocrx_word' id='word_1_218' title='bbox 963 2966 1171 3032; x_wconf 87' lang='lat' dir='ltr'>adventuram</span> <span class='ocrx_word' id='word_1_219' title='bbox 1199 2975 1230 3031; x_wconf 89' lang='lat' dir='ltr'>te</span> <span class='ocrx_word' id='word_1_220' title='bbox 1260 2986 1330 3032; x_wconf 90' lang='lat' dir='ltr'>oras</span> <span class='ocrx_word' id='word_1_221' title='bbox 1361 2967 1457 3048; x_wconf 90' lang='lat' dir='ltr'>idque</span> <span class='ocrx_word' id='word_1_222' title='bbox 1484 2975 1569 3030; x_wconf 90' lang='lat' dir='ltr'>certo</span> <span class='ocrx_word' id='word_1_223' title='bbox 1601 2986 1635 3031; x_wconf 86' lang='lat' dir='ltr'>se</span> 
     </span>
     <span class='ocr_line' id='line_1_26' title="bbox 329 3069 1635 3152; baseline -0.003 -16"><span class='ocrx_word' id='word_1_224' title='bbox 329 3072 411 3136; x_wconf 89' lang='lat' dir='ltr'>seire</span> <span class='ocrx_word' id='word_1_225' title='bbox 432 3071 611 3137; x_wconf 86' lang='lat' dir='ltr'>affirmavit.</span> <span class='ocrx_word' id='word_1_226' title='bbox 653 3070 722 3152; x_wconf 84' lang='lat' dir='ltr'>Ego</span> <span class='ocrx_word' id='word_1_227' title='bbox 744 3069 945 3151; x_wconf 87' lang='lat' dir='ltr'>talsiloqaam</span> <span class='ocrx_word' id='word_1_228' title='bbox 966 3069 1018 3132; x_wconf 88' lang='lat' dir='ltr'>vel</span> <span class='ocrx_word' id='word_1_229' title='bbox 1040 3069 1248 3150; x_wconf 81' lang='lat' dir='ltr'>largiloquam</span> <span class='ocrx_word' id='word_1_230' title='bbox 1273 3075 1531 3152; x_wconf 88' lang='lat' dir='ltr'>utramquepato.</span> <span class='ocrx_word' id='word_1_231' title='bbox 1577 3070 1635 3132; x_wconf 83' lang='lat' dir='ltr'>lta-</span> 
     </span>
     <span class='ocr_line' id='line_1_27' title="bbox 329 3171 1636 3256; baseline -0.005 -20"><span class='ocrx_word' id='word_1_232' title='bbox 329 3193 389 3254; x_wconf 86' lang='lat' dir='ltr'>que</span> <span class='ocrx_word' id='word_1_233' title='bbox 414 3179 578 3256; x_wconf 90' lang='lat' dir='ltr'>postquam</span> <span class='ocrx_word' id='word_1_234' title='bbox 601 3172 642 3237; x_wconf 88' lang='lat' dir='ltr'>ad</span> <span class='ocrx_word' id='word_1_235' title='bbox 665 3172 867 3256; x_wconf 89' lang='lat' dir='ltr'>Spalatincm</span> <span class='ocrx_word' id='word_1_236' title='bbox 896 3171 1026 3256; x_wconf 83' lang='lat' dir='ltr'>scripsi,</span> <span class='ocrx_word' id='word_1_237' title='bbox 1053 3171 1147 3235; x_wconf 92' lang='lat' dir='ltr'>lihait</span> <span class='ocrx_word' id='word_1_238' title='bbox 1170 3172 1266 3236; x_wconf 88' lang='lat' dir='ltr'>etiam</span> <span class='ocrx_word' id='word_1_239' title='bbox 1288 3179 1318 3236; x_wconf 91' lang='lat' dir='ltr'>te</span> <span class='ocrx_word' id='word_1_240' title='bbox 1339 3172 1540 3235; x_wconf 73' lang='lat' dir='ltr'>familiariter</span> <span class='ocrx_word' id='word_1_241' title='bbox 1560 3172 1636 3235; x_wconf 86' lang='lat' dir='ltr'>allo-</span> 
     </span>
     <span class='ocr_line' id='line_1_28' title="bbox 330 3273 1637 3358; baseline 0 -20"><span class='ocrx_word' id='word_1_242' title='bbox 330 3276 391 3358; x_wconf 85' lang='lat' dir='ltr'>qui.</span> <span class='ocrx_word' id='word_1_243' title='bbox 433 3275 580 3340; x_wconf 83' lang='lat' dir='ltr'>Omniam</span> <span class='ocrx_word' id='word_1_244' title='bbox 604 3277 738 3354; x_wconf 88' lang='lat' dir='ltr'>primam</span> <span class='ocrx_word' id='word_1_245' title='bbox 761 3293 822 3356; x_wconf 89' lang='lat' dir='ltr'>age</span> <span class='ocrx_word' id='word_1_246' title='bbox 843 3273 912 3338; x_wconf 91' lang='lat' dir='ltr'>Deo</span> <span class='ocrx_word' id='word_1_247' title='bbox 933 3274 1063 3354; x_wconf 85' lang='lat' dir='ltr'>gratias,</span> <span class='ocrx_word' id='word_1_248' title='bbox 1086 3275 1139 3355; x_wconf 94' lang='lat' dir='ltr'>qai</span> <span class='ocrx_word' id='word_1_249' title='bbox 1162 3281 1192 3337; x_wconf 91' lang='lat' dir='ltr'>te</span> <span class='ocrx_word' id='word_1_250' title='bbox 1213 3274 1427 3339; x_wconf 88' lang='lat' dir='ltr'>abalienatam</span> <span class='ocrx_word' id='word_1_251' title='bbox 1449 3294 1469 3338; x_wconf 90' lang='lat' dir='ltr'>a</span> <span class='ocrx_word' id='word_1_252' title='bbox 1492 3274 1637 3338; x_wconf 88' lang='lat' dir='ltr'>barbaris</span> 
     </span>
     <span class='ocr_line' id='line_1_29' title="bbox 328 3375 1636 3460; baseline -0.003 -20"><span class='ocrx_word' id='word_1_253' title='bbox 328 3379 360 3441; x_wconf 92' lang='lat' dir='ltr'>in</span> <span class='ocrx_word' id='word_1_254' title='bbox 382 3385 532 3457; x_wconf 88' lang='lat' dir='ltr'>nostram,</span> <span class='ocrx_word' id='word_1_255' title='bbox 554 3375 612 3442; x_wconf 87' lang='lat' dir='ltr'>hoe</span> <span class='ocrx_word' id='word_1_256' title='bbox 629 3383 685 3456; x_wconf 85' lang='lat' dir='ltr'>est,</span> <span class='ocrx_word' id='word_1_257' title='bbox 708 3377 876 3441; x_wconf 88' lang='lat' dir='ltr'>latinomm</span> <span class='ocrx_word' id='word_1_258' title='bbox 897 3377 1071 3439; x_wconf 88' lang='lat' dir='ltr'>centuriam</span> <span class='ocrx_word' id='word_1_259' title='bbox 1082 3376 1225 3460; x_wconf 87' lang='lat' dir='ltr'>impegit.</span> <span class='ocrx_word' id='word_1_260' title='bbox 1267 3376 1340 3440; x_wconf 83' lang='lat' dir='ltr'>Mox</span> <span class='ocrx_word' id='word_1_261' title='bbox 1360 3378 1462 3440; x_wconf 87' lang='lat' dir='ltr'>fruere</span> <span class='ocrx_word' id='word_1_262' title='bbox 1481 3378 1562 3440; x_wconf 88' lang='lat' dir='ltr'>hono</span> <span class='ocrx_word' id='word_1_263' title='bbox 1583 3385 1636 3439; x_wconf 91' lang='lat' dir='ltr'>tao</span> 
     </span>
     <span class='ocr_line' id='line_1_30' title="bbox 329 3476 1635 3563; baseline 0 -22"><span class='ocrx_word' id='word_1_264' title='bbox 329 3487 360 3542; x_wconf 89' lang='lat' dir='ltr'>et</span> <span class='ocrx_word' id='word_1_265' title='bbox 381 3479 565 3544; x_wconf 87' lang='lat' dir='ltr'>authoribus</span> <span class='ocrx_word' id='word_1_266' title='bbox 587 3479 766 3563; x_wconf 87' lang='lat' dir='ltr'>proletariis</span> <span class='ocrx_word' id='word_1_267' title='bbox 792 3487 823 3542; x_wconf 89' lang='lat' dir='ltr'>et</span> <span class='ocrx_word' id='word_1_268' title='bbox 848 3477 904 3541; x_wconf 93' lang='lat' dir='ltr'>imi</span> <span class='ocrx_word' id='word_1_269' title='bbox 929 3476 1073 3543; x_wconf 89' lang='lat' dir='ltr'>subsellii</span> <span class='ocrx_word' id='word_1_270' title='bbox 1093 3478 1244 3543; x_wconf 81' lang='lat' dir='ltr'>classicos</span> <span class='ocrx_word' id='word_1_271' title='bbox 1265 3487 1431 3562; x_wconf 86' lang='lat' dir='ltr'>antepone.</span> <span class='ocrx_word' id='word_1_272' title='bbox 1473 3477 1581 3542; x_wconf 88' lang='lat' dir='ltr'>Habes</span> <span class='ocrx_word' id='word_1_273' title='bbox 1604 3486 1635 3541; x_wconf 92' lang='lat' dir='ltr'>ta</span> 
     </span>
     <span class='ocr_line' id='line_1_31' title="bbox 328 3581 1637 3665; baseline -0.002 -20"><span class='ocrx_word' id='word_1_274' title='bbox 328 3589 360 3645; x_wconf 90' lang='lat' dir='ltr'>et</span> <span class='ocrx_word' id='word_1_275' title='bbox 385 3582 570 3665; x_wconf 69' lang='lat' dir='ltr'>spalatinae</span> <span class='ocrx_word' id='word_1_276' title='bbox 598 3581 838 3646; x_wconf 84' lang='lat' dir='ltr'>convenientias</span> <span class='ocrx_word' id='word_1_277' title='bbox 866 3585 898 3644; x_wconf 92' lang='lat' dir='ltr'>et</span> <span class='ocrx_word' id='word_1_278' title='bbox 928 3581 1230 3663; x_wconf 72' lang='lat' dir='ltr'>opportunissimas·</span> <span class='ocrx_word' id='word_1_279' title='bbox 1256 3599 1458 3662; x_wconf 88' lang='lat' dir='ltr'>congressas,</span> <span class='ocrx_word' id='word_1_280' title='bbox 1493 3589 1527 3643; x_wconf 90' lang='lat' dir='ltr'>ut</span> <span class='ocrx_word' id='word_1_281' title='bbox 1558 3581 1637 3644; x_wconf 90' lang='lat' dir='ltr'>alter</span> 
     </span>
     <span class='ocr_line' id='line_1_32' title="bbox 329 3682 1636 3765; baseline -0.001 -21"><span class='ocrx_word' id='word_1_282' title='bbox 329 3682 419 3748; x_wconf 90' lang='lat' dir='ltr'>alteri</span> <span class='ocrx_word' id='word_1_283' title='bbox 442 3683 483 3746; x_wconf 91' lang='lat' dir='ltr'>sit</span> <span class='ocrx_word' id='word_1_284' title='bbox 504 3703 622 3765; x_wconf 85' lang='lat' dir='ltr'>nragna</span> <span class='ocrx_word' id='word_1_285' title='bbox 643 3683 859 3748; x_wconf 82' lang='lat' dir='ltr'>commoditas.</span> <span class='ocrx_word' id='word_1_286' title='bbox 901 3682 950 3745; x_wconf 82' lang='lat' dir='ltr'>Ta</span> <span class='ocrx_word' id='word_1_287' title='bbox 969 3683 1152 3746; x_wconf 80' lang='lat' dir='ltr'>infortunati</span> <span class='ocrx_word' id='word_1_288' title='bbox 1174 3683 1297 3749; x_wconf 87' lang='lat' dir='ltr'>iuvenis</span> <span class='ocrx_word' id='word_1_289' title='bbox 1318 3683 1463 3746; x_wconf 87' lang='lat' dir='ltr'>miserias</span> <span class='ocrx_word' id='word_1_290' title='bbox 1484 3689 1636 3761; x_wconf 84' lang='lat' dir='ltr'>sustenta,</span> 
     </span>
     <span class='ocr_line' id='line_1_33' title="bbox 330 3783 1637 3866; baseline -0.002 -18"><span class='ocrx_word' id='word_1_291' title='bbox 330 3784 383 3849; x_wconf 90' lang='lat' dir='ltr'>ille</span> <span class='ocrx_word' id='word_1_292' title='bbox 404 3784 521 3856; x_wconf 88' lang='lat' dir='ltr'>lautas,</span> <span class='ocrx_word' id='word_1_293' title='bbox 549 3785 739 3866; x_wconf 86' lang='lat' dir='ltr'>luculentas,</span> <span class='ocrx_word' id='word_1_294' title='bbox 769 3784 900 3849; x_wconf 88' lang='lat' dir='ltr'>l&#39;estivas</span> <span class='ocrx_word' id='word_1_295' title='bbox 930 3783 1133 3866; x_wconf 88' lang='lat' dir='ltr'>disciplinas,</span> <span class='ocrx_word' id='word_1_296' title='bbox 1163 3803 1242 3865; x_wconf 87' lang='lat' dir='ltr'>quas</span> <span class='ocrx_word' id='word_1_297' title='bbox 1270 3786 1321 3850; x_wconf 86' lang='lat' dir='ltr'>rel</span> <span class='ocrx_word' id='word_1_298' title='bbox 1351 3785 1463 3848; x_wconf 79' lang='lat' dir='ltr'>surraari</span> <span class='ocrx_word' id='word_1_299' title='bbox 1493 3785 1637 3848; x_wconf 88' lang='lat' dir='ltr'>doctores</span> 
     </span>
    </p>
   </div>
   <div class='ocr_carea' id='block_1_7' title="bbox 399 3923 690 3990">
    <p class='ocr_par' dir='ltr' id='par_1_8' title="bbox 399 3923 690 3990">
     <span class='ocr_line' id='line_1_34' title="bbox 399 3923 690 3990; baseline 0.01 -16"><span class='ocrx_word' id='word_1_300' title='bbox 399 3923 410 3950; x_wconf 78' lang='lat'>²</span> <span class='ocrx_word' id='word_1_301' title='bbox 430 3930 462 3975; x_wconf 64' lang='grc' dir='ltr'>Τπ</span> <span class='ocrx_word' id='word_1_302' title='bbox 480 3929 690 3990; x_wconf 79' lang='lat' dir='ltr'>oportunissimos.</span> 
     </span>
    </p>
   </div>
   <div class='ocr_carea' id='block_1_8' title="bbox 330 4185 1637 4648">
    <p class='ocr_par' dir='ltr' id='par_1_9' title="bbox 394 4185 1473 4264">
     <span class='ocr_line' id='line_1_35' title="bbox 394 4185 1473 4264; baseline 0.001 -19"><span class='ocrx_word' id='word_1_303' title='bbox 394 4185 404 4228; x_wconf 89' lang='lat'>¹</span> <span class='ocrx_word' id='word_1_304' title='bbox 428 4191 486 4246; x_wconf 86' lang='lat' dir='ltr'>Das</span> <span class='ocrx_word' id='word_1_305' title='bbox 507 4190 582 4247; x_wconf 78' lang='lat' dir='ltr'>Dori</span> <span class='ocrx_word' id='word_1_306' title='bbox 600 4191 732 4247; x_wconf 85' lang='lat' dir='ltr'>Emleben</span> <span class='ocrx_word' id='word_1_307' title='bbox 754 4191 791 4246; x_wconf 88' lang='lat' dir='ltr'>ist</span> <span class='ocrx_word' id='word_1_308' title='bbox 813 4185 869 4254; x_wconf 66' lang='lat'>1¹¹2</span> <span class='ocrx_word' id='word_1_309' title='bbox 892 4190 1016 4246; x_wconf 83' lang='lat' dir='ltr'>Stuadca</span> <span class='ocrx_word' id='word_1_310' title='bbox 1035 4190 1143 4246; x_wconf 88' lang='lat' dir='ltr'>siidlich</span> <span class='ocrx_word' id='word_1_311' title='bbox 1165 4209 1217 4245; x_wconf 91' lang='lat' dir='ltr'>voa</span> <span class='ocrx_word' id='word_1_312' title='bbox 1236 4191 1331 4248; x_wconf 71' lang='lat' dir='ltr'>(torta</span> <span class='ocrx_word' id='word_1_313' title='bbox 1348 4191 1473 4264; x_wconf 77' lang='lat' dir='ltr'>gelegeu.</span> 
     </span>
    </p>

    <p class='ocr_par' dir='ltr' id='par_1_10' title="bbox 330 4266 1637 4648">
     <span class='ocr_line' id='line_1_36' title="bbox 392 4266 1637 4341; baseline -0.002 -15"><span class='ocrx_word' id='word_1_314' title='bbox 392 4266 534 4328; x_wconf 69' lang='grc' dir='ltr'>2Μιιὶίιιιι</span> <span class='ocrx_word' id='word_1_315' title='bbox 567 4273 675 4328; x_wconf 86' lang='lat' dir='ltr'>wohnte</span> <span class='ocrx_word' id='word_1_316' title='bbox 709 4273 736 4326; x_wconf 91' lang='lat' dir='ltr'>in</span> <span class='ocrx_word' id='word_1_317' title='bbox 769 4273 818 4326; x_wconf 90' lang='lat' dir='ltr'>der</span> <span class='ocrx_word' id='word_1_318' title='bbox 842 4271 923 4328; x_wconf 87' lang='lat' dir='ltr'>Niilro</span> <span class='ocrx_word' id='word_1_319' title='bbox 952 4274 1002 4327; x_wconf 89' lang='lat' dir='ltr'>der</span> <span class='ocrx_word' id='word_1_320' title='bbox 1029 4272 1246 4340; x_wconf 80' lang='lat' dir='ltr'>Marionkirche,</span> <span class='ocrx_word' id='word_1_321' title='bbox 1281 4274 1326 4328; x_wconf 86' lang='lat' dir='ltr'>die</span> <span class='ocrx_word' id='word_1_322' title='bbox 1357 4274 1426 4326; x_wconf 58' lang='lat' dir='ltr'>dom*</span> <span class='ocrx_word' id='word_1_323' title='bbox 1445 4271 1637 4341; x_wconf 78' lang='lat' dir='ltr'>hlarionborgc</span> 
     </span>
     <span class='ocr_line' id='line_1_37' title="bbox 330 4351 1635 4424; baseline 0.001 -20"><span class='ocrx_word' id='word_1_324' title='bbox 330 4351 460 4422; x_wconf 75' lang='lat' dir='ltr'>(jotaigea</span> <span class='ocrx_word' id='word_1_325' title='bbox 476 4351 715 4424; x_wconf 85' lang='lat' dir='ltr'>Sperlingsberge)</span> <span class='ocrx_word' id='word_1_326' title='bbox 736 4353 815 4406; x_wconf 84' lang='lat' dir='ltr'>ihren</span> <span class='ocrx_word' id='word_1_327' title='bbox 832 4353 938 4406; x_wconf 79' lang='lat' dir='ltr'>Numen</span> <span class='ocrx_word' id='word_1_328' title='bbox 959 4353 1084 4424; x_wconf 81' lang='lat' dir='ltr'>gegeben</span> <span class='ocrx_word' id='word_1_329' title='bbox 1107 4353 1163 4422; x_wconf 88' lang='lat' dir='ltr'>hat,</span> <span class='ocrx_word' id='word_1_330' title='bbox 1183 4353 1209 4407; x_wconf 92' lang='lat' dir='ltr'>d.</span> <span class='ocrx_word' id='word_1_331' title='bbox 1225 4353 1252 4409; x_wconf 91' lang='lat' dir='ltr'>h.</span> <span class='ocrx_word' id='word_1_332' title='bbox 1274 4353 1325 4408; x_wconf 82' lang='lat' dir='ltr'>aas</span> <span class='ocrx_word' id='word_1_333' title='bbox 1342 4355 1405 4408; x_wconf 88' lang='lat' dir='ltr'>dom</span> <span class='ocrx_word' id='word_1_334' title='bbox 1418 4353 1554 4423; x_wconf 80' lang='lat' dir='ltr'>Abbaagc</span> <span class='ocrx_word' id='word_1_335' title='bbox 1573 4370 1635 4406; x_wconf 86' lang='lat' dir='ltr'>rum</span> 
     </span>
     <span class='ocr_line' id='line_1_38' title="bbox 332 4431 1636 4502; baseline 0.002 -18"><span class='ocrx_word' id='word_1_336' title='bbox 332 4432 546 4488; x_wconf 71' lang='lat' dir='ltr'>tirimarcustcia</span> <span class='ocrx_word' id='word_1_337' title='bbox 572 4431 785 4502; x_wconf 53' lang='lat' dir='ltr'>antonomasia)</span> <span class='ocrx_word' id='word_1_338' title='bbox 806 4451 866 4486; x_wconf 80' lang='lat' dir='ltr'>auru</span> <span class='ocrx_word' id='word_1_339' title='bbox 889 4433 1068 4487; x_wconf 73' lang='lat' dir='ltr'>Suadlritusar</span> <span class='ocrx_word' id='word_1_340' title='bbox 1088 4433 1180 4487; x_wconf 75' lang='lat' dir='ltr'>lbere</span> <span class='ocrx_word' id='word_1_341' title='bbox 1207 4451 1248 4489; x_wconf 76' lang='lat' dir='ltr'>ru.</span> <span class='ocrx_word' id='word_1_342' title='bbox 1290 4434 1355 4486; x_wconf 79' lang='lat' dir='ltr'>Scin</span> <span class='ocrx_word' id='word_1_343' title='bbox 1375 4433 1538 4487; x_wconf 80' lang='lat' dir='ltr'>Wohnhaas</span> <span class='ocrx_word' id='word_1_344' title='bbox 1560 4432 1636 4486; x_wconf 85' lang='lat' dir='ltr'>batte</span> 
     </span>
     <span class='ocr_line' id='line_1_39' title="bbox 331 4513 1636 4585; baseline -0.003 -17"><span class='ocrx_word' id='word_1_345' title='bbox 331 4531 360 4564; x_wconf 73' lang='lat' dir='ltr'>er·</span> <span class='ocrx_word' id='word_1_346' title='bbox 380 4531 429 4568; x_wconf 78' lang='lat' dir='ltr'>aurs</span> <span class='ocrx_word' id='word_1_347' title='bbox 448 4515 564 4585; x_wconf 81' lang='lat' dir='ltr'>eigenau</span> <span class='ocrx_word' id='word_1_348' title='bbox 596 4514 706 4568; x_wconf 82' lang='lat' dir='ltr'>blittaln</span> <span class='ocrx_word' id='word_1_349' title='bbox 736 4514 889 4568; x_wconf 79' lang='lat' dir='ltr'>erstanden.</span> <span class='ocrx_word' id='word_1_350' title='bbox 932 4513 969 4566; x_wconf 85' lang='lat' dir='ltr'>Es</span> <span class='ocrx_word' id='word_1_351' title='bbox 997 4514 1058 4583; x_wconf 86' lang='lat' dir='ltr'>lag,</span> <span class='ocrx_word' id='word_1_352' title='bbox 1085 4515 1135 4568; x_wconf 82' lang='lat' dir='ltr'>wie</span> <span class='ocrx_word' id='word_1_353' title='bbox 1155 4515 1203 4566; x_wconf 86' lang='lat' dir='ltr'>wir</span> <span class='ocrx_word' id='word_1_354' title='bbox 1227 4533 1277 4568; x_wconf 81' lang='lat' dir='ltr'>aas</span> <span class='ocrx_word' id='word_1_355' title='bbox 1296 4515 1386 4567; x_wconf 79' lang='lat' dir='ltr'>dieser</span> <span class='ocrx_word' id='word_1_356' title='bbox 1404 4514 1489 4566; x_wconf 75' lang='lat' dir='ltr'>stelle</span> <span class='ocrx_word' id='word_1_357' title='bbox 1511 4515 1636 4580; x_wconf 73' lang='lat' dir='ltr'>orsa-hen,</span> 
     </span>
     <span class='ocr_line' id='line_1_40' title="bbox 330 4593 837 4648; baseline 0.004 -3"><span class='ocrx_word' id='word_1_358' title='bbox 330 4593 407 4647; x_wconf 87' lang='lat' dir='ltr'>nieht</span> <span class='ocrx_word' id='word_1_359' title='bbox 430 4595 490 4648; x_wconf 85' lang='lat' dir='ltr'>weit</span> <span class='ocrx_word' id='word_1_360' title='bbox 513 4614 565 4648; x_wconf 88' lang='lat' dir='ltr'>rou</span> <span class='ocrx_word' id='word_1_361' title='bbox 587 4596 636 4648; x_wconf 82' lang='lat' dir='ltr'>der</span> <span class='ocrx_word' id='word_1_362' title='bbox 656 4595 837 4648; x_wconf 71' lang='lat' dir='ltr'>Strultrnuuer.</span> 
     </span>
    </p>
   </div>
   <div class='ocr_carea' id='block_1_9' title="bbox 0 0 1821 5192">
    <p class='ocr_par' dir='ltr' id='par_1_11' title="bbox 0 0 1821 5192">
     <span class='ocr_line' id='line_1_41' title="bbox 0 0 1821 5192; baseline 0 0"><span class='ocrx_word' id='word_1_363' title='bbox 0 0 1821 5192; x_wconf 95' lang='lat' dir='ltr'> </span> 
     </span>
    </p>
   </div>
  </div>
 </body>
</html>
