3625 5192
319 299 372 354 278
410 337 413 344 »
695 295 955 365 Geschicbtsquelien
977 297 1027 350 dor
1045 297 1118 350 Pron.
1135 296 1259 352 Saebsan.

318 453 391 514 sant
413 446 565 529 psalmos,
593 465 666 509 mox
689 445 769 510 alios
790 444 973 510 cautilant⁸.
1021 443 1162 510 Mirabar
1188 450 1309 510 tantam
1334 446 1367 510 in
1387 466 1432 536 eo·
1448 464 1525 512 sexu
1553 445 1624 510 bar·

319 550 466 614 moniam.
508 548 583 612 Post
611 547 835 613 benedicamus
863 547 983 611 accessi
1014 547 1057 610 ad
1079 555 1209 628 patrem.
1251 548 1365 613 Adbuc
1389 556 1477 613 vesta
1505 537 1625 614 adniti.

319 651 421 715 Mater
442 648 519 713 data
538 667 632 714 mauu
652 669 713 713 nou
736 649 839 712 miuus
860 647 1025 712 exultabat
1044 648 1085 713 ob
1105 649 1228 714 scribe¹
1252 649 1388 714 odicium
1408 669 1504 731 quam
1526 657 1626 733 pater.

319 753 399 816 Tum
420 752 466 816 sio
485 749 526 816 ad
550 758 688 834 patrem:
717 750 830 830 „Bene
850 749 910 813 hoc
931 748 1044 829 babet,
1072 747 1128 814 sed
1151 756 1182 815 et
1203 751 1336 814 alterum
1359 751 1461 816 habeo
1488 752 1626 817 amicum

319 852 596 919 conrnreudacioue
610 852 750 934 dignum.
793 850 946 932 Diligatis
958 851 1131 930 Urbanum,
1148 852 1307 917 obsecro.“
1339 853 1527 936 Respondit:
1550 853 1626 934 „lob

321 956 382 1020 hab
404 957 437 1030 in
464 955 574 1034 nues‘
617 953 671 1018 Sic
693 953 848 1036 paulatim
878 953 920 1016 ad
950 952 1087 1017 scribam
1111 955 1294 1027 retrocessi,
1324 955 1379 1036 qui
1404 957 1451 1019 sic
1477 955 1554 1019 uribi
1580 956 1627 1019 in·

319 1057 468 1142 spiravit:
499 1057 626 1138 „Rogat
649 1054 811 1128 Urbanus,
842 1063 875 1118 ut
904 1055 1000 1120 liceat
1026 1053 1089 1118 sibi
1117 1054 1295 1139 Mrpburdie
1326 1059 1504 1122 orauere².“
1544 1057 1626 1150 Turn

319 1160 467 1242 quoniam
480 1157 615 1223 vestales
626 1156 773 1221 abierant
783 1163 814 1220 et
835 1156 931 1221 ceteri
953 1157 1101 1222 amictum
1122 1158 1179 1222 alii
1200 1157 1274 1237 aiio,
1296 1178 1403 1223 rursus
1423 1159 1552 1243 appello
1573 1158 1627 1224 do-

319 1263 447 1326 miuum.
490 1261 656 1342 ‚‚Valete“‚
678 1260 817 1341 iuquam.
859 1261 901 1322 nt
924 1259 994 1323 iile:
1021 1259 1165 1338 „Oeuate
1188 1260 1380 1326 nobiseum.“
1421 1261 1484 1342 Egi
1504 1262 1626 1343 gratias

319 1372 351 1429 et
373 1363 542 1442 „carum“‚
565 1362 709 1442 inquam,
732 1359 872 1440 „habete
893 1359 1070 1437 Urbanum,
1097 1361 1152 1442 qui
1177 1361 1256 1426 mihi
1278 1361 1373 1427 vaide
1393 1364 1481 1427 utitis
1501 1373 1549 1428 est
1571 1363 1635 1428 Er-'

320 1464 440 1530 t‘ordie‘l
464 1473 495 1528 et
517 1464 720 1545 ιιοιιιιίιιιιὶοΒ
743 1470 774 1526 et
795 1461 1210 1545 maguisvirisspectatus.“
1252 1463 1324 1530 Non
1345 1466 1507 1530 nominavi
1529 1465 1627 1548 signi-

320 1569 453 1647 t'erunr⁴‚
482 1585 610 1631 eausam
637 1573 733 1628 terres.
782 1564 898 1628 Arrisit
927 1563 1027 1628 bouus
1054 1571 1145 1646 pater
1170 1572 1202 1628 et
1231 1573 1315 1630 certe
1345 1566 1444 1632 bouus
1469 1566 1626 1632 domiuus.

321 1668 403 1731 Dum
427 1687 519 1744 exeo,
550 1667 679 1732 stabant
699 1671 862 1730 senatores
885 1665 1032 1729 tinctionis
1054 1664 1193 1731 tatiane.
1236 1667 1308 1730 Nou
1335 1667 1460 1750 porrexi
1489 1687 1626 1748 manum,

321 1769 377 1834 sed
399 1769 442 1833 ad
461 1769 597 1834 scribam
621 1786 744 1848 versus,
767 1766 843 1848 „hic
864 1765 1032 1844 claudus“‚
1059 1767 1186 1848 inquam
1218 1777 1276 1846 „et
1304 1769 1374 1852 ipse
1400 1769 1432 1833 iu
1457 1769 1534 1835 sede
1555 1791 1627 1836 mea

321 1891 383 1935 uon
406 1871 510 1935 minus
531 1869 668 1953 expedio
689 1887 784 1950 quam
806 1868 861 1932 alii
883 1869 916 1932 in
940 1868 1082 1933 curribus
1105 1877 1138 1932 et
1158 1871 1277 1952 equis.“
1319 1871 1387 1935 Hoc
1408 1870 1494 1935 dicto
1514 1871 1627 1936 addidi

321 1972 450 2038 verbum
472 1991 529 2036 usu
550 1971 671 2035 tritum:
695 1969 819 2052 „Liber
843 1971 980 2034 Herrn⁰“
1002 1977 1034 2036 et
1053 1978 1189 2035 montem
1208 1971 1355 2037 ascendo.
1397 1972 1505 2038 Habes
1528 1979 1624 2036 totam

320 2074 506 2139 comediam.
548 2073 719 2154 Postquam
738 2070 828 2152 redii,
851 2071 909 2136 has
930 2071 962 2136 iu
984 2091 1094 2158 mensa
1114 2072 1254 2138 indentes
1274 2073 1384 2138 literas
1403 2073 1536 2139 offendo.
1576 2075 1628 2139 Ita

226 2182 231 2196 “
320 2175 468 2241 Musardo
488 2183 594 2238 nostro
616 2171 824 2255 respondeas:
847 2173 962 2238 Verum
974 2181 1032 2252 est,
1054 2173 1217 2238 Musarde:
1239 2174 1266 2238 si
1288 2194 1396 2239 osores
1415 2173 1627 2246 studiosorum

320 2285 500 2362 spectarent
520 2284 591 2341 tuas
612 2276 754 2340 aviculas
774 2281 849 2340 ante
870 2275 996 2338 domum
1008 2275 1191 2354 Mutianam,
1212 2277 1343 2340 multum
1364 2277 1574 2341 irascerentur
1594 2283 1627 2342 et

320 2381 360 2446 ob
382 2381 538 2444 iuvidiam
560 2369 600 2442 de
626 2376 778 2442 beneficio
806 2385 858 2441 tuo
879 2377 1021 2442 iacerent
1040 2375 1238 2442 maleficium.
1281 2378 1392 2460 itaque
1416 2379 1501 2460 qrrod
1527 2379 1628 2444 suasit

320 2481 496 2562 Metiscus,
524 2481 569 2545 ita
590 2479 695 2570 facito.
739 2479 909 2544 Abstineas
932 2500 953 2544 a
975 2478 1137 2544 mittendis
1153 2479 1304 2544 obsoniis.
1353 2479 1436 2544 Nam
1462 2480 1537 2561 gule
1564 2499 1626 2546 nou

321 2585 420 2648 servit
440 2590 472 2646 et
492 2591 707 2646 antecessores
725 2581 771 2645 tui
783 2579 862 2645 nihii
876 2589 948 2646 sunt
959 2581 1084 2663 elargiti
1095 2589 1199 2663 preter
1214 2589 1353 2645 mutuam
1364 2582 1625 2648 benevolentiam.

320 2685 422 2764 Nunc,
444 2685 485 2747 mi
500 2683 638 2761 Urbane,
659 2683 795 2764 gaudeo,
815 2682 899 2764 quod
921 2683 1057 2748 scribam
1079 2692 1111 2748 et
1131 2691 1161 2747 te
1180 2683 1361 2748 adiuvimus
1381 2691 1414 2749 et
1435 2684 1626 2764 Musardum,

320 2788 404 2851 acuti
427 2785 547 2868 ingenii
572 2786 727 2862 invenem,
752 2785 855 2848 ordini
878 2793 983 2849 nostro
1004 2785 1258 2867 aggregavimus.
1304 2783 1381 2850 Vale
1396 2785 1508 2849 iterum
1530 2781 1626 2867 atque

321 2888 441 2952 iterum.

402 2990 462 3054 Die
483 2989 707 3056 Bartholoruei,

392 3132 569 3178 Haudsobriiti.
591 3131 675 3178 itm
696 3132 736 3178 iol.
752 3131 947 3177 loir-lblv.
1001 3129 1077 3181 Gedr.
1096 3131 1121 3178 b.
1140 3130 1174 3176 Ta
1192 3131 1282 3178 8180
1300 3147 1345 3178 ron
1367 3131 1490 3179 Desceudi
1513 3149 1563 3180 uon
1586 3131 1622 3180 bia

321 3207 399 3250 totam
418 3199 562 3249 comediam.
1218 3195 1227 3209 ⁵

390 3319 453 3369 'Ta
472 3324 613 3370 cantillant.
657 3309 721 3368 1’Τι
739 3322 827 3369 adsuit.
871 3315 936 3368 ‘Ta
953 3322 997 3368 Ieir
1014 3323 1080 3370 habs
1097 3323 1141 3369 ihu
1160 3323 1232 3370 liobe.
1282 3307 1348 3369 “Ta
1367 3324 1515 3383 Erpburdie.
1559 3318 1624 3371 ‘Ta

320 3393 397 3441 Liobe
416 3394 523 3441 Horren.

873 3531 1074 3540 ——-—-—

320 3668 402 3734 203.
424 3666 467 3733 M.
489 3685 535 3733 un
557 3665 692 3734 Urbau.
919 3668 1050 3746 (Gotho
1060 3670 1151 3741 1512.
1182 3671 1283 3738 Naclr
1294 3672 1376 3738 dom
1389 3672 1448 3743 24.
1460 3672 1623 3756 August)

391 3792 451 3838 Mnt.
470 3793 549 3838 meint
567 3792 631 3838 wohl
650 3793 728 3840 durau
747 3795 839 3852 gatlian
858 3809 887 3840 zu
907 3795 1002 3854 baben,
1025 3795 1082 3842 dass
1104 3811 1132 3842 or
1154 3796 1285 3854 trirhzsitig
1303 3796 1358 3842 dern
1379 3797 1503 3844 Duronius
1522 3796 1623 3845 botrett's

320 3863 417 3909 Urbana
436 3862 477 3908 die
496 3861 564 3908 Bitte
582 3864 724 3922 cumpraeh,
743 3863 787 3910 ihu
807 3863 876 3910 nicht
895 3879 945 3910 rou
965 3865 1050 3911 Erfurt
1068 3867 1266 3926 tortsunebmcn,
1284 3867 1338 3913 lobt
1356 3867 1405 3924 don
1423 3867 1492 3913 Eifer·
1511 3867 1557 3914 der
1574 3865 1622 3914 Ge·

320 3932 412 4048 ffldlog
429 3931 560 4048 {mm
579 3932 842 4048 {grfifbchervorkebr
861 3935 911 3980 und
931 3935 1058 3994 besprieht
1076 3935 1118 3982 die
1132 3935 1305 3996 Vermcirrung
1324 3937 1370 3982 der
1388 3937 1622 3984 Eriurterdnristsu

399 4098 566 4163 Prestabiii
590 4109 621 4162 et
640 4098 762 4163 erudito
784 4101 934 4182 magistro
955 4101 1092 4166 Heurioo
1115 4101 1272 4167 Urbano
1294 4101 1453 4167 Matienus
1474 4102 1582 4168 Rut'us.

382 4369 392 4410 ¹
415 4371 476 4426 Den
504 4371 650 4428 Schrciber
682 4373 730 4428 des
758 4373 967 4429 Kreuzklosters
1000 4376 1077 4430 batte
1108 4377 1158 4430 der
1184 4375 1404 4448 Georgentbaler
1433 4377 1493 4432 Abt
1519 4395 1552 4432 ιιιι
1581 4395 1622 4432 er·

317 4469 434 4508 neuneu.
515 4449 611 4525 2Vg1.
633 4451 757 4506 orado.
828 4449 997 4509 ³Nieoiaus
1016 4455 1199 4528 Engelmaou.
1274 4452 1421 4512 ⁴J0usnn
1439 4455 1621 4529 Sdmmering.

317 4527 416 4606 ⁵vgr.
437 4532 482 4587 Br.
496 4533 552 4586 199
574 4551 641 4588 ua
