3625 5192
650 302 739 358 Briefe
756 304 877 358 Matiane
896 303 957 358 352.
978 303 1036 358 353.
1464 308 1496 360 13

191 452 332 518 scabiem
360 459 391 516 et
420 450 514 517 remis
540 460 572 516 et
599 453 679 518 uelis
707 454 884 534 fugiendas.
926 457 1031 537 Agere
1059 464 1163 522 autem
1193 455 1306 522 leniter
1333 465 1364 523 et
1392 467 1497 524 mente

192 557 363 638 tranquilla
384 577 462 639 quos
491 557 595 638 magis
620 558 713 619 decet
738 576 832 638 quam
858 558 1045 640 monachos,
1078 559 1243 641 presertim
1270 560 1496 643 mendicantes,

192 663 244 746 qui
267 660 383 726 Christi
413 669 631 743 paupertatem
660 659 843 741 profitentur·
864 667 896 724 et
920 661 1002 742 frugi
1032 661 1173 724 homines
1193 661 1310 726 haberi
1334 663 1497 745 gestiunt?

191 766 255 831 Sed
277 765 383 842 aliter,
406 765 483 845 proh
505 763 611 826 netas!
635 781 693 825 usu
713 762 808 825 venit.
852 761 959 846 Usque
981 761 1061 826 adeo
1081 763 1165 828 enirn
1185 764 1345 830 fraterculi
1366 766 1496 848 quidam

194 868 334 932 insanire
361 885 488 950 cepere,
518 874 553 927 ut
580 865 655 946 quia
679 863 870 928 Christianis
897 865 995 927 armis
1022 864 1239 931 adversarium
1271 867 1403 951 perdere
1433 891 1496 935 nou

191 977 352 1055 poteraut,
381 967 574 1032 bellatricem
596 968 654 1030 fori
677 965 882 1048 battologiam
904 985 1064 1032 assumere
1090 975 1122 1032 et
1145 987 1214 1032 cum
1235 969 1498 1052 prudentissimis,

189 1072 399 1154 gravissimis,
419 1070 618 1152 dignissimis
639 1070 872 1134 iureconsultis
894 1069 1007 1154 pedem
1030 1071 1061 1134 in
1083 1070 1204 1136 harena
1224 1074 1316 1153 quasi
1338 1072 1495 1155 digladia-

191 1177 272 1239 toria
302 1175 442 1239 conferre
473 1192 535 1236 non
561 1171 714 1236 dubitent.
759 1171 856 1235 Estne
882 1171 941 1235 hoc
966 1172 1078 1236 salutis
1108 1180 1140 1238 et
1168 1175 1241 1236 boui
1271 1173 1416 1238 monachi
1450 1176 1495 1238 irr-

191 1276 357 1341 stitutum?
388 1275 502 1338 Nonne
529 1277 609 1337 foret
640 1276 751 1355 equine
783 1274 814 1336 in
849 1273 931 1337 cella
964 1274 1061 1338 latere
1087 1294 1125 1339 ac
1154 1294 1257 1340 securo
1286 1277 1370 1358 loqui
1401 1297 1494 1359 quarn

189 1399 363 1465 provocare
375 1378 494 1456 doctos,
516 1377 671 1440 lacessere
685 1375 829 1450 disertos,
852 1376 1039 1441 contrahere
1056 1377 1141 1442 litem
1154 1398 1222 1442 cum
1236 1378 1304 1443 riro
1321 1381 1497 1444 clarissimo

191 1501 293 1564 neque
313 1481 431 1544 cesaris
460 1498 562 1560 neque
590 1478 749 1561 pontificis
776 1479 966 1542 authoritate
993 1480 1152 1544 deterreri.
1194 1481 1298 1545 Nimis
1322 1489 1394 1546 sunt
1413 1502 1496 1548 arro·
1565 1523 1568 1530 ·

188 1593 300 1668 gantes
325 1585 377 1646 isti
405 1582 601 1666 pedicatores
612 1584 632 1656 ¹,
655 1581 725 1644 hem
745 1582 970 1664 predicatores.
1011 1582 1163 1647 lracunde
1185 1583 1280 1648 nimis
1308 1584 1495 1666 rabioseque

190 1693 298 1769 agunt.
350 1686 392 1747 At
413 1683 501 1746 multi
524 1692 596 1747 sunt
615 1702 752 1746 numero.
794 1682 877 1759 Quid
900 1683 989 1746 turn?
1024 1685 1071 1747 An
1095 1703 1273 1766 ego-quos
1294 1687 1436 1769 singulos
1462 1695 1495 1752 ut

187 1789 295 1853 futiles
305 1795 337 1851 et
349 1786 501 1852 barbaros
512 1794 686 1863 contemno,
704 1775 987 1866 universos’puteru
1002 1785 1126 1850 ueritati
1139 1786 1321 1852 obfuturos?
1351 1789 1495 1854 Rationis

187 1897 235 1953 est
256 1909 370 1972 expers
393 1895 424 1951 et
446 1888 540 1968 plane
562 1887 664 1966 rudis,
693 1886 746 1966 qui
769 1906 830 1948 non
853 1887 932 1950 bene
954 1888 1031 1950 velit
1052 1887 1224 1970 Capuioni',
1249 1909 1341 1971 quem
1362 1890 1493 1972 dignum

192 1989 410 2056 misericordia
430 2008 560 2065 censeo,
591 1988 675 2069 quod
702 2007 782 2051 unus
807 2009 825 2051 a
846 1988 953 2052 multis
982 1995 1013 2052 et
1039 1989 1165 2071 quidem
1196 1993 1372 2055 temerariis
1393 1995 1496 2057 modis

187 2095 334 2157 omnibus
350 2099 493 2158 vexatur.
527 2090 746 2154 Considerauti
767 2090 843 2152 mihi
860 2109 953 2154 casus
966 2100 998 2154 et
1013 2091 1126 2172 quibus
1143 2091 1282 2174 undique
1298 2094 1494 2159 circumfusis
1548 2125 1554 2140 ·

188 2195 342 2259 molestiis
357 2200 521 2258 exercetur
536 2212 679 2273 angores,
699 2194 899 2256 metuendum
918 2193 1050 2271 videtur,
1073 2214 1113 2258 ne
1134 2195 1261 2257 taudem
1283 2195 1389 2259 animo
1410 2199 1494 2260 curis

188 2299 363 2379 defatigato
398 2295 590 2360 succumbat.
632 2294 820 2376 Quanquam
852 2295 936 2358 solus
974 2315 1035 2359 non
1067 2296 1161 2361 cadet
1194 2305 1239 2360 tot
1271 2298 1493 2381 superstitibus

189 2401 286 2463 llome
313 2407 345 2463 et
373 2399 451 2462 alibi
481 2397 670 2479 amplissimi
694 2397 816 2461 ordinis
835 2399 949 2481 partior
972 2399 1012 2462 ob
1035 2398 1217 2480 hebraicas,
1246 2401 1359 2483 partim
1382 2419 1494 2481 grecas

188 2513 220 2567 et
235 2503 353 2566 latinas
372 2502 491 2580 literas,
514 2499 629 2581 quibas
651 2500 706 2562 ille
734 2507 840 2562 noster
866 2501 1087 2564 ornatissimus
1106 2509 1163 2580 est,
1189 2501 1372 2566 fautoribus.
1415 2501 1492 2565 Mihi

187 2607 314 2668 tametsi
333 2605 392 2668 fori
408 2604 499 2666 stilus
513 2602 659 2679 videatur
673 2601 843 2683 languidus
859 2610 890 2666 et
906 2605 1051 2683 agrestis,
1074 2605 1178 2684 placet
1198 2613 1303 2668 tamen
1323 2602 1492 2670 admodum

190 2708 307 2772 breve‘2
333 2705 540 2789 apostolicum
571 2709 603 2770 in
634 2707 775 2788 graciam
805 2705 981 2789 Capuionis
1013 2707 1224 2790 impetratum.
1266 2709 1381 2774 Paucis
1408 2713 1492 2773 enim
1564 2747 1569 2752 -

190 2810 231 2873 ad
254 2819 328 2873 vota
349 2810 519 2892 respondet
540 2817 571 2872 et
590 2829 718 2872 eausam
741 2807 869 2889 delegat
889 2827 951 2871 non
973 2809 1071 2872 solum
1095 2809 1202 2892 probo,
1224 2809 1402 2876 sedeciam
1424 2811 1491 2875 illu-

189 2913 343 2977 strissimo
363 2913 544 2995 episcop03,
565 2911 653 2974 cuius
674 2910 839 2993 sapiencia
860 2918 892 2974 et
915 2913 1016 2994 pietas
1038 2910 1122 2974 haud
1151 2910 1246 2974 dubie
1276 2913 1493 2976 claudicantes

189 3015 397 3097 theologistas
427 3015 458 3077 in
492 3014 672 3077 barathrum
705 3012 746 3076 ad
778 3013 890 3076 ambas
923 3031 1021 3094 usque
1054 3032 1146 3077 aures
1180 3011 1342 3097 demerget
1366 3023 1492 3078 servato

88 3175 100 3203 ‚
190 3117 468 3199 nobisCapnione,
490 3115 645 3178 communi
667 3116 828 3196 magistro.
861 3114 975 3179 Abba⁴
998 3123 1029 3178 et
1050 3115 1163 3180 Crotus
1183 3133 1240 3179 sua
1257 3114 1493 3198 desiderabunt.

191 3220 301 3301 ltaque
333 3237 465 3302 propere
500 3217 587 3298 legas
625 3225 657 3280 et
694 3217 778 3280 intra
814 3235 933 3299 paucos
965 3216 1033 3279 dies
1065 3218 1207 3281 remittas
1245 3218 1348 3282 velim.
1391 3217 1493 3281 Hodie

189 3321 327 3385 vidimus
353 3321 525 3401 equitatum
552 3320 631 3383 satis
657 3319 858 3403 splendidum
885 3318 976 3382 ducis
1005 3319 1140 3384 loannis.
1182 3319 1244 3384 Sed
1276 3319 1334 3383 hec
1356 3319 1494 3402 publica.

190 3423 281 3501 Heri,
310 3422 394 3504 quod
420 3441 489 3484 mea
521 3422 665 3494 interest,
694 3420 787 3484 rediit
814 3422 938 3484 lanosi.
981 3421 1055 3484 llixi
1083 3423 1165 3486 serio
1187 3422 1355 3486 abhorrere
1381 3439 1494 3485 eurna

188 3525 426 3605 tranquillitate.
468 3523 579 3587 Abfuit
599 3524 660 3586 llll
691 3522 941 3586 hebdomadibus
971 3523 1011 3584 lll
1046 3523 1169 3587 diebus,
1212 3523 1342 3606 Precepi
1369 3521 1495 3586 abituro

187 3625 308 3709 ταχέως
329 3616 449 3706 σπεῦδε,
475 3626 617 3689 nonfuit
647 3625 733 3689 dicto
760 3625 902 3688 audiens.
946 3629 994 3688 An
1023 3626 1203 3689 surdaster?
1229 3623 1387 3690 Fortasse.
1430 3625 1494 3688 Sed

188 3729 292 3793 fedius
320 3729 360 3792 ob
386 3730 561 3792 vanitatem
587 3727 669 3792 male
691 3726 810 3790 audire.
852 3727 953 3810 Opem
981 3746 1066 3790 eram
1089 3729 1225 3798 laturus,
1258 3725 1314 3788 sed
1346 3725 1496 3809 repudiat

188 3840 220 3895 et
240 3832 347 3910 ceteri,
368 3838 403 3894 ut
424 3850 507 3894 nunc
530 3838 603 3894 sunt
624 3848 735 3907 mores,
757 3829 939 3911 imposturis
961 3836 992 3892 et
1009 3830 1102 3892 rualis
1122 3827 1242 3892 artibus
1265 3828 1382 3905 herent,
1404 3829 1496 3908 quasi

188 3935 364 4018 preclarum
388 3935 431 3998 ait
450 3940 521 3997 astu
542 3931 687 4017 dolisque
710 3930 767 3992 niti
788 3937 820 3992 et
840 3929 900 3992 sibi
920 3929 1053 4012 placere.
1087 3930 1154 3992 llec
1167 3928 1305 4010 querela,
1337 3927 1499 3991 Duronius

252 4222 262 4262 1
284 4223 348 4295 vgr.
369 4223 485 4278 seara
507 4222 535 4278 e.
549 4221 575 4277 a.

254 4299 268 4342 ²
289 4305 359 4360 Vom
383 4304 540 4359 November
563 4300 648 4354 1513.
692 4300 753 4370 Vgl.
774 4298 895 4369 Geigcr..
915 4297 1052 4350 Reuehlin
1075 4295 1107 4349 S:
1117 4293 1184 4348 298.

252 4379 360 4439 ³Dem
379 4384 498 4438 Bischof
516 4401 570 4437 rou
591 4379 696 4450 Spcier‚
716 4381 778 4432 dem
797 4380 904 4449 jungeri
926 4375 1105 4446 Pfalzgraf'cn
1126 4373 1227 4443 Georg.

247 4461 262 4502 ⁴
283 4463 437 4519 Hartmann
455 4482 510 4519 ron
528 4463 625 4516 Fulda.

249 4540 346 4616 ⁶ugr.
369 4543 483 4600 saaca
504 4542 531 4600 s.
546 4541 588 4595 ra.
