3625 5192
628 355 717 410 Briele
736 355 855 408 Mutlsns
872 355 932 407 326.
951 355 1009 407 327.
1030 355 1089 407 328.
1460 357 1510 410 421

206 503 260 585 qni
294 503 326 567 in
359 505 547 581 timoribusl
584 502 701 568 Bacchi
740 501 849 567 sedem
883 503 1023 585 eleganti
1058 502 1208 586 preconio
1244 503 1391 569 celebrat.
1447 503 1511 569 Sed

206 613 379 669 vestrarum
412 607 553 690 parcium
588 607 649 672 erit
676 605 847 689 dispicere,
885 625 959 670 num
997 603 1166 669 dicendum
1200 605 1241 668 sit
1270 605 1434 673 Dibachus
1470 626 1512 671 an

207 707 410 774 Dibacchius.
468 709 525 774 Est
559 709 644 775 eninr
681 708 858 791 preclarum
896 707 973 772 dare
1008 707 1156 788 gentibus
1186 714 1218 770 et
1249 709 1375 792 populis
1408 709 1514 792 prisea

205 810 376 891 voeabula,
403 811 437 876 id
457 811 540 893 quod
563 811 658 874 multe
679 809 825 875 lectionis
846 809 1059 890 antiquarium
1081 807 1181 874 decet.
1223 809 1380 886 Quocirca
1402 810 1513 876 adeste

206 913 336 976 maximi
365 913 484 978 Bacchi
517 912 677 978 antistites
707 912 913 977 sacratissimi
942 919 974 976 et
1002 912 1131 976 stolone
1167 918 1307 976 nostrum
1340 912 1374 976 iu
1405 912 1511 978 album

205 1014 448 1097 pulcherrimum
469 1014 586 1079 bacehi
607 1013 748 1099 recipite.

284 1116 369 1193 Quid
388 1118 586 1200 potissimum
607 1116 791 1195 excelleret,
812 1116 969 1198 quesitum
991 1122 1053 1192 est,
1075 1133 1115 1178 an
1138 1113 1298 1180 Bacchus:
1326 1116 1449 1196 viuum,
1471 1136 1511 1182 an

204 1219 324 1299 mulier,
345 1239 385 1283 an
408 1238 471 1284 rex.
512 1217 632 1300 Magna
655 1254 688 1264 -
713 1219 784 1301 quis
809 1218 935 1283 nescit?
959 1253 996 1262 -—
1018 1216 1103 1299 regis
1125 1217 1282 1300 potencia.
1324 1217 1429 1284 lllaius
1455 1219 1512 1284 im·

203 1323 325 1403 perium
345 1320 542 1385 dominarum
565 1321 597 1383 in
619 1320 731 1385 stultos
751 1328 918 1401 amatores,
939 1319 995 1384 sed
1017 1319 1111 1401 longe
1132 1319 1273 1384 maxima
1294 1321 1373 1385 ditio
1392 1321 1510 1387 Bacchi

204 1423 237 1486 in
258 1441 351 1488 omne
367 1442 469 1504 genus
487 1423 675 1487 mortalium.

274 1544 453 1593 Handsehrlltl
471 1545 492 1591 F
504 1544 551 1592 ret
572 1545 615 1592 iol.
626 1543 701 1592 tour.

756 1685 957 1694 ——.-..-—-...

204 1773 285 1840 328.
307 1771 352 1841 ll.
374 1793 419 1840 an
439 1774 575 1842 Urbun.
958 1773 1103 1860 (liotha)
1115 1772 1212 1842 1513.
1244 1773 1445 1841 November
1456 1776 1508 1846 ll.

273 1899 334 1945 lint.
362 1899 395 1946 ist
422 1901 572 1959 uuguhalten
601 1901 662 1946 iiber
690 1901 775 1948 Rhode
803 1901 853 1946 und
876 1901 999 1960 Pyrrhus,
1027 1901 1121 1946 welche
1146 1900 1190 1946 das
1214 1899 1241 1945 lu
1264 1899 1300 1946 sio
1319 1902 1428 1958 geselnte
1447 1899 1508 1946 Ver-

205 1973 293 2015 trnuon
312 1969 378 2016 bcim
397 1970 558 2018 Biichcrlraul
573 1971 686 2030 griiblich
704 1971 835 2029 goteuseht
853 1970 946 2018 haben.

282 2067 417 2132 Henrioo
438 2067 600 2133 Urbano
627 2069 779 2150 magistro
810 2067 952 2132 inomni
979 2087 1096 2150 genere
1128 2065 1334 2131 humanitatis
1359 2067 1508 2150 perlecto,

202 2169 304 2234 amico
325 2189 419 2250 quam
442 2171 680 2252 religiosissime
701 2170 893 2251 venerando,
915 2169 1075 2234 Mutianns
1093 2169 1201 2234 Rufus.

283 2273 314 2334 S.
357 2271 391 2335 Si
414 2277 464 2335 vel
485 2271 639 2336 sociorum
661 2272 712 2335 vel
733 2271 904 2337 amicorum
932 2269 1014 2335 male
1042 2276 1135 2352 gesta
1156 2269 1338 2354 procuracio
1364 2288 1426 2332 non
1455 2289 1508 2352 po-

202 2380 263 2436 test
285 2392 346 2437 non
372 2373 463 2454 gravi
486 2373 593 2438 dolore
620 2372 810 2438 contundere
838 2372 1016 2452 dominum,
1046 2373 1122 2454 quia
1144 2369 1264 2436 ‘natura
1285 2378 1507 2455 comparatum

202 2481 264 2554 est,
299 2481 332 2538 ut
359 2475 575 2554 incommoda,
610 2495 671 2557 que
699 2480 804 2558 preter
830 2463 997 2539 eonsilium
1026 2473 1313 2556 cogitationemque
1349 2473 1507 2554 accidunt,

202 2577 313 2641 odiosa
333 2577 398 2641 sint
418 2583 449 2641 et
470 2577 656 2642 conturbent
677 2579 779 2642 eciem
800 2578 965 2643 remissum
987 2577 1138 2642 aclenem
1156 2578 1305 2657 animum,
1327 2575 1508 2658 Campegus

203 2679 350 2743 nimirum
375 2686 407 2743 et
423 2679 593 2744 Rhoedus²
614 2680 655 2744 ob
676 2679 771 2744 stulte
790 2678 908 2745 luctum
930 2687 961 2743 et
982 2669 1064 2744 orale
1084 2679 1182 2743 lectos
1203 2687 1386 2759 emptosque
1409 2677 1507 2742 libros

203 2787 422 2864 tempestatem
443 2789 475 2845 et
493 2779 606 2846 fluctus
627 2783 844 2846 exuscitaruut
864 2781 1085 2863 tranquillitati
1107 2799 1186 2844 mee.
1229 2779 1310 2842 Nam
1340 2780 1434 2852 ulter,
1461 2779 1507 2843 uti

201 2883 324 2963 scribis,
346 2885 484 2964 quinque
506 2903 627 2961 aureos,
648 2884 729 2947 alter
748 2890 882 2965 quatuor
891 2885 1007 2946 amisit.
1049 2881 1133 2960 Quid
1151 2881 1256 2946 dicam
1279 2881 1398 2944 aurisitl
1439 2881 1507 2946 lmo

200 2984 318 3050 abiecit
338 2985 372 3049 in
394 2986 543 3050 cloacam.
585 2985 697 3067 Neque
717 2985 801 3050 enim
823 2985 951 3050 lectioni
974 2986 1157 3050 consuluere
1178 3002 1281 3066 neque
1301 2982 1415 3047 studiis
1436 3003 1506 3067 pro-

199 3087 287 3156 l'nere
318 3105 420 3168 neque
450 3086 531 3150 bene
558 3087 598 3151 de
628 3088 719 3151 nobis
752 3094 824 3151 sunt
855 3087 969 3151 meriti.
1026 3087 1199 3151 Numerent
1233 3085 1288 3149 alii
1320 3085 1507 3150 Puremias³

199 3189 283 3253 inter
312 3208 410 3272 opera
440 3189 678 3270 probatissima,
708 3188 1025 3278 eligantpperiodos,
1058 3195 1228 3266 commata,
1260 3187 1435 3252 sententies
1466 3207 1506 3250 ex

201 3289 407 3374 scriptoribus
436 3291 580 3374 optimis,
614 3291 672 3354 etsi
702 3289 853 3356 Erasmus
884 3297 919 3354 ut
940 3291 1071 3372 elegans
1091 3297 1129 3354 et
1155 3290 1292 3354 disertus
1324 3299 1415 3353 autor
1441 3309 1504 3354 non

83 3380 87 3388 ’
199 3392 403 3474 improbatur,
422 3411 460 3456 eo
481 3399 587 3457 tamen
607 3393 712 3458 minus
732 3391 810 3456 lacit
832 3391 873 3457 ad
895 3392 1107 3472 stomachum,
1128 3391 1211 3474 rluod
1234 3393 1285 3456 vel
1306 3391 1506 3456 medioerlter

201 3495 346 3559 literatus
367 3512 536 3576 excerpere
556 3492 649 3557 flores
669 3500 701 3557 et
720 3513 771 3559 res
790 3494 898 3558 varias
911 3501 1006 3576 atque
1018 3493 1170 3558 disiectas
1183 3492 1355 3576 diligenter
1370 3492 1507 3574 legendo

202 3595 351 3677 consequi
374 3603 406 3658 et
427 3596 528 3660 titulis
549 3595 704 3661 subiicere
726 3597 834 3679 possit.
877 3597 1015 3661 Iustinus
1036 3603 1140 3660 autem
1161 3597 1301 3678 Trogum
1312 3595 1507 3677 Pompeium,

199 3697 274 3762 dum
295 3703 458 3762 attenuare
472 3705 603 3762 conatur
615 3705 646 3764 et
657 3717 788 3780 gravem
798 3698 886 3762 illum
898 3711 956 3763 ae⁸
977 3699 1139 3781 copiosum
1151 3698 1334 3762 historicum
1355 3698 1507 3777 minuere,

199 3808 324 3883 gratum
344 3799 478 3864 fortasse
500 3800 574 3865 feeit
596 3800 757 3880 delicatis,
785 3801 839 3882 qni
863 3801 918 3864 vix
940 3801 1076 3866 oll'ecere
1096 3802 1219 3880 soleant
1239 3801 1413 3865 historiam.
1459 3799 1507 3864 lta

200 3902 447 3968 l'astidiosissimi
468 3911 542 3966 sunt
569 3903 662 3967 huius
688 3904 739 3968 evi
768 3903 909 3967 lectores.
952 3902 1093 3968 Curiosis
1114 3921 1188 3966 vero
1211 3910 1242 3967 et
1271 3902 1373 3968 doctis
1399 3902 1506 3967 nescio

270 4020 282 4047 ⁸
300 4027 333 4072 Ta
352 4033 386 4072 et.

263 4266 275 4308 1
295 4267 414 4324 conradi
435 4236 522 4324 Celtis
540 4271 666 4331 Protueii
686 4271 769 4341 primi
790 4272 863 4326 inter
883 4271 1038 4326 Germanos
1053 4271 1241 4342 Imperatoriis
1262 4271 1390 4326 manibus
1401 4270 1505 4325 Poetae

199 4351 331 4419 laureati,
360 4349 485 4414 Quatuor
505 4351 569 4411 libri
588 4349 738 4420 Amorum,
752 4353 912 4409 ,seeundum
935 4359 1053 4422 quotuor
1074 4351 1161 4406 latera
1182 4351 1355 4406 Germaniae.
1397 4349 1506 4405 Nurim-

472 4436 484 4465 0

198 4429 426 4582 ὴθῐὲἷθένὲθιξὲ,
441 4430 499 4564 aha
519 4508 546 4564 s.
558 4509 615 4564 417
638 4510 720 4564 unm.
733 4509 761 4564 n.

261 4585 365 4646 ³Eine
387 4590 517 4663 Ausgebe
538 4591 587 4645 der
607 4591 799 4646 Ernsmisohen
819 4591 946 4666 Adagien
967 4593 1004 4647 ist
1025 4591 1155 4666 gemeint
