3625 5192
324 310 377 366 394
628 391 631 395 ἱ
693 313 1019 384 Gcschichfsquellcn'der
1036 314 1110 374 Prov.
1129 315 1252 407 Sachscm

317 460 407 544 cuod
430 463 548 541 sentio,
575 451 758 528 necessaria
777 464 884 548 ponis,
911 484 971 528 non
994 463 1152 543 exquisita
1173 472 1205 529 et
1220 447 1338 530 'fucata
1381 465 1452 542 Qua
1473 465 1506 529 in
1529 486 1576 539 re,
1597 473 1631 530 ut

323 571 394 628 utar
415 565 546 646 antiquo
566 565 718 629 Pacuvii·
738 567 851 645 rcrbo,
880 566 959 632 satis
979 585 1013 631 es
1034 566 1209 651 clypeatus
1249 567 1338 631 Paeti
1367 555 1500 633 formula
1527 569 1630 651 magis

324 664 462 729 luxuriat
490 676 521 730 et
550 667 637 731 illoto
665 667 747 750 pede
773 668 870 732 currit
896 668 927 730 in
956 667 1060 732 stadio
1088 669 1213 734 usitato.
1264 669 1407 733 Imitatus
1437 678 1486 734 est
1511 670 1629 734 Rullrs¹

323 769 480 833 forensem
501 789 591 833 usum
613 767 741 833 dicendi
762 776 793 834 et
815 770 972 853 expressit
991 776 1169 836 contextum
1188 772 1330 854 vulgaris
1349 773 1473 836 notarii.
1516 773 1552 837 ln
1574 791 1631 836 suo

323 890 435 954 campo
457 891 546 936 suam
567 871 650 936 sevit
670 873 840 954 siliginem.
883 872 951 954 Ego
963 893 1028 937 rem
1038 874 1219 938 examinavi
1232 881 1271 955 et,
1294 882 1328 937 ut
1343 875 1486 956 proxime
1507 875 1630 957 scripsi,

321 971 395 1036 fidei
416 972 616 1038 Ditmariane
638 993 749 1057 parurn
770 973 884 1038 tribuo.
927 973 991 1039 Sed
1013 975 1160 1056 qnoniam
1181 974 1349 1040 dissentire
1370 976 1481 1041 melius
1503 997 1629 1060 possum

321 1094 416 1156 quam
437 1074 596 1156 edificare,
616 1095 712 1157 cogor
733 1082 818 1140 stare
838 1076 1003 1154 conventis
1024 1082 1057 1140 et
1075 1077 1203 1159 placitis
1223 1077 1346 1158 vestris,
1366 1077 1503 1144 futurum
1523 1085 1629 1143 tamen
1688 1099 1692 1108 ·

322 1178 493 1253 denuncio,
523 1187 557 1242 nt
577 1177 689 1241 vicarii
710 1177 881 1261 peniteant
923 1179 1064 1261 ipsorum
1090 1178 1131 1242 sit
1151 1179 1251 1262 culpa.
1299 1179 1347 1242 Tu
1374 1175 1561 1261 provideas,
1588 1201 1630 1246 ne

321 1281 413 1345 fallat
432 1299 489 1345 nos
506 1280 677 1359 Ditrnarus,
699 1279 755 1343 sed
777 1279 1023 1361 quinquennalis
1045 1299 1207 1361 possessor
1225 1281 1367 1346 conferat
1387 1281 1628 1347 instructuram
1685 1357 1687 1360 ¹

321 1383 385 1446 XX
406 1402 519 1447 aureos
541 1384 629 1446 iuxta
641 1380 781 1463 regulam
799 1383 882 1464 pacti
895 1382 1002 1460 vestri,
1024 1383 1076 1446 cui
1087 1382 1257 1447 subscribo.
1300 1383 1350 1447 Ad
1372 1403 1420 1454 ea,
1442 1375 1629 1468 viroptime,

321 1483 786 1567 queNepotianodemandavi,
807 1482 836 1546 si
858 1491 962 1562 vacat,
984 1483 1111 1567 copiose
1126 1484 1289 1549 rescribas.
1331 1479 1426 1549 Redit
1447 1491 1629 1551 vertumnus

322 1585 475 1651 allaturus
496 1578 911 1660 vindemiam-uberrimam,
933 1582 1060 1666 Σείριοςο
1083 1585 1161 1650 arsit
1180 1587 1312 1669 pomifer
1333 1593 1501 1652 autumnus
1521 1595 1628 1653 tenero
1661 1583 1663 1588 ’

320 1687 376 1752 dat
398 1687 528 1771 palmite
548 1688 690 1752 fructum.
736 1685 821 1749 Vale.
877 1725 882 1734 ·

401 1791 433 1854 X
454 1790 613 1856 calendas
632 1787 836 1874 Septembres
856 1807 940 1855 anno
961 1789 1131 1853 MDXlIl.b
1158 1835 1161 1842 Δ

389 1914 571 1960 llandscbriftl.
590 1913 671 1960 ded
694 1909 954 2006 foigssdr—ssissvs

389 2014 400 2040 ²
419 2020 445 2066 r
457 2019 571 2065 Poenici.
626 2002 639 2040 l
656 2019 682 2063 r
696 2019 789 2064 nxrn.
845 2013 899 2062 ‘a'
915 2008 1009 2082 Σήριος,

320 2197 404 2306 305ss
423 2237 468 2304 ll.
489 2256 535 2304 an
557 2236 745 2303 llercbord
760 2209 847 2308 r.⁶d.‘
861 2228 1036 2308 Marthcn.
1139 2189 1270 2322 (liotba
1283 2235 1392 2322 1513.)
1424 2236 1560 2322 August
1571 2239 1626 2310 27.

387 2363 449 2410 Mul.
467 2353 759 2422 gratrdiertssdlorebord
770 2377 794 2407 v.
804 2361 828 2408 d.
838 2361 964 2420 Marthen,
982 2362 1038 2408 dass
1057 2377 1084 2408 or
1104 2362 1177 2408 einen
1196 2357 1357 2422 sclrwiorig'en
1368 2363 1470 2410 Proaess
1488 2379 1626 2424 gewonneu

317 2435 369 2480 und
387 2435 446 2493 gelrl
466 2433 512 2479 auf
527 2431 620 2491 sinigas
638 2433 767 2479 Sscblicha
786 2432 812 2478 in
831 2432 974 2478 demselbcn
993 2433 1070 2478 nlibcr
1088 2433 1136 2481 oin.
1185 2431 1188 2438 '

229 2579 231 2583 .
398 2529 581 2595 Herebordo
619 2529 841 2612 Margarito
879 2529 983 2610 legum
1026 2531 1188 2612 utriusque
1224 2531 1283 2595 fori
1325 2531 1427 2615 perito
1466 2531 1625 2597 blutianus

317 2633 424 2697 Rufus.
696 2697 701 2705 ,
799 2704 804 2716 ,
1447 2689 1450 2698 ,

396 2736 429 2800 S.
470 2735 637 2816 Tanquam
658 2733 779 2798 amicus
800 2733 903 2798 amico
931 2733 1009 2796 mibi
1029 2734 1216 2817 perscribis,
1244 2754 1306 2817 que
1327 2734 1385 2800 tibi
1407 2736 1458 2800 lex
1486 2737 1639 2818 presidio·

315 2821 411 2918 fuerit
439 2835 483 2900 ad
515 2843 637 2920 partam
669 2836 701 2898 in
730 2834 944 2904 altercacione
982 2835 1155 2899 victoriam.
1208 2836 1355 2901 Delectat
1391 2838 1463 2921 ipsa
1494 2857 1543 2902 me
1571 2847 1627 2904 tua

316 2939 450 3021 epistola
473 2939 506 3003 in
526 2937 752 3022 penitissimis,
772 2945 805 3001 ut
827 2936 873 2999 ita
893 2936 1009 3017 dicam,
1030 2937 1205 3020 precordiis
1227 2946 1334 3022 utpote
1355 2940 1473 3022 gravis,
1495 2941 1626 3022 elegans

315 3048 347 3107 et
369 3048 432 3121 tua,
453 3040 486 3106 id
508 3038 686 3122 neaniai
706 3045 739 3103 et
758 3037 843 3103 docti
865 3038 1013 3120 hominis,
1035 3041 1199 3123 presertim
1221 3040 1261 3104 de
1281 3041 1396 3106 studiis
1418 3043 1532 3106 nostris
1553 3042 1626 3107 sub-

304 3123 412 3236 tiliter
432 3151 465 3207 et
485 3139 980 3223 summoartificiodisputantisr.
1023 3141 1059 3222 Ο,
1081 3142 1108 3218 si
1124 3142 1253 3206 cottidie
1266 3149 1329 3208 tarn
1343 3144 1496 3208 iucundas
1516 3129 1636 3209 literas

314 3246 528 3312 conscriberes
549 3251 580 3308 et
601 3243 642 3309 de
663 3241 794 3306 rudibus
824 3243 919 3325 nugis
947 3242 1051 3335 opelle
1073 3245 1208 3310 f'orcnsis
1238 3243 1359 3310 tantam
1382 3247 1468 3310 velut
1495 3266 1513 3311 e
1540 3247 1625 3310 fumo

314 3347 415 3414 lucem
437 3348 608 3423 excitares,
636 3345 800 3410 laudarem
821 3364 881 3427 ego
903 3344 991 3410 miris
1011 3346 1114 3410 modis
1134 3339 1299 3431 operosam
1328 3355 1413 3426 tuam
1436 3347 1632 3424 industriam¹

313 3450 421 3532 etqui
446 3449 523 3513 iuris
549 3448 712 3530 fastigium
740 3453 849 3511 tenent
873 3447 1050 3512 doctissimi
1080 3449 1140 3512 viri
1170 3449 1374 3530 diligenciam
1403 3461 1435 3514 et
1461 3450 1623 3541 ingenium

313 3545 511 3635 amplissimo
539 3550 719 3615 testimonio
749 3548 1000 3632 comprobarent.
1048 3549 1132 3614 Nam
1161 3559 1195 3614 ut
1228 3571 1330 3635 pauca
1358 3543 1511 3618 admirari
1538 3551 1622 3617 soleo

313 3674 431 3718 memor
452 3654 537 3717 illius
558 3652 724 3717 Horatiaui
746 3651 898 3716 demetii:
922 3641 1001 3732 „Nil
1024 3651 1176 3716 admirari
1199 3673 1367 3736 properes
1389 3660 1437 3718 est
1458 3674 1536 3734 una,
1558 3654 1622 3720 Nus

313 3757 397 3836 mici,
408 3755 560 3836 solaqueb
572 3774 633 3836 que
645 3753 746 3837 possit
757 3753 862 3818 facere
873 3761 903 3818 et
915 3774 1042 3818 servare
1054 3755 1212 3836 beatum“,
1236 3763 1405 3822 eostamen
1417 3777 1479 3822 non
1495 3775 1622 3840 possum

312 3877 375 3923 non
396 3858 515 3921 divinis
536 3875 648 3920 ornare
669 3855 817 3919 laudibus
838 3862 870 3921 et
891 3855 1051 3938 suspicere
1073 3876 1127 3940 pre
1143 3858 1257 3922 ceteris
1268 3857 1461 3938 doctoribus,
1482 3859 1535 3940 qui
1559 3877 1621 3925 nou

248 3968 254 3978 “
311 3960 415 4024 miuus
436 3959 541 4040 legum
563 3957 718 4022 medullas
739 3957 963 4040 introspiciunt
976 3958 1131 4022 eruditam
1150 3959 1371 4042 antiquitatem
1394 3961 1622 4026 neotericornm
1680 3965 1682 3968 ’

311 4060 472 4141 verbosis,
502 4079 542 4124 ne
563 4061 667 4124 dicam
694 4058 888 4124 iactantibus
909 4067 941 4125 ct
966 4060 1113 4142 gloriosis
1141 4061 1374 4128 commentariis
1400 4063 1622 4142 anteferentes,

381 4180 393 4206 ²
412 4186 438 4235 F
450 4185 587 4244 disputans.
648 4168 660 4204 ὴ
678 4184 704 4228 12'
717 4185 777 4231 sola.

376 4380 388 4422 1
410 4384 540 4454 Pyrrhus.
574 4385 638 4455 Vgl.
659 4383 706 4439 Br.
721 4383 758 4436 78
777 4382 803 4438 S.
817 4382 872 4436 177
896 4381 979 4440 Andr.
993 4384 1019 4442 1.
1093 4387 1098 4396 '

359 4459 386 4504 ‘2
406 4465 469 4536 vgt
486 4465 531 4519 Br.
543 4465 609 4519 306.
846 4481 851 4490 ·

178 4601 182 4606 ,
272 4619 275 4622 ,
370 4539 385 4587 ³
406 4545 504 4617 Horaz,
525 4543 725 4621 speremus.
741 4543 841 4605 1-2,
