3625 5192
280 221 333 275 280
650 202 911 283 Gesebicbtaquellen
930 215 979 268 der
997 213 1071 267 Pron.
1090 213 1213 268 Saehsen.

311 349 315 354 ¹
363 369 414 432 S.·
455 366 523 432 Etsi
545 365 637 430 binas
657 365 765 428 literas
787 361 932 440 exaravi,
952 381 1032 427 unas
1054 362 1130 439 tibi,
1152 362 1269 428 alteras
1290 380 1406 444 magno
1430 361 1498 426 viro
1518 361 1587 426 ied-

282 469 415 550 duudas,
437 475 541 534 tauron
554 487 625 532 eum
645 466 722 530 milri
746 465 883 548 requiem
905 465 1079 548 imperatis,
1099 463 1201 544 iubeo,
1224 470 1257 527 nt
1279 482 1458 547 concerpaa
1492 461 1589 527 Tanti

282 581 331 637 est
352 571 438 656 apud
467 590 517 637 me
544 569 755 650 Sommeringi
786 574 817 632 et
837 567 960 632 Urbani
986 567 1153 631 eonsilium
1175 566 1294 650 oppido
1320 585 1414 648 quarn
1440 565 1588 648 prudens.

283 673 361 738 Volo
383 673 568 754 connivere,
595 671 666 737 nole
688 669 886 736 contendere.
927 669 1061 733 Parcam
1083 668 1222 748 senatui,
1247 687 1339 750 quem
1360 666 1428 732 divi
1453 669 1588 732 fratrea¹

283 774 487 840 hauddubie
516 773 657 838 levitatis
684 773 882 854 arguerentl.
925 771 1006 834 Nam
1027 771 1165 834 Paulus³
1186 771 1232 835 ita
1253 771 1350 849 iacet,
1380 776 1413 834 ut
1432 768 1521 835 brevi
1547 769 1590 834 sit

282 879 407 942 visurus
429 875 602 941 Plutonem.
645 875 694 940 Sit
714 874 787 958 ipsa
807 875 889 938 forsb
911 873 1041 936 domina
1063 873 1196 956 campie
1246 872 1331 950 Quid
1353 865 1501 937 allatrare
1517 892 1590 956 pro-

283 979 374 1044 dest?
415 978 586 1043 Laeessere
613 995 740 1060 possum
768 973 984 1039 veremudum
1011 973 1151 1052 Lotinm,
1183 973 1337 1058 impedire
1363 993 1425 1038 non
1453 993 1590 1062 possum,

283 1082 344 1145 nisi
366 1079 552 1144 arroteritate
571 1079 752 1163 principali,
774 1096 837 1159 qua
855 1096 917 1139 uon
933 1082 1003 1139 utar
1015 1074 1056 1139 ob
1068 1076 1277 1140 reverentiam
1289 1061 1426 1140 senatus.
1467 1075 1590 1158 Regula

283 1183 359 1246 iuris
381 1189 441 1246 est:
463 1181 537 1246 Nou
558 1188 679 1264 prestat
699 1177 970 1262 impedimentum,
993 1178 1076 1258 quod
1088 1177 1128 1242 de
1139 1177 1207 1241 iure
1219 1197 1282 1242 nou
1296 1180 1425 1241 sortitur
1435 1176 1588 1242 effectum.

283 1283 448 1347 Dominus
463 1289 568 1348 noster
594 1282 758 1346 excusabit
786 1281 1121 1364 procrastinationemt
1148 1279 1238 1342 titulo
1259 1281 1416 1344 feriarum.
1433 1346 1438 1353 ,
1458 1279 1539 1344 Vale
1559 1286 1592 1342 et

281 1385 361 1448 seito
384 1385 624 1448 premaximum
646 1403 714 1468 esse
736 1382 994 1467 pbilosophorum
1017 1382 1109 1446 huius
1130 1383 1311 1467 temporisl,
1332 1383 1442 1461 idest,
1465 1383 1592 1466 pacien-

284 1487 440 1551 tissimum
462 1493 493 1551 et
516 1486 710 1551 leuissimum
737 1491 769 1549 et
790 1485 884 1550 valde
905 1485 1107 1574 tranquillum
1134 1485 1166 1547 in
1189 1485 1333 1549 adversis
1356 1484 1503 1567 fluctibus
1523 1502 1592 1566 pre·

284 1588 391 1652 sertim
414 1595 445 1653 te
466 1588 626 1672 pancario.

354 1729 535 1777 llandschriltl.
551 1727 631 1775 F213
651 1729 693 1776 fol.
708 1728 780 1774 leur.
818 1727 894 1774 Godr.
916 1727 941 1775 b.
956 1727 990 1775 Ta
1008 1728 1031 1775 S.
1045 1727 1102 1774 1⁸24.
1138 1725 1182 1774 Bis
1199 1727 1249 1786 auf
1262 1727 1302 1773 die
1320 1728 1422 1773 :latrem
1442 1725 1592 1784 aelimindip.

354 1845 453 1897 *faule
470 1851 508 1897 bei
526 1853 567 1896 Ta.
621 1835 678 1896 Π
689 1850 741 1896 unul
760 1851 792 1896 Tc
811 1865 870 1897 sors.
926 1846 1242 1911 ο1ι’ιιιιιοιιιιίιιιιιίοιι(ιιιι.
1305 1833 1318 1870 ‘¹
1335 1849 1456 1895 Zrciaclren
1474 1848 1592 1908 temporis

283 1921 334 1968 ιιιιιῑ
350 1922 375 1968 id
395 1922 433 1968 bei
452 1922 485 1967 Ta
503 1921 652 1984 praesertim
673 1921 847 1980 ainpescbobcn.

841 2011 1040 2018 --ῌ--ᾳ

284 2123 363 2190 205.
385 2109 429 2194 ltl.v
451 2141 496 2214 an
518 2122 654 2194 Urban.
979 2126 981 2129 ’
1103 2120 1236 2206 (dobba
1246 2121 1359 2205 1512.)
1391 2121 1527 2204 August
1538 2121 1591 2192 31.

354 2264 383 2309 ln
407 2264 452 2310 der
470 2264 622 2311 Streltsuehe
646 2263 724 2310 wider
741 2263 862 2324 Kotollng
882 2264 977 2325 spricbt
1002 2263 1063 2310 Mun.
1088 2265 1142 2311 sein
1165 2265 1314 2310 blisstranen
1337 2277 1444 2322 gagen
1438 2262 1593 2322 Sbmmering

260 2379 263 2385 ,
284 2334 335 2380 und
362 2335 456 2381 audere
479 2334 592 2382 ldainzer
612 2335 733 2383 Beamten
752 2347 808 2395 aus3
837 2335 916 2380 daran
942 2335 1079 2381 schlicasen
1100 2334 1154 2381 sieb
1174 2337 1365 2394 Aerraeorungen
1389 2333 1452 2379 liber
1473 2333 1591 2393 Pyrrhus,

284 2404 452 2486 Ηιιιιιιιοιῴν.
466 2404 490 2452 d.
504 2403 628 2452 Marthen
664 2403 779 2452 Mehrero
797 2406 925 2466 Anltrdge,
944 2405 1215 2465 Bucherbesorgungen
1238 2403 1391 2464 betrelfend,
1415 2403 1516 2450 werden
1534 2403 1591 2450 dem

284 2474 372 2520 Urban
392 2473 482 2521 erteilt.
813 2533 816 2542 Ι

364 2587 579 2653 Limatissimo
590 2594 621 2653 et
632 2589 731 2654 literis
745 2595 777 2655 et
787 2591 927 2656 moribus
936 2591 1054 2673 magist
1055 2612 1088 2656 ro
1040 2591 1235 2655 tHenrieo
1246 2543 1417 2671 Urbano,
1431 2610 1592 2672 economo,

284 2691 386 2754 amice
407 2690 567 2773 primario,
590 2690 750 2757 Mutianns
772 2693 880 2768 Rullus
944 2699 946 2702 ’

364 2792 439 2857 Tibi
461 2792 522 2866 dii,
552 2813 736 2876 quecunque
757 2794 910 2876 precene,
931 2794 1096 2858 commoda
1116 2794 1202 2860 dent.
1242 2793 1294 2857 Ita
1313 2795 1362 2858 vir
1386 2793 1485 2858 bonus
1505 2813 1540 2859 es
1560 2800 1592 2859 et

285 2894 388 2958 cornis·
392 2901 488 2975 atque
510 2894 656 2959 urbanus.
695 2893 869 2960 Excuses
861 2896 982 2978 ingenii
998 2896 1228 2980 paupertatem,
1244 2897 1335 2979 quasi
1348 2904 1434 2960 tuum
1450 2896 1588 2961 nesciam

285 2995 397 3088 ¹rapido
422 2995 594 3062 ferventius
621 2999 708 3061 amni
733 2997 895 3078 ingenium
924 3004 956 3062 et
977 2998 1108 3063 divitem
1132 2997 1309 3062 intellectus
1330 3017 1444 3062 venam
1466 3006 1589 3063 etcum

283 3097 411 3179 longam
434 3097 592 3164 detrectas
613 3099 763 3180 fabulam,
784 3099 878 3164 offers
901 3100 1071 3164 maximam
1093 3119 1273 3182 quanquam
1286 3099 1428 3164 laconice
1439 3107 1589 3182 tanquam

284 3201 371 3264 Bruti
394 3200 540 3265 imitator.
584 3201 676 3265 Nunc
697 3201 781 3265 enim
802 3201 868 3266 seio
889 3201 1062 3266 rediturum
1082 3203 1209 3265 senem5
1230 3200 1383 3266 tabidum.
1425 3201 1489 3266 Sed
1506 3200 1590 3284 quod

285 3323 324 3366 ex
346 3302 429 3366 Lotii
456 3303 565 3366 babitu
596 3303 730 3368 salntem
761 3302 838 3367 mihi
864 3303 1041 3386 polliceris,
1068 3322 1179 3387 parum
1205 3302 1338 3368 adiuvat
1364 3323 1482 3368 memor
1507 3304 1593 3369 illius

285 3405 465 3487 parenesis:
489 3403 644 3486 „Mortem
666 3405 699 3468 in
720 3405 850 3470 alterius
872 3425 960 3489 spem
982 3414 1101 3470 certam
1126 3425 1242 3489 ponere
1268 3405 1389 3470 noli⁰“.
1432 3391 1592 3472 Credibile

284 3512 390 3571 tamen
416 3514 556 3588 potorem
579 3506 741 3572 assiduum
768 3508 875 3572 vivere
903 3509 958 3572 diu
985 3529 1047 3572 non
1076 3527 1178 3592 posse.
1222 3507 1517 3573 verumenimvero
1539 3529 1592 3573 ex·

284 3609 404 3690 cogitat
421 3608 547 3674 modum
569 3609 826 3690 eludendi-dare
846 3611 915 3676 vult
935 3610 1109 3675 domestico
1135 3609 1328 3680 beneficium.
1371 3609 1407 3672 ld
1424 3629 1494 3673 curn
1509 3617 1592 3675 essct

348 3879 357 3920 ¹
379 3883 491 3937 dohann
512 3885 568 3937 und
588 3884 732 3939 Friedrich
752 3903 807 3939 von
828 3883 957 3940 Sachsen.

345 3958 358 4000 ‘²
380 3961 417 4018 Fa
447 3963 561 4018 handelt
588 3964 648 4018 sieb
671 3983 717 4019 um
743 3965 791 4020 das
818 3965 980 4020 Benelrmen
1004 3966 1052 4020 des
1081 3963 1206 4019 Gotbacr
1233 3963 1321 4019 Ratae
1346 3964 1375 4018 in
1400 3967 1463 4020 dem
1490 3965 1591 4021 Strcite

284 4042 419 4098 mrisehen
441 4043 549 4098 Mutiun
570 4045 626 4098 und
648 4045 788 4117 Kbteling.
820 4045 884 4116 vgt.
906 4045 951 4098 Br.
964 4045 1131 4098 lud-198
1152 4063 1180 4099 u.
1201 4063 1227 4099 a.

344 4118 358 4162 3
380 4123 485 4178 Paulus
503 4123 652 4194 Mystcuer.

343 4198 485 4273 temero,
506 4201 600 4260 Oratio
621 4206 649 4258 in
671 4205 703 4260 L.
724 4203 904 4276 Calpurnium
926 4203 1057 4259 Pisonem
1071 4205 1109 4274 11,
1122 4205 1149 4261 3.

345 4277 359 4322 ⁵
383 4283 487 4338 Paulus
514 4285 663 4356 Mystener.
703 4285 804 4340 Redire
833 4285 870 4339 ist
894 4285 955 4340 hier
979 4285 1091 4340 absolut
1116 4287 1271 4358 gebraueht
1295 4286 1342 4341 fuir
1374 4288 1409 4341 ad
1433 4305 1463 4340 se
1492 4288 1590 4361 redire,

284 4363 385 4418 wieder
406 4381 439 4417 zu
460 4364 520 4420 sich
541 4365 679 4420 kommen.

345 4439 358 4482 ⁶
379 4441 492 4500 Catoma
512 4445 641 4500 Drstrcha
661 4445 683 4516 1
704 4445 755 4500 38:
777 4445 810 4499 In
832 4451 921 4501 morte
941 4401 1055 4502 ulterius
1074 4465 1152 4518 apem
1169 4453 1201 4502 tu
1221 4447 1276 4504 tibi
1295 4464 1399 4519 ponere
1421 4448 1489 4504 noli.
