3625 5192
533 373 622 433 Brielc
639 374 759 433 blotiano
777 376 838 432 att.
855 375 916 433 238.
935 375 995 430 21111.
1013 374 1073 431 210.
1090 374 1150 431 211.
1447 370 1497 429 ott

189 524 274 592 240.
297 523 342 591 ll.
363 543 409 591 an
431 523 542 597 llcnr.
564 523 764 596 llusardus.
998 522 1113 591 (lotha
1126 524 1257 608 (1513.)
1291 524 1429 591 ianuar
1438 521 1493 589 15.

255 649 318 698 trau
338 650 391 697 tour
409 650 454 696 dae
464 649 597 696 Vorbeben
614 650 658 696 des
670 648 801 696 bladardus
818 649 958 709 schweigen
978 664 1007 695 nu
1026 650 1115 695 u'ollen
1133 648 1183 695 und
1204 649 1342 696 verbrcltet
1360 649 1413 695 slclr
1432 648 1494 695 liber

187 720 227 765 dio
245 719 356 779 Grhude,
374 722 470 784 welche
488 721 533 765 das
552 720 695 779 Schweigeu
714 725 807 765 ratem
825 719 973 766 encbcincn
991 720 1081 767 lusson.

265 816 459 896 Musardo,
479 818 548 882 viro
568 816 757 900 philosopho
777 824 809 882 et
831 817 959 899 insigni,
981 816 1140 881 Matienus
1161 816 1268 881 Rulus.

267 920 299 983 S.
342 919 469 996 Laudo,
496 919 579 1001 quod
601 920 731 1000 obsequi
754 918 883 983 studeas
904 919 1008 984 enrico
1037 918 1116 983 bene
1137 920 1292 1001 monenti,
1317 941 1379 986 non
1405 923 1489 1005 quod

186 1022 341 1104 voluptati
362 1022 405 1085 sit
424 1027 479 1085 aut
497 1000 558 1085 'titi
580 1028 635 1084 aut
646 1019 722 1083 milri
733 1019 893 1084 silentium
904 1022 926 1101 ¹,
949 1039 1050 1102 neque
1066 1020 1150 1084 cuim
1162 1019 1352 1103 Pythagorei
1374 1042 1488 1101 sumus,

187 1123 351 1187 intantiam
363 1141 486 1205 quoque
497 1121 681 1187 cultissimis
692 1121 815 1186 artibus
825 1121 1089 1205 propulsavimus,
1112 1121 1168 1186 sed
1181 1124 1256 1204 quia
1270 1130 1315 1188 tot
1325 1124 1490 1207 invisores,

185 1234 231 1289 tot
258 1226 352 1289 momi
378 1224 473 1290 rebus
493 1224 609 1288 nostris
636 1224 827 1288 insidiantur
854 1224 964 1305 etqui
994 1224 1048 1287 vix
1077 1224 1235 1307 plebeiam
1263 1226 1438 1294 doctrinam
1470 1249 1490 1293 a

185 1328 294 1392 limine
318 1326 504 1392 salutarunt.
554 1326 603 1389 De
627 1325 730 1390 doctis
750 1329 853 1390 lerunt
873 1326 1064 1391 sententiam
1087 1325 1206 1410 oppido
1233 1347 1333 1411 quam,
1349 1330 1512 1413 iniquum·

185 1437 350 1514 poetaram
368 1448 498 1511 gregem
520 1428 665 1493 hereseos
688 1436 763 1492 nota
787 1428 858 1493 siue
886 1426 1068 1493 discrimine
1096 1430 1312 1495 maculantes²
1340 1439 1372 1496 et
1399 1434 1489 1515 quasi

185 1550 242 1595 nos
262 1538 365 1614 poete,
385 1539 492 1595 nostra
513 1530 746 1603 cavillanturet
761 1529 1021 1611 tranquillitatem
1042 1529 1275 1597 calumniantur
1288 1540 1320 1598 et
1340 1534 1491 1601 libentius

184 1633 298 1698 latroni
327 1631 556 1715 perditissimo,
590 1633 679 1696 cuins
707 1632 830 1695 lacinus
855 1631 1068 1714 nuperrimam
1097 1633 1247 1715 exponis,
1275 1654 1370 1717 quem
1398 1638 1491 1703 nobis

183 1734 301 1799 favent.
344 1733 412 1816 Ego
438 1754 589 1817 consum
618 1734 664 1798 ita
693 1733 790 1798 hebes
815 1738 849 1797 et
868 1733 1033 1818 imperitus
1059 1735 1223 1819 popularis
1243 1736 1386 1820 vafricie,
1414 1742 1491 1822 quin

184 1838 320 1903 sentiam
345 1836 425 1901 nihil
448 1840 544 1901 tutius
561 1856 631 1903 esse
653 1835 788 1901 silentio.
829 1836 912 1900 Nam
934 1835 1166 1919 qualiacunque
1186 1839 1375 1915 scribamus,
1401 1851 1487 1909 antu-

183 1946 274 2003 mant
290 1938 410 2023 indocti
431 1958 493 2031 nos
514 1938 553 2002 de
569 1956 603 2002 se
615 1922 818 2003 commentari
829 1946 861 2004 et
874 1938 982 2003 omnia
998 1936 1121 2020 lingunt
1141 1946 1296 2005 etnocere
1312 1942 1490 2011 moliuntur.

185 2039 266 2104 lllud
281 2028 454 2119 eerthseio,
474 2040 502 2104 si
521 2039 925 2123 profitearisteldutiunum
947 2040 1062 2121 odisse,
1083 2040 1262 2107 habiturum
1284 2050 1316 2109 te
1339 2046 1491 2128 plurimos

184 2143 356 2207 familiares
377 2152 417 2207 et
431 2150 587 2225 patronos.
630 2141 693 2206 Sed
717 2142 793 2224 quia
821 2142 854 2206 id
876 2142 935 2207 tibi
964 2162 1056 2207 nemo
1083 2145 1290 2226 persuaserit,
1317 2154 1349 2211 et
1374 2146 1492 2211 firmior

185 2253 233 2307 est
258 2244 290 2307 in
319 2244 434 2308 amicie
493 2242 659 2331 retinenda
680 2245 855 2309 dexteritas
876 2252 931 2309 tua
947 2245 1040 2328 plena
1054 2246 1196 2311 caritatis
1207 2267 1301 2329 quam
1316 2256 1349 2312 nt
1363 2260 1490 2315 auctore

184 2344 287 2409 Momo
319 2346 471 2429 impulsor
522 2346 611 2410 Zoilo
642 2344 773 2410 delicias
804 2367 825 2411 a
855 2348 1006 2411 comitatu
1040 2348 1255 2427 sanctissimo,
1296 2351 1418 2417 tacebis
1449 2351 1491 2416 ad

183 2455 318 2531 tempus,
339 2457 372 2511 ut
390 2449 487 2512 nostri
507 2447 744 2513 obliviscantur.
785 2447 824 2511 ld
841 2448 943 2532 ipsum
963 2450 1008 2513 uti
1029 2450 1155 2515 facilius
1173 2461 1304 2534 prestes,
1323 2452 1387 2518 duo
1408 2473 1491 2520 nunc

183 2550 324 2614 remedia
344 2550 561 2633 proponimus:
588 2552 721 2614 alterum
741 2550 976 2632 evangelicum,
998 2551 1131 2615 alterum
1155 2553 1320 2634 poeticum.
1362 2556 1491 2643 „Sinite

183 2669 238 2715 cos
259 2650 385 2730 ubirc“‚
406 2653 632 2734 inquiteterna
642 2652 761 2716 veritas
770 2653 794 2726 ³,
820 2653 920 2734 „quia
930 2652 996 2717 ceci
1011 2663 1084 2717 sunt
1096 2655 1156 2735 ipsi
1175 2664 1206 2717 ct
1228 2656 1324 2720 duces
1348 2661 1489 2723 eornm¹‘.

183 2750 224 2816 dt
245 2754 351 2818 neseio
373 2754 463 2819 cuius
480 2756 522 2819 sit
543 2754 601 2819 hoc
621 2774 761 2819 carmen:
784 2754 990 2835 „Curandum
1012 2762 1060 2819 est
1082 2774 1207 2839 semper
1228 2757 1356 2840 placeas
1375 2758 1490 2824 doctis·

150 2863 155 2872 ’
183 2872 245 2935 que
266 2854 431 2937 bonisqne3
450 2876 573 2919 summa
593 2856 719 2939 quidum
741 2856 812 2920 laus
831 2863 879 2921 est
899 2855 1103 2941 displicuisse
1125 2858 1253 2923 malis“.

264 2956 313 3020 Ex
333 2957 440 3022 (lotha
461 2957 717 3023 duodevicesimo
738 2957 897 3023 Calendas
918 2958 1117 3023 Februarias.

254 3086 435 3137 Handschril'tl.
455 3088 536 3135 Face
556 3089 681 3136 r01.155v
729 3089 802 3137 lber.

739 3224 938 3235 ---,

185 3329 395 3399 2411111
420 3332 553 3407 Urban.
1009 3334 1142 3423 (botua
1153 3339 1260 3425 1513.)
1291 3338 1488 3409 lanuurlb.

253 3456 316 3504 nur.
339 3458 404 3503 mult
426 3458 479 3505 sich
502 3473 532 3505 zu
549 3459 680 3507 Mussrdus
703 3466 768 3507 trotz
792 3460 879 3508 dessou
902 3461 1066 3521 llinnsignng
1088 3478 1118 3509 au
1137 3464 1224 3510 notius
1249 3464 1300 3511 uud
1320 3464 1403 3511 Morus
1426 3466 1490 3513 doclr

185 3526 341 3643 lringrrpogep¹
357 3527 408 3573 nud
427 3527 570 3589 boanstragt
581 3530 683 3592 Urban,
692 3531 794 3577 dohann
804 3532 959 3593 Sdnamsring
978 3548 1063 3591 mugen
1084 3534 1130 3579 der
1139 3534 1309 3595 Belbrdernng
1328 3535 1371 3581 das
1380 3536 1491 3597 Pyrrhus

183 3610 257 3642 susan
269 3610 322 3643 orsc
341 3612 381 3643 en.

266 3692 447 3758 Venerabili
469 3703 502 3759 et
519 3696 673 3779 imprimis
694 3696 813 3762 diserto
824 3700 1125 3780 magistroHenrico
1138 3700 1309 3783 Urbano,
1331 3722 1489 3785 economo,

183 3794 353 3859 amicorum
374 3797 611 3878 candidissimo,
633 3799 794 3864 Matienus
814 3800 921 3866 Rufus.

263 3898 294 3962 S.
336 3897 496 3976 Quantum
508 3919 558 3965 me
578 3903 738 3967 deterrent
749 3902 857 3966 Lotius
880 3913 912 3967 et
933 3904 1038 3969 llorus
1059 3924 1079 3967 a
1101 3907 1327 3971 consuetudine
1338 3907 1490 3991 Musardi,

184 3997 238 4079 qui
260 3999 341 4062 clam
364 4018 433 4063 oum
452 4000 542 4066 Lotio
563 4003 669 4067 nescio
695 4004 785 4067 euius
809 4008 1036 4088 expectaoione
1061 4007 1205 4071 beneficii
1227 4010 1343 4074 sentire
1366 4008 1492 4092 dicitur,

184 4106 306 4163 tantum
328 4121 378 4165 me
396 4102 497 4166 allicit
517 4103 679 4185 ingenium
701 4103 839 4169 hominis
865 4108 1028 4188 singulare
1055 4118 1150 4191 atque
1178 4110 1309 4191 elegans
1337 4110 1490 4194 doctrina,

184 4208 219 4264 ut
244 4203 477 4269 studiosissime
504 4207 629 4271 laneum
656 4206 812 4274 llusurdo.
854 4208 956 4272 Nemo
986 4216 1089 4277 tannen
1115 4210 1192 4275 milri
1223 4214 1430 4295 persuaserit,
1456 4221 1491 4279 ut

183 4350 386 4362 -u-——n-

250 4437 260 4479 ¹
281 4443 346 4515 Vgl.
366 4444 412 4501 Br.
425 4445 491 4502 237.

247 4518 261 4560 2
281 4523 344 4595 νει
365 4524 411 4581 nr.
423 4524 482 4579 234
498 4545 524 4581 u.
540 4526 606 4585 aer.

246 4597 261 4643 ὅ
279 4603 422 4661 Matthtius
433 4607 480 4680 15,
494 4606 539 4667 14.
