3625 5192
314 313 350 367 26
689 313 946 388 Gesehichtsquellen
965 315 1013 370 der
1030 313 1104 372 Pron.
1123 312 1247 368 Saolrsen.

314 461 399 528 366.
423 461 466 528 bl.
482 479 526 527 au
541 461 728 530 Herebord
741 481 773 533 ι.
786 461 822 528 d.
834 460 1008 532 blartlren.
1187 458 1445 542 (liotbulbll.)
1479 457 1547 524 llal
1560 457 1618 529 22.

383 607 446 654 Mut.
466 609 551 664 macbt
569 609 626 655 dem
644 609 774 656 Herebord
790 625 813 656 v.
829 609 853 656 d.
868 607 985 655 Mantinon
1004 613 1089 654 ernisto
1108 607 1129 651 V
1131 607 1236 654 oruilrlu
1259 621 1345 665 wegen
1364 605 1445 652 solutes
1464 605 1621 651 Beuahmens

314 679 371 724 deur
394 679 486 726 Raetor
507 679 658 738 gageniiber.
701 679 748 726 Bel
770 679 820 726 dan
839 673 1054 739 Verbundlungen
1076 677 1123 724 ruit
1146 677 1196 724 den
1219 677 1388 738 Philosophen
1411 675 1476 724 baba
1500 691 1526 722 er
1550 675 1620 722 suine

313 748 437 809 cinstigeu
455 750 552 797 Labrer
569 749 596 796 in
616 750 709 796 kaclsar
728 750 812 796 Weise
830 751 945 797 vorletnt.

393 868 624 933 Herebnrdo
644 868 825 952 Margarita

395 973 427 1037 S.
468 973 545 1036 Post
563 970 665 1035 Deum
693 990 783 1036 suurn
813 972 927 1053 cuique
948 971 1088 1036 animum
1114 970 1279 1036 colendum
1306 987 1460 1036 essenon
1482 969 1620 1052 ignoras.

311 1075 419 1139 Animi
442 1082 548 1140 autem
570 1074 674 1139 cultus
693 1081 741 1139 est
762 1074 971 1138 multitornris.
1013 1072 1169 1154 'l'beologi
1191 1072 1309 1138 habent
1324 1091 1382 1138 sua
1403 1073 1621 1152 instrumenta,

312 1177 427 1258 quibus
453 1195 524 1241 sese
551 1176 672 1242 iaciant
696 1176 841 1242 meliores
897 1175 1113 1240 iureconsulto
1142 1175 1220 1240 satis
1249 1181 1298 1238 est
1328 1193 1366 1238 ea
1395 1175 1532 1254 cultura,
1559 1194 1619 1256 que

312 1287 464 1363 precepta
491 1279 596 1360 legum
622 1288 654 1342 et
681 1278 828 1343 instituta
853 1278 968 1360 long0²
994 1285 1133 1360 tempore
1160 1276 1366 1358 comprobata
1391 1277 1540 1341 eontinet.
1586 1276 1618 1339 ln

313 1382 440 1478 legibus
460 1389 566 1444 autem
587 1381 874 1464 tuis‘sepenumero
896 1379 1012 1461 legitur
1032 1389 1063 1444 et
1086 1379 1223 1443 civiliter
1245 1378 1404 1460 agendum
1426 1388 1458 1444 et
1478 1379 1620 1444 humani-

313 1484 388 1549 tatis
416 1481 595 1548 habendam
625 1501 694 1546 esse
723 1482 888 1546 rationem.
942 1480 1033 1568 Quod
1055 1501 1125 1545 curn
1160 1481 1206 1544 ita
1234 1500 1269 1545 se
1303 1479 1420 1546 habere
1446 1481 1617 1563 intelligas,

313 1585 411 1651 redde
431 1585 599 1665 rationem,
629 1603 684 1649 cur
704 1590 856 1648 rectorem
866 1587 887 1663 ¹,
907 1585 1010 1648 virum
1033 1584 1215 1668 primarium
1238 1593 1269 1646 ct
1286 1583 1435 1666 'inprimis
1455 1583 1621 1664 eruditum,

314 1689 410 1754 verbo
445 1687 606 1771 presseris.
655 1691 705 1752 An
731 1687 790 1752 tibi
820 1705 922 1770 parva
950 1685 1076 1750 videtur
1105 1685 1288 1769 impressio,
1310 1707 1349 1750 ne
1370 1685 1477 1750 diuam
1496 1685 1622 1766 iniuria,

313 1792 361 1856 sic
383 1791 510 1876 publice
532 1791 646 1856 bonum
667 1791 853 1871 magistrum
875 1787 1084 1852 confundere:
1112 1779 1255 1867 „Perdat
1277 1796 1308 1851 tc
1330 1788 1433 1868 Deus,
1454 1795 1556 1852 rector
1576 1787 1621 1852 iu-

313 1893 413 1976 lytel“
455 1892 601 1956 imitatus
621 1911 665 1971 es,
687 1891 831 1969 arbitror,
854 1889 963 1954 divum
984 1889 1130 1970 Paulum,
1152 1889 1207 1970 qui
1228 1889 1434 1954 consimiliter
1455 1889 1623 1954 maledixit

314 1979 525 2076 nescioquem
544 1995 731 2078 obiurgans:
753 1993 933 2074 „Percutiet
949 1992 1086 2067 rebeus,
1110 1991 1217 2074 paries
1232 1991 1431 2082 dealbate.“‘2
1472 1992 1621 2058 Putaram

313 2117 371 2162 vos
398 2097 553 2179 singulam
579 2102 750 2178 mutuaque
777 2094 1001 2160 benevolentia
1029 2093 1209 2172 devinctos,
1242 2092 1409 2158 credebam
1439 2102 1469 2159 te
1495 2095 1622 2160 iusticie

314 2200 453 2281 regulam
479 2217 582 2263 nosse.
624 2198 707 2262 Proh
728 2205 836 2262 sancte
857 2195 996 2279 Iupiter!
1037 2203 1239 2280 preceptores
1260 2204 1425 2279 protervus
1446 2195 1623 2282 discipulus

313 2303 486 2368 contristat
528 2301 654 2384 Legunt
674 2308 705 2364 te
726 2299 847 2381 college
864 2299 911 2364 tui
932 2297 973 2362 ad
991 2297 1204 2384 philosophos.
1247 2299 1441 2363 Persuadere
1455 2298 1621 2380 debueras,

313 2410 347 2467 ut
369 2404 562 2488 prolessores
582 2403 630 2467 illi
650 2401 849 2467 venerabiles
870 2407 993 2464 vestros
1015 2399 1195 2465 bucularius
1220 2400 1392 2466 honorifica
1413 2420 1531 2485 pompa
1553 2402 1622 2484 dig·

294 2513 470 2570 narentur.
516 2505 566 2570 Tu
592 2525 668 2570 vero
701 2506 805 2569 minas
833 2510 865 2568 et
891 2502 1011 2585 iurgia,
1041 2523 1101 2568 non
1131 2502 1241 2568 civilia
1267 2503 1366 2568 verba
1397 2511 1429 2567 et
1460 2504 1621 2568 modestas

314 2607 501 2689 blandicias,
522 2607 736 2687 utfierisolet,
759 2593 957 2689 proposuisti.
1001 2607 1035 2670 si
1056 2587 1455 2670 hectibital'soobiioimus
1472 2613 1621 2692 -potest

312 2711 396 2775 enim
418 2709 496 2790 fieri,
518 2719 552 2774 ut
575 2709 734 2774 hominum
755 2709 902 2790 quamvis
922 2708 1125 2792 plurimorum
1146 2727 1249 2775 sermo
1263 2709 1526 2773 mentiatur-at
1537 2717 1621 2774 certe

314 2822 344 2877 te
372 2815 475 2896 ipsum
503 2813 654 2878 admirari
678 2818 710 2876 et
737 2820 802 2877 tam
829 2811 1031 2893 impudenter·
1057 2809 1189 2874 laudare
1216 2810 1303 2895 apud
1331 2818 1509 2896 prestantes
1536 2811 1621 2878 viros

313 2937 376 2980 nou
398 2914 561 2980 debueras.
605 2914 735 2994 Rident,
763 2912 816 2995 qui
839 2911 972 2976 audiunt
993 2917 1025 2974 et
1045 2912 1186 2995 ineptum
1208 2912 1441 2994 gloriosumque
1462 2912 1619 2980 doctorem

312 3038 374 3082 nou
395 3024 526 3100 possunt
552 3036 613 3080 nou
641 3015 731 3096 sequi
758 3013 880 3095 postice
901 3031 1009 3078 sanna.
1052 3013 1174 3095 Quare,
1195 3015 1239 3077 uri
1260 3014 1457 3095 Herebnrde‚
1482 3015 1510 3079 si
1532 3023 1618 3080 auto-

313 3121 437 3185 ritatem
460 3121 540 3185 tueri
560 3126 592 3184 et
612 3123 747 3201 gratiam
770 3135 896 3182 servare
915 3116 1062 3196 volueris,
1084 3115 1124 3180 de
1146 3123 1176 3179 te
1199 3116 1269 3198 ipso
1288 3116 1320 3180 iu
1343 3116 1417 3180 aula
1434 3115 1621 3200 Moguntina

313 3230 454 3288 neutram
475 3223 506 3286 in
528 3228 648 3305 partem
668 3219 815 3302 loquaris.
858 3219 1008 3284 Urbanus
1025 3225 1137 3302 elego,
1158 3238 1219 3301 que
1241 3219 1351 3283 honori
1373 3225 1426 3283 tuo
1441 3219 1620 3286 noxiasunt

312 3325 511 3407 exitiosaque
531 3323 598 3388 lore
621 3331 775 3407 putamus,
799 3321 858 3386 tibi
880 3330 1031 3402 tanquam
1056 3321 1171 3384 viatori
1193 3324 1317 3386 luveam
1338 3321 1541 3389 ostendimus.
1583 3321 1621 3386 ld

312 3428 416 3510 ipsum
441 3427 514 3492 boni
539 3427 667 3492 consule
697 3432 729 3489 et
753 3442 814 3505 age
839 3423 1019 3506 prudenter,
1048 3424 1213 3506 presertim
1239 3424 1300 3488 hac
1327 3430 1529 3506 tempestate,
1556 3444 1620 3506 (pua

313 3529 494 3613 respublica
527 3527 811 3612 Erphnrdiensium
844 3527 875 3589 in
905 3545 1025 3589 summo
1053 3524 1236 3590 discrimine
1265 3523 1425 3590 unornane
1478 3525 1556 3592 Vale
1587 3535 1620 3591 et

195 3700 199 3708 ,
312 3651 370 3706 me,
394 3631 476 3714 quod
499 3631 588 3706 facis,
610 3649 692 3695 amu.

393 3733 440 3798 Xl
462 3733 621 3799 calendas
645 3731 760 3795 lunias.

383 3857 564 3905 Handschriftl.
582 3858 602 3903 P
622 3855 672 3905 28³
693 3857 734 3902 t'ol.
758 3852 951 3902 rtur-turo.

383 3958 394 3985 ²
414 3965 439 4009 F
450 3965 532 4022 louge.

1201 4042 1210 4076 r

312 4102 513 4113 ———

378 4189 388 4230 ¹
409 4190 574 4263 „Conradus
591 4188 766 4259 Widcliugk,
797 4185 972 4242 contubernii
996 4187 1080 4240 Purte
1106 4187 1158 4240 culi
1181 4189 1288 4260 collega
1311 4188 1447 4243 urediciuc
1472 4190 1618 4262 indagator

318 4281 347 4328 ct
367 4273 564 4328 baccalaureus
584 4268 806 4325 sollertissimus“
827 4275 913 4322 neunt
934 4267 982 4320 ibn
1004 4267 1048 4321 dic
1070 4266 1196 4322 Erfurter
1216 4268 1507 4324 studenteruuatrikcl.

375 4351 388 4392 2
410 4351 620 4423 Apostelgesch.
633 4350 679 4419 23,
692 4350 718 4403 3.

376 4430 390 4476 ³
410 4433 473 4510 Vgl.
486 4431 530 4486 Br.
542 4431 601 4488 365
622 4429 647 4486 S
660 4430 697 4486 23
720 4430 802 4484 Anm.
814 4429 839 4482 3.

863 4577 1064 4588 *—
