3625 5192
695 350 784 409 Briefe
803 352 923 409 Multisne
941 348 982 407 le.
1460 351 1490 407 hl

184 499 277 567 venio
307 503 564 568 commentarium
591 502 719 568 loannis
745 501 1014 569 l'nrriscrematel
1037 502 1219 585 cardinalis,
1240 503 1330 567 cuins
1350 502 1438 583 glore
1461 503 1494 567 iu

184 604 369 688 psalterium
390 612 422 669 et
443 604 506 669 alie
527 604 754 669 meditaeiones
780 606 1048 669 circumferuntur.
1096 604 1152 670 Est
1177 612 1282 669 antem
1311 604 1369 669 hee
1399 604 1493 668 inter-

185 708 322 791 pretatio
354 708 458 788 magis
486 707 637 789 religiosa
664 726 760 790 quam
785 706 886 787 culta,
920 706 1024 789 neema
1052 706 1186 772 verbosa
1219 726 1314 789 quam
1344 704 1495 785 cohibita,

186 809 273 873 utilis
286 816 408 874 stamen
423 810 477 893 pio
491 809 753 893 contemplatori·
793 808 865 875 Mox
884 810 1013 891 regulel
1034 810 1133 874 verba
1150 810 1283 892 attingo.
1325 810 1352 874 0
1374 826 1494 874 summe

187 906 288 987 Deus,
310 907 434 989 qualia!
476 907 695 987 sanctissima,
717 906 921 974 electissima.
962 910 1073 994 ltaque
1092 920 1123 976 te
1142 911 1307 991 admoneo,
1329 916 1363 975 ut
1384 909 1494 975 abbati

185 1007 359 1075 reverendo
379 1009 470 1075 dieas
490 1030 541 1075 me
559 1009 768 1095 persuadere,
792 1018 827 1075 ut
847 1018 934 1077 curet
955 1032 1025 1079 eam
1053 1016 1119 1080 suis
1147 1034 1166 1078 a
1194 1022 1226 1079 te
1256 1012 1491 1099 perlegendum.

187 1111 263 1175 Post
288 1132 348 1193 ego
373 1111 477 1177 saluto
497 1112 660 1178 Basiliam.
710 1112 771 1177 Hic
799 1120 834 1179 tu
857 1114 1016 1198 ausculta,
1042 1115 1119 1198 quid
1144 1116 1259 1181 dicam.
1306 1114 1496 1181 Bessarioni

188 1214 243 1278 ille
262 1214 463 1280 doctissimus
484 1214 566 1279 vixit
585 1214 627 1279 ad
648 1214 761 1279 Basilii
783 1217 924 1297 regulam
953 1226 985 1283 et
1006 1218 1172 1284 cenobium
1193 1218 1352 1296 illuderit,
1380 1217 1412 1282 in
1434 1235 1496 1297 quo

188 1315 346 1381 Basiliaai
371 1335 464 1398 grece
493 1315 603 1382 dicunt
630 1337 740 1400 preces
769 1318 913 1385 horarias
944 1328 977 1385 et
1001 1321 1145 1385 earmina
1166 1318 1322 1385 sacrificii.
1367 1318 1494 1383 Utinam

189 1418 376 1484 haberemus
396 1418 539 1504 scripta⁴
557 1419 771 1500 Bessarionis,
798 1439 858 1503 qus
879 1421 979 1487 molta
999 1429 1080 1487 sunt.
1122 1422 1182 1489 llic
1208 1428 1276 1489 erat
1301 1429 1382 1489 teste
1404 1420 1497 1485 Valla

190 1521 356 1586 latinomm
381 1520 586 1603 grecissimus
605 1530 638 1587 et
656 1541 820 1603 grecorum
846 1523 1063 1589 latinissimus.
1107 1524 1224 1607 Legem
1252 1542 1311 1607 ego
1331 1532 1496 1603 utramque

190 1622 330 1704 reguiam
357 1629 390 1687 et
416 1622 582 1688 Benedicti
610 1631 643 1689 et
670 1624 781 1689 Basilii
803 1633 835 1691 et
855 1626 995 1692 moribus
1016 1626 1188 1709 aliquando
1211 1627 1365 1693 seetabor.
1414 1625 1495 1690 Nam

190 1724 360 1807 Augustini
381 1730 414 1789 et
429 1724 593 1791 Francisci
622 1726 774 1808 dogmata
800 1727 880 1792 nihil
904 1747 1013 1794 moror.
1061 1730 1120 1810 Tu,
1149 1730 1202 1811 qui
1232 1736 1314 1794 totos
1335 1731 1401 1793 fere
1426 1727 1497 1791 dies

190 1845 261 1891 eum
281 1826 412 1891 Urbano
437 1847 490 1908 es,
514 1829 565 1893 fae
586 1834 620 1893 ut
640 1828 848 1895 Benedictum
868 1837 954 1895 amet
979 1850 1040 1896 non
1061 1832 1165 1897 minus
1186 1850 1280 1913 quam
1303 1829 1497 1895 Bernardum

190 1934 223 1992 et
251 1929 327 2011 qnia
357 1937 405 1994 est
437 1929 549 1997 houmb
569 1931 682 1997 fando‘
701 1932 915 1997 dulcissimos
945 1938 977 1999 et
1010 1932 1263 2014 affabilissimus,
1293 1932 1400 1997 stilum
1428 1950 1496 2015 pre·

191 2037 364 2198 parehvnt
396 2032 524 2097 tandem
553 2033 715 2116 utriusque
748 2034 848 2117 patris
878 2042 1096 2119 propugnator
1120 2042 1152 2101 et
1184 2034 1329 2100 laudator
1352 2032 1496 2117 publicos

212 2141 256 2199 at.
326 2134 402 2200 ule!¹

263 2257 443 2307 ilandsehrittl.
462 2258 536 2306 11'24
556 2260 597 2308 iol.
614 2259 775 2307 liv-lov.
845 2260 922 2314 (iedr,
941 2260 965 2308 b.
985 2260 1019 2307 Ta
1036 2260 1059 2309 S.
1076 2258 1184 2307 ts-at
1208 2274 1253 2307 con
1272 2258 1294 2303 0
1319 2258 1398 2317 Deus,
1424 2271 1496 2316 quom

193 2326 230 2373 ln's
248 2342 299 2373 eum
318 2328 435 2377 Schlersse.

264 2427 276 2454 ³
295 2434 328 2480 m
345 2449 390 2495 pro
410 2438 613 2495 contemplatore
693 2420 768 2482 lna
787 2438 820 2483 re
837 2439 927 2497 amr.
1003 2431 1013 2459 ⁶
1032 2438 1056 2483 r·
1069 2438 1111 2482 aar
1130 2435 1211 2496 sanor,
1237 2434 1284 2481 mn
1302 2432 1339 2479 er
1361 2433 1392 2479 m
1410 2432 1498 2491 ‚eure

192 2503 322 2561 empse
340 2505 377 2552 ra.
447 2488 549 2551 “aare
566 2506 604 2552 os·
623 2507 662 2552 r..

259 2727 268 2764 ¹
292 2732 431 2788 lohannes
452 2734 487 2787 de
506 2733 730 2806 Turrecremata,
750 2735 954 2793 Domiuikaner
975 2738 1031 2791 und
1051 2735 1185 2793 Kardiual
1208 2736 1238 2807 (ψ
1262 2733 1364 2803 lutet,
1389 2732 1499 2789 sehrieh

196 2829 222 2866 u.
242 2830 266 2867 a
288 2812 350 2868 cine
369 2813 531 2884 „Expositio
555 2833 638 2887 super
662 2821 722 2871 toto
743 2816 911 2885 Psalterio‚‘⁴
935 2816 981 2872 die
1006 2816 1118 2873 oftmals
1142 2815 1369 2887 hemusgegelren
1399 2814 1499 2867 wrrrde.

196 2892 259 2963 Vgl.
278 2892 364 2960 Haiu,
392 2893 585 2965 Repertorium
607 2894 656 2950 Nr.
673 2894 933 2950 resae-retes.
975 2896 1070 2953 L'eber
1097 2898 1172 2951 seina
1199 2896 1341 2966 solistigen
1361 2890 1500 2948 Schriften

196 2974 249 3044 agl.
272 2972 449 3031 Trithemius.
491 2975 535 3029 De
560 2976 742 3046 scriptoribus
768 2977 972 3032 aeclesiasticis.
1013 2977 1104 3049 Opem
1125 2976 1214 3030 Trith
1234 2974 1386 3029 Frankiurt
1413 2971 1501 3037 1601,

196 3053 220 3107 1.
241 3072 269 3125 p.
281 3053 349 3108 370.
367 3056 424 3108 und
444 3054 528 3125 Hain,
548 3056 617 3127 Rep.
640 3055 687 3110 Nn.
703 3056 844 3109 15719-
856 3056 962 3113 15728.

258 3128 434 3205 ²Expositio
452 3136 565 3207 regulae
585 3135 611 3189 S.
628 3136 781 3208 Benedicti,
801 3138 856 3209 agl.
878 3137 960 3208 liaiu,
980 3138 1048 3209 Iiep
1070 3136 1117 3191 Nn,
1132 3134 1390 3190 15734-1otse.

258 3208 447 3268 ³Der1403
473 3234 507 3272 au
530 3216 688 3287 'I'rapezunt
705 3218 845 3288 geborene
865 3216 1011 3273 Bessarion
1039 3236 1093 3273 war
1112 3216 1239 3289 Mitglied
1267 3217 1315 3271 des
1338 3214 1500 3269 Basilisncr·

196 3294 297 3349 ordene
317 3296 373 3348 und
396 3295 473 3349 hatte
492 3296 552 3351 sich
579 3296 607 3349 in
630 3295 734 3351 seinem
754 3298 869 3352 Kloster
895 3298 956 3353 cine
984 3298 1211 3370 ausgeaeiclmete
1236 3296 1361 3369 gelehrte
1380 3292 1502 3363 Biiduug

198 3374 347 3429 erworben.
397 3374 448 3429 Als
470 3376 659 3447 griechischen
686 3376 822 3432 Kardinal
850 3379 907 3432 und
936 3377 1102 3435 Embisehoi
1125 3396 1178 3432 von
1210 3376 1300 3431 Nialia
1323 3382 1378 3430 trat
1402 3392 1431 3428 er
1456 3391 1504 3426 mn

197 3454 379 3509 lateinischen
402 3455 507 3511 Kirche
527 3458 596 3512 iiber
615 3458 672 3511 und
693 3458 777 3512 uahm
799 3456 890 3513 fortan
914 3460 1036 3514 doucrnd
1057 3458 1151 3515 seinen
1170 3456 1319 3513 Wolmsitz
1345 3454 1372 3509 in
1394 3453 1503 3515 italien.

198 3553 240 3589 wo
260 3552 291 3588 er
316 3536 364 3590 das
386 3536 482 3607 Haupt
505 3538 562 3591 und
588 3539 636 3592 der
662 3536 831 3593 Besehiitzer
857 3539 906 3593 der
930 3556 978 3593 aris
1005 3539 1092 3593 ihrem
1121 3538 1287 3593 Vates-landa
1313 3534 1502 3607 geiliichteten

198 3615 391 3686 griechischen
413 3615 565 3672 Gelehrten
585 3618 685 3673 wrrnie.
726 3618 781 3672 Am
803 3618 920 3673 meisten
949 3621 1042 3674 werchs
1060 3618 1119 3673 sein
1137 3616 1230 3671 Ruhm
1252 3617 1340 3671 durrclr
1362 3613 1503 3669 Sammcln

200 3696 257 3748 und
283 3694 530 3752 Bahauntmachen
558 3698 746 3770 griechischen
771 3698 999 3756 Ilandschriftcn.
1048 3698 1130 3753 Scine
1158 3698 1269 3752 reichen
1304 3696 1502 3764 Sammlungen

198 3776 357 3831 vermachta
380 3795 410 3831 er
429 3778 478 3832 der
487 3776 567 3832 Starlt
581 3778 717 3851 Venedig.
759 3778 797 3832 Er
818 3780 895 3834 sturb
918 3778 1003 3837 1742.
1045 3779 1108 3851 Vgl.
1127 3778 1159 3831 tt.
1178 3778 1271 3851 Voigt.
1312 3776 1366 3831 Die
1379 3774 1503 3830 Wierler-

199 3855 341 3929 belebung
363 3858 411 3913 des
432 3858 510 3913 class.
531 3856 649 3913 Altcrth.
671 3858 709 3927 ll,
729 3857 755 3913 S.
768 3858 824 3912 126
832 3856 859 3914 ff.

259 3930 374 3992 ⁴Seme
395 3936 535 3993 Schriften
556 3938 617 3993 sind
635 3939 849 4009 harrptsiichiich
868 3939 1114 4012 philosophisehen
1127 3938 1241 3993 lnlralts.
1283 3936 1353 3991 Eine
1374 3932 1505 4007 Ausgabe

197 4016 343 4072 deraeibon
363 4017 490 4073 erschien
512 4018 589 4073 1503
610 4019 656 4073 bei
674 4017 770 4073 Aldus.
811 4020 861 4073 ihr
880 4019 956 4074 'litei
977 4022 1065 4075 lautet
1085 4016 1168 4088 (noch
1191 4017 1253 4072 dem
1274 4016 1437 4087 Exemplare
1459 4016 1506 4070 der

198 4096 324 4169 Herrogl.
347 4096 510 4153 Bibliothek
529 4100 558 4152 in
576 4093 695 4169 Gotha):
722 4100 800 4163 erae
820 4101 875 4155 hoc
897 4099 925 4152 in
954 4100 1095 4155 volumine
1121 4102 1280 4153 tractantur.
1328 4095 1506 4163 Bessarionis‚

199 4175 353 4232 cardinalis
372 4178 473 4233 Niceni
496 4186 525 4233 et
543 4180 720 4235 Patriarchne
742 4179 1042 4251 Constantinopolitani
1069 4177 1098 4232 in
1127 4178 1354 4233 calumniatorem
1380 4174 1506 4229 Platonis

199 4256 264 4311 libri
285 4265 416 4328 quatuor:
442 4276 511 4329 epus
531 4259 637 4314 sumtum
662 4278 694 4314 ac
720 4261 920 4317 doctissimum.
964 4260 1091 4314 Eiusdem
1123 4258 1258 4315 eorrectio
1285 4258 1417 4311 librorum
1444 4255 1507 4309 Pla-

200 4339 275 4391 tonis
294 4339 329 4393 dc
349 4339 460 4409 legibus
478 4339 600 4411 Georgia
611 4340 796 4411 'lhapezuntio
818 4341 976 4412 interprete.
1017 4340 1146 4393 Eiusdem
1169 4340 1202 4394 de
1224 4344 1320 4392 iratum
1340 4344 1368 4391 ct
1384 4343 1443 4391 arte
1462 4336 1507 4389 ed-

200 4436 293 4471 rersus
323 4420 442 4473 eundern
470 4420 685 4491 Trapcauutium
716 4427 850 4475 tractatus
875 4422 1080 4490 admodumque
1107 4426 1205 4474 acutus
1240 4436 1273 4473 ae
1299 4418 1403 4471 doctus.
1451 4416 1510 4469 Ani'

200 4498 263 4553 dem
284 4499 387 4554 lctaten
409 4499 514 4555 Blatte:
535 4500 663 4556 Venetiis
682 4501 711 4554 in
731 4501 845 4556 aedibus
866 4500 932 4554 Aldi
953 4500 1080 4571 Romani,
1101 4500 1184 4555 Iulio'
1197 4516 1290 4553 nrense
1310 4498 1339 4551 M
1354 4542 1359 4553 .
1373 4498 1400 4551 D
1412 4540 1418 4553 .
1431 4496 1481 4551 Ill.

755 4657 956 4668 ——u—

1270 4693 1307 4746 4*
