3625 5192
321 345 371 402 144
688 346 956 422 ¹(leschiehtsquolien
974 355 1023 411 der
1040 349 1115 411 Pron.
1135 354 1257 413 Sacbsen.

318 517 388 563 esse
410 498 511 582 legem
532 501 694 565 eternam?
736 503 868 584 Suspice
888 505 999 569 celum.
1042 506 1347 572 llliceteroofedere
1363 507 1479 590 sydera
1498 516 1626 576 servant

318 600 534 680 concordiam,
564 604 609 668 sol
639 604 712 668 lune
740 605 884 670 cursibus
914 627 976 670 non
1006 608 1201 684 obluctatur,
1235 628 1350 693 vesper
1378 629 1466 675 seras
1494 615 1627 677 nunciat

318 703 444 769 umbras
465 705 649 788 revehitque
670 705 754 772 diem
776 707 887 771 lucifer
907 709 1034 791 ulmum,
1056 729 1120 794 pax
1142 710 1301 776 elementa
1321 712 1405 794 regit
1425 721 1456 777 et
1478 717 1625 779 universo

318 806 434 870 mundo
456 806 654 890 planetarum
678 809 790 875 orhes³
811 811 857 876 sic
878 823 1058 892 versantur,
1080 820 1114 877 ut
1135 813 1195 878 oeli
1217 813 1412 880 harmoniam
1435 815 1625 900 divinosque

318 914 489 974 concentus
514 909 714 994 Pythagoras
746 920 941 977 commentus
972 914 1022 979 sit,
1070 914 1161 978 Hanc
1194 917 1297 999 legem
1330 924 1442 998 gentes
1473 919 1625 984 instinctu

319 1017 429 1076 nature
451 1012 572 1093 colunt,
600 1012 682 1078 hane
705 1013 821 1095 Moses,
843 1015 948 1095 Plato,
970 1017 1114 1081 Christus
1134 1016 1320 1090 docuerunt,
1344 1019 1401 1083 hec
1422 1020 1454 1082 in
1477 1022 1626 1086 cordibus

317 1118 434 1179 nostris
454 1121 503 1180 est
524 1116 709 1200 perscripta.
752 1115 831 1193 Quis
856 1119 940 1180 enim
964 1119 1086 1182 nesciat
1106 1120 1306 1183 concordiam
1333 1126 1365 1183 et
1385 1129 1524 1186 mutuam
1547 1126 1626 1188 cari-

318 1223 416 1281 tatem
437 1235 507 1282 esse
528 1216 671 1282 divinam
694 1225 725 1282 et
745 1227 888 1284 sanctam
910 1227 942 1284 et
961 1219 1030 1285 Deo
1048 1221 1261 1300 carissimam,
1289 1243 1383 1303 quom
1405 1223 1493 1288 Deus
1517 1226 1625 1290 omnio

319 1318 496 1384 moderetur
517 1319 628 1385 ordine
648 1327 734 1386 certo
755 1321 814 1402 ita,
844 1327 878 1384 ut
898 1322 978 1386 nihil
997 1321 1102 1388 obstet
1122 1324 1221 1403 alteri.
1262 1324 1309 1387 Ex
1330 1324 1391 1390 hae
1417 1334 1527 1390 eterna
1554 1326 1626 1409 lege

318 1419 482 1504 pontifices
501 1429 533 1486 et
553 1424 760 1506 imperatores
782 1424 1028 1490 constituciones
1055 1427 1197 1490 fecerunt
1222 1445 1284 1491 non
1308 1428 1436 1492 omnino
1457 1429 1572 1510 malas,
1598 1431 1626 1494 si

318 1522 443 1588 deesset
463 1525 668 1609 interpretum
691 1527 885 1609 malignitas.
929 1527 1011 1591 Nam
1023 1534 1055 1590 tn
1068 1527 1137 1612 ipse
1148 1529 1247 1592 sentis
1268 1548 1339 1592 esse
1359 1530 1459 1595 nralos
1472 1531 1626 1612 homines,

319 1625 373 1707 qui
404 1627 452 1691 sui
476 1627 673 1694 lucricausa
707 1634 834 1693 vertunt
854 1629 886 1692 in
909 1629 1032 1710 nigrum
1056 1628 1215 1694 eandidal
1241 1638 1273 1694 et
1301 1632 1384 1707 viles,
1409 1632 1564 1713 glosulas,
1592 1642 1626 1697 ut

320 1731 411 1793 lenus
433 1737 464 1794 et
485 1749 596 1795 usuras
617 1729 799 1810 defendant,
822 1730 1208 1813 imitanturrelinqueutes
1218 1733 1387 1815 equitatem
1409 1742 1441 1798 et
1461 1753 1625 1800 commune

322 1830 436 1896 bonum
466 1839 499 1897 et
528 1832 575 1897 ius
601 1832 757 1914 gentium,
785 1833 868 1913 quod
890 1854 911 1896 a
931 1852 981 1895 me
1000 1840 1083 1897 recte
1104 1834 1222 1898 dicitur
1248 1836 1298 1899 lex
1320 1841 1445 1916 eterna,
1474 1856 1568 1918 quam
1591 1840 1625 1902 in

321 1953 416 2018 opere
437 1934 642 2018 ephororumh
664 1935 827 1999 celestium
847 1942 879 1999 et
899 1936 1052 1999 annotavi
1073 1943 1105 2000 et
1125 1937 1264 2002 admiror
1286 1937 1450 2019 Deumque
1470 1958 1624 2003 summurn

320 2035 352 2098 iu
374 2036 429 2101 illo
458 2056 574 2119 magno
599 2056 638 2101 ac
662 2035 872 2120 pulcherrimo
902 2037 1210 2120 dispositissimoque
1234 2039 1351 2104 mundo
1377 2039 1570 2121 magnifacio
1595 2047 1627 2105 et

319 2157 388 2202 curn
412 2138 548 2204 ecclesia
568 2138 672 2204 laudo.
715 2139 778 2204 Sed
805 2146 838 2203 ut
859 2139 918 2204 tibi
939 2139 1076 2220 gratiam
1104 2160 1227 2222 quoque
1254 2142 1401 2219 referam,
1434 2161 1507 2206 nam
1529 2163 1626 2222 agere

320 2241 442 2322 gratias
463 2260 524 2305 nou
548 2239 680 2322 sufficit,
699 2243 810 2324 accipe
832 2261 936 2324 pauca
957 2242 1150 2307 munuscula.
1193 2243 1330 2307 Primum
1353 2244 1433 2307 scito
1454 2243 1624 2308 admodum

320 2343 429 2408 utilem
449 2363 573 2427 semper
591 2343 689 2408 fuisse
714 2350 745 2408 et
771 2361 841 2407 esse
870 2344 1083 2426 cognitionem
1110 2345 1257 2427 syderum
1287 2352 1319 2410 et
1344 2355 1431 2410 ortus
1458 2346 1625 2429 obitusque

319 2444 454 2528 triplicis
472 2446 643 2528 signorum.
683 2448 802 2510 Auctor
814 2445 958 2529 opusculi
977 2447 1226 2529 sepeLucauum
1246 2449 1334 2527 citat,
1354 2446 1429 2512 item
1454 2448 1625 2530 Vergilium

319 2553 351 2610 et
372 2546 533 2613 Ovidium.
582 2547 692 2612 Mittas
718 2548 894 2613 l’roclum2.
939 2548 1068 2614 Utinam
1095 2549 1212 2613 Aratus
1241 2568 1330 2614 meus
1355 2556 1387 2613 et
1408 2549 1568 2615 Maternus
1594 2557 1626 2614 et

318 2647 487 2714 Manilius⁰
509 2650 648 2714 redirent
669 2651 711 2714 ad
733 2651 805 2714 uos!
848 2649 1046 2730 Higinum‘ll
1071 2653 1151 2716 forte
1173 2652 1289 2733 legisti.
1330 2651 1410 2714 Mihi
1431 2653 1556 2716 animus
1577 2660 1626 2716 est

390 2755 538 2808 ahurbes.
591 2744 793 2820 bloperarum.
848 2753 938 2809 ⁰ru.
959 2763 991 2806 l'n
1009 2761 1124 2809 Manlius.
1177 2744 1297 2805 “Fami
1316 2761 1349 2805 'l'z
1364 2761 1473 2818 Miginur.

326 2897 420 2906 ---·-·-
439 2899 517 2906 --...-

669 2915 800 2972 Gclidum
822 2917 951 2972 Phoebes
972 2916 1089 2989 impedit
1106 2937 1184 2974 axem

670 2995 787 3069 Semper
806 2998 913 3053 vicibus
933 3001 1067 3068 temporis
1086 3001 1184 3069 nequis

668 3078 774 3149 Vesper
795 3097 867 3134 seras
888 3079 999 3134 nuntiat
1019 3080 1131 3134 umbrae

669 3159 841 3230 Reuehitque
863 3160 936 3214 diem
959 3159 1072 3214 Lucifer
1092 3159 1252 3215 almum...

384 3273 393 3314 ¹
416 3273 530 3330 luvenal
542 3273 593 3344 111,
606 3273 645 3326 30
663 3273 710 3344 qui
733 3275 842 3346 nigrum
864 3275 892 3330 in
915 3277 1032 3330 candido
1050 3283 1169 3331 vertunt.

378 3374 391 3416 2
413 3377 467 3432 Die
489 3377 550 3432 hier
576 3377 604 3430 iu
628 3376 703 3432 Rede
730 3379 882 3434 slehendeu
901 3378 1005 3433 Werke
1026 3397 1079 3434 von
1101 3379 1232 3447 Procius,
1258 3378 1372 3450 Aratus,
1401 3379 1544 3434 Matenrus
1566 3381 1622 3434 und

319 3459 449 3513 Manilius
469 3458 530 3512 sind
553 3457 581 3511 in
603 3458 656 3511 den
680 3457 756 3511 1499
779 3459 824 3513 bei
837 3459 927 3513 Aldus
946 3459 1143 3514 ersehieuencn
1156 3457 1309 3529 Scriptores
1322 3459 1501 3514 astronomici
1517 3468 1623 3514 veteres

319 3541 471 3594 onthclten.
513 3537 572 3592 Der
591 3537 667 3592 Titel
687 3540 736 3592 der
757 3537 921 3610 Sammlung
941 3540 1044 3594 lautet:
1065 3539 1129 3593 lulli
1150 3539 1263 3594 Firmiei
1278 3540 1535 3593 Astronomieorum
1559 3541 1621 3594 libri

318 3627 381 3674 octo
399 3618 509 3689 integri,
530 3625 558 3672 et
578 3635 658 3672 emen
673 3613 683 3692 il
699 3620 765 3690 dati,
786 3637 818 3674 ex
828 3619 966 3690 Scythicis
987 3620 1043 3674 oris
1062 3621 1097 3673 ad
1117 3639 1167 3674 nos
1188 3637 1277 3689 nuper
1295 3619 1373 3674 allati
1387 3615 1400 3692 M
1415 3619 1501 3674 Marci
1514 3620 1621 3674 llnuilii

318 3699 565 3753 astronomicorum
589 3699 652 3752 libri
682 3699 812 3770 quinque.
826 3695 841 3774 ΙΙ
880 3699 959 3753 Arati
981 3692 1191 3754 phaenomena
1205 3700 1370 3755 Germanico
1399 3698 1515 3754 (laesere
1540 3701 1623 3755 inter·

318 3789 395 3850 prete
417 3797 479 3833 cum
504 3797 564 3833 com
580 3773 592 3853 11
607 3780 750 3834 meutariis
772 3788 800 3834 et
821 3780 996 3852 imaginibus.
1010 3774 1024 3854 ΙΙ
1058 3780 1135 3834 Arati
1164 3781 1286 3835 eiusdem
1313 3781 1526 3851 phoenomenon
1549 3781 1623 3852 frag-

317 3867 443 3913 mentum
470 3859 564 3914 Murco
588 3859 622 3915 T.
650 3857 679 3913 G.
711 3861 869 3930 interprete.
889 3865 901 3932 tl
943 3860 1022 3914 Arati
1057 3860 1180 3914 eiusdem
1209 3860 1407 3915 Phaenomeua
1432 3860 1515 3916 Ruffo
1541 3861 1623 3916 Festo

317 3939 425 3994 Avieno
446 3935 658 4014 paraphrasten
693 3941 771 3994 Arati
799 3941 921 3996 eiusdem
950 3941 1147 3995 Phaenomena
1171 3957 1277 4012 graece.
1292 3938 1305 4010 ΙΙ
1340 3941 1463 3995 Theonis
1485 3945 1647 3996 commen·

317 4020 387 4075 buria
416 4019 606 4090 copiosissima
630 4021 659 4074 in
687 4019 765 4075 Arati
787 4021 901 4076 Phaeno
916 4015 929 4094 11
943 4038 1025 4075 mena
1050 4038 1156 4091 graece.
1171 4018 1184 4094 ΙΙ
1222 4022 1315 4075 Procli
1335 4022 1472 4076 Diadochi
1501 4021 1624 4092 Sphaera

317 4119 424 4170 graece,
440 4096 453 4175 ΙΙ
467 4101 559 4155 Procli
581 4100 703 4155 eiusdem
725 4100 856 4172 Sphaera,
876 4101 986 4156 Thomu
1004 4101 1124 4156 Linaero
1135 4101 1269 4156 Britanno
1291 4103 1446 4173 interprete.
1469 4099 1482 4177 11
1496 4103 1624 4156 Venetiis

319 4199 383 4235 eura
406 4188 433 4235 et
459 4181 605 4252 diligentia
625 4181 690 4235 Aldi
714 4181 792 4236 Rom.
812 4182 908 4237 Mense
933 4182 1039 4237 octobr.
1061 4181 1141 4235 MlD.
1163 4182 1220 4235 376
1234 4182 1265 4234 F.
1306 4183 1369 4253 Vgl.
1394 4182 1484 4249 Huin,
1511 4183 1623 4252 Repert.

318 4261 365 4316 Nr.
379 4261 474 4315 14559
497 4263 553 4316 und
574 4261 688 4327 Panzer,
709 4262 782 4319 Anu.
801 4261 1129 4334 Typogr.111,Nr.4e1.
1171 4262 1224 4315 Die
1245 4261 1370 4317 Get-haer
1389 4261 1553 4317 Bibliothck
1576 4264 1623 4316 he·

318 4342 381 4396 sitzt
402 4343 446 4396 cin
466 4341 613 4413 Exemplar
633 4343 722 4396 dieses
742 4342 977 4397 Sammclbandes.

379 4439 393 4484 3
415 4444 549 4516 Hyginus.
582 4445 716 4499 Poetieon
736 4445 922 4499 Astromicon.
960 4445 1021 4499 Auf
1045 4447 1094 4498 der
1120 4445 1244 4499 Gotlraer
1265 4444 1426 4498 Bibliotholr
1455 4444 1516 4498 eino
1545 4443 1622 4496 148‘2

318 4525 406 4579 duvou
420 4526 597 4579 erselrienene
611 4525 749 4596 Arungobe.
793 4525 926 4578 Dioselbe
947 4527 991 4579 bei
1004 4525 1086 4594 llnin,
1107 4525 1172 4594 Rep.
1195 4533 1275 4578 urrtor
1287 4525 1334 4580 Nr.
1346 4525 1432 4594 90112,
1454 4525 1497 4578 bol
1512 4525 1624 4597 l'auzcr,

318 4605 390 4660 Arrrr.
413 4605 532 4678 'l'rpogn
554 4606 605 4659 lll.
629 4613 709 4658 untur
730 4605 769 4658 Nr
798 4605 850 4658 591
876 4605 1044 4677 srrfgcfuihrt.
