3625 5192
297 340 349 393 264
676 339 935 408 Gescbichtsqnellon
954 339 1003 394 dor
1020 338 1094 392 Pron.
1116 338 1238 394 Sachsen
1333 381 1337 384 .

297 487 411 553 allicis.
454 486 531 551 Mihi
561 493 646 552 certo
674 495 766 568 grata
787 495 860 552 sunt
887 470 1001 552 mirum
1027 487 1060 552 iu
1086 487 1212 552 modurn
1239 494 1295 552 tna
1314 485 1418 550 nenia
1460 483 1606 549 Estuanti

298 609 367 655 meo
397 599 492 671 atque
521 588 623 653 arenti
649 589 811 654 stornacho
842 597 874 653 st
900 589 1089 654 vernaculas
1124 590 1225 669 dapes
1251 585 1428 653 fastidienti
1459 588 1544 651 airas
1575 593 1608 650 et

298 709 468 774 generosas
494 709 571 755 aves
593 691 814 755 subministras
835 697 866 756 et
885 691 1040 774 agrestis·
1061 689 1213 754 urbanam
1235 708 1345 754 cenam
1367 688 1510 773 opiparis
1531 706 1606 773 opu-

299 795 402 858 lentas
433 791 580 857 leuticiis.
626 791 693 856 Rex
723 791 777 856 ille
804 791 924 857 Xerses
951 785 1066 874 aquarn
1090 791 1237 855 munibus
1262 791 1408 854 haustam
1438 811 1459 854 a
1491 789 1607 855 rustico

298 895 433 960 libenter
460 894 594 978 accepit.
643 893 714 975 lpse
740 893 831 974 qnasi
859 892 966 958 inlinre
991 895 1085 957 sortis
1105 891 1245 956 hlusardi
1267 892 1331 956 urei
1351 911 1463 956 munus
1483 891 1516 955 in
1537 909 1609 956 meo

299 1016 396 1079 regno
423 1015 484 1060 non
508 995 581 1061 boni
608 994 790 1060 consulam?
841 995 904 1059 Sed
933 995 1131 1059 contradicat
1156 995 1273 1076 aliquis
1294 992 1335 1057 de
1355 995 1470 1076 gregel
1492 993 1608 1076 Pytha-

298 1118 481 1181 goreorum:
504 1097 630 1162 Siccine
650 1097 709 1162 das
729 1096 859 1162 obsonia
878 1097 1019 1161 hlutiauo
1042 1104 1191 1179 tanquarn
1215 1096 1390 1178 liguritori⁶
1412 1103 1443 1160 et
1463 1093 1609 1179 cupediis

301 1200 546 1284 pontificumque
581 1199 669 1263 cenis
702 1197 856 1262 addicto?
904 1199 1028 1283 Popina
1059 1199 1199 1280 ganeoni
1233 1197 1415 1278 lurconique
1452 1191 1608 1263 convenit.

299 1301 510 1386 Philosophus
532 1299 744 1383 frugalitatem
782 1309 875 1364 amat.
926 1300 1033 1378 Quid?
1079 1300 1192 1365 Nonne
1226 1299 1311 1381 apud
1347 1299 1518 1364 Ovidium¹
1553 1318 1609 1364 esu

299 1405 440 1470 caruiurn
457 1402 647 1476 mortalibus
669 1401 868 1484 Pythagoras
888 1400 1076 1466 interdixit?
1118 1402 1230 1466 Nonne
1253 1409 1323 1483 post
1343 1419 1471 1466 auream
1492 1408 1609 1466 etatern
1646 1404 1651 1414 ‘

301 1507 463 1570 inventnnr
484 1513 532 1569 est
553 1503 662 1586 autore
686 1503 849 1585 Vergilio2
870 1511 999 1586 captare
1025 1505 1109 1567 feras
1134 1510 1166 1566 et
1184 1503 1294 1566 tallere
1314 1504 1423 1568 visco?
1462 1503 1612 1568 Preterea

302 1609 382 1672 ultro
410 1607 549 1688 citroque
570 1624 691 1670 sursum
716 1602 862 1668 deorsum
884 1605 1050 1668 nrittuutur
1078 1604 1221 1687 epistole.
1264 1603 1363 1680 Quasi
1390 1624 1464 1669 vero
1485 1606 1611 1669 nescias

302 1705 459 1774 timendos
479 1727 549 1773 esse
572 1725 692 1772 munros
710 1714 741 1770 et
762 1725 878 1788 osores,
901 1707 1091 1771 eruditorum
1107 1705 1271 1790 phratnres
1290 1705 1368 1770 istos
1387 1700 1609 1790 βωμολόχουςᾱ,

302 1812 355 1893 qui
382 1816 489 1875 vestra
514 1809 621 1874 studia
641 1815 824 1893 pervertunt
846 1813 878 1871 et
898 1807 1028 1890 obliqua
1049 1807 1082 1871 in
1105 1827 1161 1872 uos
1182 1809 1268 1871 dicta
1289 1807 1485 1889 detorquent.
1528 1808 1611 1890 Ergo

303 1913 400 1994 igitur
419 1903 504 1994 δηρὸν
525 1903 673 1992 βουλεύειν
692 1909 744 1970 καὶ
764 1900 889 1970 σπεῦδεὲ
911 1901 1214 1993 βραδέωςῐεκεωρίο
1234 1909 1339 1988 Fabii,
1358 1909 1450 1974 ducis
1465 1909 1609 1975 Romani.

302 2014 384 2079 Huic
412 2013 598 2078 relbtacioni
619 2031 659 2076 ne
678 2009 782 2076 cedas.
825 2012 852 2074 N
858 2033 907 2075 arn
931 2011 1014 2094 quod
1036 2011 1080 2075 ad
1101 2029 1212 2075 rnunus
1233 2012 1363 2089 attinet,
1395 2003 1495 2085 ξενίων
1514 2007 1610 2095 topho

302 2111 433 2196 ἄριστος,
467 2113 522 2178 sed
543 2113 626 2195 quod
648 2112 691 2177 ad
706 2112 835 2191 litarat,
856 2107 995 2195 αἰσχρὸνις
1015 2116 1139 2172 σιωπᾶν.
1181 2112 1283 2176 Nemo
1304 2113 1404 2192 euim,
1432 2120 1466 2176 ut
1487 2113 1610 2194 ἰιηυίῑ8

301 2217 492 2290 Ausonius³‚
515 2216 612 2280 silens
635 2213 763 2298 placuit
804 2213 893 2280 Vale.

371 2337 553 2385 senadern.
563 2337 582 2382 u
594 2335 643 2383 ara
664 2337 705 2384 ror.
719 2335 798 2383 rsov.

372 2431 428 2490 ²1⁴³
440 2443 548 2504 agriustia.
628 2425 788 2502 ngrngro.
869 2434 1061 2501 clr'liguritor.
1144 2425 1372 2504 “stupetque
1455 2437 1467 2461 ⁰
1489 2436 1609 2490 Νπεῦδε.

305 2499 357 2560 ‘1⁴'
372 2507 503 2577 βραδέωος.
575 2504 632 2558 ‘It'
647 2501 745 2574 αἰσχὶν.
1028 2527 1035 2538 ·

947 2597 1059 2604 -——-·

302 2679 380 2750 190.
404 2677 448 2749 ll.
470 2697 515 2744 an
537 2677 717 2746 llerebord
731 2677 994 2749 r.d.llurtbon.
1180 2676 1402 2748 cotheleia.
1425 2678 1607 2759 Augusti.

373 2803 435 2851 blut.
452 2804 540 2850 sentiet
561 2804 616 2850 dem
637 2803 765 2850 llerobord
782 2816 806 2850 v.
818 2803 967 2850 dllsrthen
988 2803 1066 2849 Versa
1085 2803 1147 2849 iiber
1169 2803 1216 2848 den
1236 2800 1386 2861 pldtalichen
1405 2801 1458 2847 Tod
1477 2801 1520 2848 des
1541 2802 1609 2862 Vigi-

302 2873 397 2920 lantius
417 2873 467 2919 und
486 2875 626 2934 verspricht
646 2874 686 2920 boi
705 2874 828 2920 Biermost
847 2873 887 2919 die
906 2873 1043 2920 arbeteneu
1064 2869 1175 2920 Schritte
1193 2887 1223 2918 au
1242 2873 1313 2918 thun.

384 2971 670 3052 l’regloriosissinro
697 2972 801 3052 legum
823 2971 978 3050 omniurn,
999 2978 1064 3034 tam
1085 2969 1212 3035 Cesaris
1233 2988 1327 3051 quarn
1350 2968 1517 3051 pontilicis,
1537 2969 1608 3034 doc

303 3072 382 3136 toril
407 3071 642 3150 llerebordo,
665 3091 733 3136 nree
755 3091 874 3135 sunnine
890 3071 1122 3150 donninaciouis
1142 3071 1333 3155 imperatori.

384 3177 414 3238 ὃ.
458 3173 634 3239 Cont'udisti
661 3194 728 3252 rue,
760 3173 844 3255 quod
868 3174 1041 3255 scripseras
1068 3172 1265 3237 interlectunr
1295 3171 1326 3235 in
1350 3172 1499 3236 Balearis
1521 3173 1609 3254 Vigi-

303 3275 475 3355 laneiunri,
500 3283 594 3358 atquc
617 3276 661 3338 ita
681 3276 884 3340 contristatus
906 3274 1035 3356 nequivi
1057 3295 1174 3338 nrorern
1195 3274 1254 3338 tibi
1273 3294 1400 3356 gerere,
1428 3293 1608 3356 quanquam

302 3387 334 3440 et
358 3378 424 3442 alia
444 3397 494 3442 res
516 3377 740 3463 impedimento
764 3378 831 3442 l'uit.
872 3376 1023 3441 'l'estatus
1043 3396 1111 3441 suun
1135 3395 1286 3441 rnerorenr
1308 3375 1460 3440 subitario
1483 3377 1523 3451 ad
1543 3377 1608 3441 via-

303 3488 387 3544 tores
412 3479 613 3564 epithaphio,
643 3480 725 3560 quod
757 3478 830 3542 duur
861 3479 987 3545 stacius
1017 3487 1089 3544 tuus
1122 3487 1303 3561 properaret
1334 3477 1542 3546 descensurus
1574 3479 1606 3542 in

258 3575 262 3592 '
302 3581 427 3660 Valles,
455 3581 551 3646 ell'udi
574 3581 793 3665 potiusquam
815 3583 934 3666 peperi.
976 3581 1093 3645 llatunr
1115 3587 1163 3645 est
1184 3580 1318 3658 Petreio,
1343 3580 1446 3644 sodali
1467 3588 1536 3662 tuo,
1561 3583 1607 3646 rei

303 3682 401 3746 latine
423 3681 552 3746 vindici.
595 3682 649 3746 Sic
670 3681 774 3761 habet,
795 3683 858 3747 nisi
878 3703 927 3748 rne
948 3683 1039 3748 l'allat
1060 3681 1243 3765 phantasia:

366 3921 376 3963 ¹
399 3925 641 3996 Metarnorphoseu
653 3927 715 3995 XV,
733 3927 769 3980 75
782 3957 806 3966 -
823 3927 869 3980 ab.

366 4001 380 4044 ²
401 4005 501 4076 Georg.
518 4005 541 4073 l,
562 3999 741 4061 139—140:
774 4006 845 4061 Tuus
871 4007 979 4077 laqueis
1005 4013 1116 4077 captare
1142 4007 1214 4061 feras
1235 4015 1263 4061 et
1285 4009 1381 4064 fullero
1404 4009 1480 4065 visco
1507 4010 1607 4065 luven-

302 4091 361 4140 turn
383 4092 412 4140 et
433 4103 547 4156 magnos
568 4087 683 4142 canibus
704 4088 873 4142 circumdare
894 4087 986 4140 saltus.

363 4159 378 4204 ³
398 4163 517 4219 Ausonii
529 4167 661 4237 epistolae
673 4167 778 4237 XXIV,
789 4166 835 4221 tl.
867 4165 956 4221 Neruo
971 4166 1055 4220 silens
1071 4167 1185 4236 placuit,
1205 4168 1285 4221 inulti
1298 4169 1432 4224 brevitate
1444 4171 1586 4240 loquendi.

365 4241 381 4284 4
401 4245 455 4299 Die
476 4244 619 4302 fcierliche
640 4247 903 4318 Doctorpromotion
926 4248 974 4302 des
994 4246 1138 4301 Herebord
1153 4265 1178 4299 v.
1194 4248 1221 4304 d.
1238 4247 1364 4303 Martheu
1390 4250 1458 4306 faud
1485 4257 1542 4305 erat
1561 4269 1605 4306 auu

304 4325 329 4378 8.
341 4323 499 4380 November
510 4325 587 4380 1512
603 4333 669 4382 statt
685 4327 803 4398 iuglssr.
818 4325 897 4392 223l,
918 4326 991 4381 wohl
1010 4326 1078 4381 aber
1097 4327 1174 4381 hatte
1194 4339 1225 4382 er
1238 4327 1300 4382 sich
1320 4329 1358 4383 irn
1368 4329 1496 4384 Sommer
1517 4331 1607 4386 dieses

302 4405 402 4539 «Pignera
409 4405 579 4539 l(illegitime
601 4407 677 4462 eines
691 4406 845 4462 Liceuciati
863 4406 932 4461 iuris
952 4405 1095 4476 utriusque
1108 4407 1264 4502 verschafft.
1297 4409 1358 4480 Vgl.
1370 4410 1456 4465 Liber
1468 4411 1605 4466 rationum
1629 4469 1645 4508 ο

334 4503 358 4538 .·
392 4503 428 4541 0·
506 4504 527 4541 Γ,
1729 4507 1738 4520 .

362 4557 377 4605 ⁶
397 4565 462 4638 Vgl.
484 4565 554 4621 iiber
573 4567 622 4620 ibn
643 4563 688 4620 Br.
703 4566 760 4620 164
781 4565 807 4622 S.
819 4566 877 4620 235
898 4565 982 4624 Anuu
996 4567 1021 4621 l.
