3625 5192
659 352 746 408 Briefe
765 351 884 408 Matiana
908 353 964 408 128.
984 353 1042 408 124.
1455 353 1506 405 lib

197 499 317 567 Vellem
349 519 411 566 non
448 499 494 566 ita
529 500 709 585 desiperetl
745 502 838 567 horno
869 503 1039 584 literatum,
1070 503 1283 568 amicissimus
1308 510 1341 567 et
1372 502 1503 584 integer.

110 603 114 610 ’
196 603 308 668 Trahit
342 604 386 668 ad
418 622 453 668 se
485 609 598 688 sponte
629 625 765 685 angores
799 613 949 687 tanquam
981 607 1082 672 nubea
1112 606 1218 670 ueniae
1248 625 1311 669 non
1339 605 1442 687 magia
1469 622 1504 668 ee

194 726 315 784 merore
335 704 531 771 confundens
551 726 646 789 quam
669 727 726 772 nos
748 714 974 773 ooueectaneoa
995 707 1174 789 egritudine
1189 709 1387 772 contristans.
1430 705 1503 770 Diei

195 828 256 872 nou
283 814 401 893 potest,
431 815 623 892 quantopere
646 828 703 874 noe
724 809 914 876 delectarint
939 811 993 876 ille
1020 816 1072 874 tue
1098 811 1199 874 litere.
1238 808 1328 874 Nibil
1354 810 1505 893 ineptum,

195 910 275 976 uihil
295 911 391 990 iul'ra,
425 909 505 975 nibil
526 929 622 995 supra
646 911 770 976 modom
794 913 948 987 exarasti,
981 911 1127 976 absoluta
1153 918 1226 976 eunt
1254 913 1371 976 omnia.
1410 910 1505 975 Nuda

196 1012 314 1077 veritae
336 1019 456 1078 remota
478 1021 566 1078 reete
591 1013 816 1080 blanditiarum
844 1015 1013 1098 amabilem
1040 1014 1089 1078 ani
1111 1013 1242 1078 turmam
1268 1013 1406 1080 exhibet.
1449 1014 1505 1078 Sic

195 1114 328 1179 investis
348 1113 535 1195 virguncula
555 1114 662 1181 liorem
684 1117 778 1180 etatis
800 1124 895 1181 exuta
916 1117 1024 1181 tunica
1043 1115 1250 1200 spectandum
1272 1115 1398 1199 prebet,
1419 1116 1503 1198 quod

194 1215 409 1300 spectaculum
434 1215 608 1282 inflammat
628 1218 829 1302 penitissima
841 1219 1007 1301 precordia
1018 1219 1112 1301 louge
1134 1217 1262 1300 quidem
1277 1217 1505 1298 vehementius,

193 1338 287 1401 quam
322 1319 349 1382 ai
383 1324 414 1382 te
446 1319 552 1384 fucata
583 1319 658 1384 Laia
691 1321 859 1385 matronali
893 1321 975 1386 stola
1008 1321 1187 1404 mundoque
1218 1318 1304 1386 culta
1329 1320 1503 1403 preteriret.

193 1420 319 1484 Etenim
349 1419 381 1484 in
410 1420 482 1505 ipsa
503 1421 602 1486 Laide
630 1422 744 1503 (lrouor
769 1423 811 1488 sit
832 1409 974 1500 auribus)
996 1423 1075 1488 locis
1104 1425 1263 1507 pruriunt,
1289 1422 1418 1488 sordent
1443 1423 1503 1504 ale,

193 1542 313 1588 cunnus
341 1522 405 1587 olet
426 1529 584 1589 nauteam.
626 1525 662 1588 ln
692 1525 825 1609 puellari
848 1525 1033 1609 corpusculo
1055 1524 1133 1590 nibil
1155 1532 1217 1601 eat,
1244 1526 1293 1590 vel
1320 1524 1404 1607 quod
1425 1524 1503 1590 deli-

193 1631 297 1690 eaturn
322 1624 471 1690 offendat.
522 1625 664 1691 lucunde
691 1635 896 1693 numerantur
925 1629 1105 1692 Catulliana
1135 1629 1259 1692 basiat.
1302 1627 1502 1693 luberentenu

193 1727 371 1792 cervicibus
402 1727 553 1793 intactam
585 1730 737 1793 amasiam
768 1729 906 1794 libenter
935 1736 1070 1810 tractas,
1107 1737 1251 1795 amanter
1276 1731 1503 1814 complecteris,

193 1828 379 1895 aridissime
400 1830 588 1915 comprimis,
630 1831 712 1896 Huic
730 1831 885 1916 voluptati
903 1832 1019 1897 cedunt
1033 1851 1153 1898 mercer
1164 1831 1362 1897 et'auctaria
1376 1832 1503 1897 domine

194 1938 361 1996 ceromate.
403 1931 481 2011 Quia
501 1940 604 2000 autem
628 1933 793 2017 epistolam
817 1939 903 1998 tuam
916 1953 978 1999 nou
995 1941 1125 2000 censeat
1146 1953 1216 2000 esee
1238 1934 1401 2015 mellitam,
1422 1934 1503 1998 inta-

192 2034 353 2109 minatam,
377 2053 497 2118 puram,
519 2042 636 2118 putam,
660 2055 754 2118 quum
768 2037 897 2101 omnino
909 2044 999 2100 easta
1009 2037 1053 2102 ait
1063 2037 1216 2119 latinitas,
1240 2043 1368 2102 sanctus
1384 2035 1504 2100 candor

192 2135 433 2218 sententiarum,
455 2137 680 2221 conspicabilia
691 2137 889 2221 disposicio?
931 2138 1013 2202 Nam
1035 2140 1103 2204 eive
1123 2159 1174 2204 rue
1193 2138 1337 2205 mandati
1353 2141 1399 2204 tui
1420 2159 1503 2203 conr·

193 2257 317 2319 moneo,
338 2240 624 2305 niveamnaoteraa
648 2241 838 2304 sciolorum³
861 2240 1013 2305 lectiones
1033 2242 1181 2322 vellinae,
1208 2242 1276 2306 eive
1297 2259 1347 2306 me
1365 2241 1503 2305 consulis

192 2337 232 2403 de
252 2359 346 2420 greco
367 2347 558 2425 preceptore,
581 2341 705 2406 videtur
726 2341 826 2406 Mueie
847 2361 918 2406 eam
933 2342 1128 2408 dictantibus
1141 2349 1284 2428 excepta.
1326 2343 1396 2425 ugo
1417 2363 1501 2419 vero,

193 2459 233 2506 ne
255 2444 382 2524 longum
404 2443 530 2524 luciam,
555 2451 617 2508 uon
642 2444 780 2509 conabor
800 2444 892 2526 paria
907 2446 1031 2522 reterre,
1053 2446 1110 2512 sed
1132 2446 1250 2528 rudius,
1271 2447 1374 2512 amice
1396 2451 1502 2510 tumen
1541 2501 1546 2509 .

190 2544 309 2610 dicam:
339 2545 498 2612 Mandasti
526 2547 631 2626 nobie,
659 2547 703 2610 mi
731 2545 876 2626 Urbane,
901 2554 940 2610 ut
963 2547 1136 2612 senetiouia
1164 2548 1284 2628 gradun
1311 2550 1343 2615 in
1364 2547 1500 2631 Erplrur-

190 2647 297 2713 diarria
327 2647 462 2713 edibue⁴
494 2650 608 2714 vestris
641 2649 699 2714 tibi
732 2648 946 2730 assignandos
977 2670 1138 2731 curarem,
1172 2650 1286 2732 quibua
1316 2657 1350 2714 tn
1381 2649 1501 2714 relictis

262 2765 273 2792 ³
293 2773 325 2817 Tu
345 2773 460 2819 literatus
479 2778 504 2818 ot
523 2773 693 2820 amicissimus.

193 2906 393 2914 m-

253 2991 262 3032 ¹
285 2993 348 3065 vgl.
369 2993 414 3049 Br.
431 2993 575 3054 122123.

251 3069 264 3113 ²
286 3073 335 3129 Bei
358 3071 449 3129 Gatnll
469 3075 501 3143 V,
516 3075 624 3128 7-13
645 3075 733 3130 hciaat
754 3091 798 3130 ea:

541 3177 586 3232 Da
607 3178 676 3231 milri
699 3178 776 3232 baala
797 3177 882 3248 mille,
903 3179 1002 3234 deinde
1025 3185 1146 3250 centurn,

491 3257 564 3312 Dein
584 3258 661 3313 mille
680 3259 775 3329 altera,
797 3259 861 3314 dein
882 3261 1005 3314 secunda
1025 3267 1146 3327 centum,

491 3338 601 3392 Deinde
621 3357 708 3409 unque
732 3339 819 3393 altera
839 3339 926 3406 mille,
945 3340 1046 3394 deinde
1066 3348 1188 3400 centrum.

493 3418 566 3472 Dein
587 3437 650 3474 curn
673 3419 750 3474 milia
771 3419 858 3474 multa
879 3418 1037 3489 fecerimus,

492 3496 727 3554 conturbabimur
749 3499 805 3569 ilia,
826 3517 860 3553 ne
881 3500 1001 3555 aciamus

492 3579 551 3633 Aut
571 3597 605 3634 ne
627 3579 689 3650 quis
709 3580 797 3634 malua
817 3580 940 3635 invidere
961 3581 1057 3652 possit,

492 3656 561 3713 Crrrn
580 3667 689 3714 tanturn
711 3660 780 3714 sciet
800 3678 859 3716 esse
880 3660 1028 3716 basiorum.

252 3761 373 3818 uremur
393 3745 561 3832 inspuerenu'
574 3767 636 3833 ugr
654 3761 763 3816 uarum
785 3761 835 3818 xr.
854 3763 880 3818 o.
899 3762 1039 3816 14-17:

545 3863 591 3918 Da
610 3882 684 3919 nrrnc
705 3864 790 3934 busin,
810 3866 857 3919 aed
878 3862 1044 3920 Catuulliana.

492 3943 569 4008 Quae
591 3945 614 3998 si
632 3951 674 3998 tot
695 3945 808 4018 iruerint,
829 3947 903 4015 quod
924 3946 971 3999 ille
992 3946 1069 4010 dixit,

489 4025 601 4080 Danubi
623 4025 675 4079 tibi
697 4041 834 4095 parcerem
856 4024 967 4081 Catulli.

248 4118 263 4162 ³
283 4124 341 4180 Der
361 4126 507 4198 lueipaiger
528 4126 713 4182 Professoren.
1030 4195 1034 4204 Ι

247 4197 260 4241 ⁴
282 4203 337 4260 Die
356 4207 483 4262 Erlrrrter
504 4207 655 4279 Beeitznug
674 4205 886 4278 Georgontlrule‚
906 4210 1105 4282 gumuinigliclr
1129 4212 1178 4266 dcr
1198 4211 1419 4285 tieorgcnthaler
1440 4213 1500 4269 Hos

188 4293 320 4356 genennt,
341 4287 386 4359 lag
403 4287 433 4341 in
452 4289 500 4343 der
520 4288 651 4358 heutigen
664 4287 938 4344 Mainzerhotrtruesc
961 4290 1019 4360 lNr.
1031 4291 1118 4362 2108,
1140 4293 1212 4346 nach
1223 4293 1359 4366 Hartnng‚
1377 4294 1497 4349 Hauser-

185 4363 317 4436 chronik)
349 4368 439 4423 neben
473 4369 536 4422 dero
563 4367 685 4422 Mainner
716 4368 796 4422 Hofu.
837 4369 892 4424 Die
923 4371 1059 4426 Gebiiude
1090 4373 1225 4427 brannteu
1261 4373 1337 4428 1472
1367 4375 1497 4446 ginaliulr

188 4443 297 4514 nleder,
325 4449 380 4502 und
409 4449 458 4502 der
478 4449 537 4503 Abt
558 4447 690 4502 Nicolaum
720 4449 784 4502 liena
806 4468 861 4503 nun
890 4450 934 4503 ein
955 4469 1064 4523 gromen
1093 4453 1244 4507 ateiuerncs
1268 4453 1346 4509 Hans
1375 4455 1497 4510 daaelbet

185 4524 333 4660 partiam,
355 4529 404 4584 dae
423 4537 478 4584 erat
501 4530 528 4582 in
551 4545 649 4583 unaern
669 4529 764 4599 'l'agen
787 4529 957 4602 abgetragen
979 4533 1078 4587 wurdc.
1119 4533 1188 4588 Eine
1200 4534 1331 4589 lunclrrift
1352 4537 1496 4590 desselben

214 4621 232 4658 u
262 4613 302 4662 te:
