3625 5192
563 359 652 414 Briele
672 359 792 414 Mediana
810 359 869 414 tul.
890 359 950 414 492.
970 359 1029 414 493.
1047 358 1108 412 lul.
1200 443 1203 450 γ
1434 359 1485 414 153

185 507 265 591 perii
283 507 486 574 Tironinum1
504 515 588 574 recte
602 508 745 573 nominat
761 510 928 588 scotinum,
948 509 981 572 id
997 516 1055 589 est,
1070 510 1310 574 tenebricosum.
1342 508 1491 575 Hortatur
1524 511 1527 518 “

185 616 217 672 et
247 615 366 682 mouet.
399 617 433 674 ut
461 616 669 675 commeatum
699 617 731 673 et
763 611 874 694 copias
907 611 939 674 in
975 610 1207 699 profligandum
1237 609 1360 682 ¹bostem
1387 631 1489 694 pares.

187 711 254 791 Ego
279 730 354 778 vero
380 711 545 798 consilium
568 713 727 778 maiestati
751 719 804 778 tue
825 711 933 776 datum
952 732 1013 776 non
1036 713 1194 797 improbo,
1216 731 1395 796 quanquam
1417 733 1491 778 cou-

184 813 297 876 sultins
323 812 471 877 rideatur
501 813 686 894 connivere,
714 820 748 878 ut
774 814 899 886 iuterim
928 834 1019 896 reges
1045 813 1147 880 solent
1173 816 1328 879 latronum
1357 815 1492 882 insultus

186 921 431 980 contemnentes.
486 915 569 1002 Nam
600 916 699 980 Indus
736 916 867 998 elephas
900 917 1031 982 culicem
1060 917 1280 1001 publicemque
1306 936 1368 980 nou
1402 918 1492 982 timet

184 1035 287 1098 neque
313 1016 363 1082 leo
382 1037 523 1085 muscas.
570 1018 723 1098 „Nobilis
751 1020 782 1083 in
810 1037 937 1084 muscas
962 1039 1023 1083 non
1051 1019 1126 1083 l'urit
1146 1039 1201 1084 ore
1222 1019 1319 1098 leo,“‚
1334 1025 1369 1082 ut
1388 1019 1491 1100 inquit

185 1118 324 1183 lascivus
351 1121 473 1202 poetat.
529 1119 641 1184 Verum
676 1121 807 1202 gravius
838 1129 930 1203 urget
963 1120 1092 1201 bellum,
1132 1122 1181 1186 cui
1212 1121 1275 1186 nisi
1303 1120 1490 1186 Herculeum

186 1219 282 1284 robur
303 1221 503 1302 opposueris,
531 1229 636 1285 actum
664 1221 704 1285 do
733 1228 763 1285 te
792 1229 827 1286 et
848 1221 1159 1306 imperioiudicabo.
1203 1224 1293 1304 lutus
1312 1229 1360 1286 est
1381 1223 1490 1302 hostis,
1576 1219 1577 1222 ’

184 1321 376 1386 domesticus
403 1309 566 1403 grassator
592 1324 731 1405 iugulum
758 1325 882 1408 impetit
910 1333 942 1389 et
972 1333 1021 1406 tu,
1048 1344 1109 1406 que
1136 1333 1191 1389 tua
1216 1331 1266 1388 est
1286 1326 1439 1389 securitas
1460 1332 1492 1389 et

185 1423 391 1506 simplicitas,
421 1424 540 1490 dormis
560 1425 592 1488 in
619 1432 771 1507 utranque
800 1446 908 1490 aurem
933 1427 1058 1492 ociosus
1083 1445 1184 1507 neque
1210 1426 1309 1491 sentis
1336 1426 1489 1491 irudinem

187 1525 237 1589 rel
262 1527 369 1609 potius
392 1527 512 1591 lernam
533 1528 696 1592 malorum.
737 1527 993 1608 Dulce'malnm,
1013 1527 1163 1594 del'crmis
1184 1528 1348 1608 illecebra,
1368 1530 1490 1610 grando

184 1615 410 1692 et'oalar'nitas
437 1639 528 1712 poete
556 1649 640 1693 uxor.
683 1631 727 1694 De
750 1649 813 1710 qua
840 1639 905 1694 tam
933 1631 1076 1714 copiose,
1103 1639 1167 1696 tam
1196 1629 1343 1696 ardenter
1363 1630 1491 1714 scripsit

185 1729 311 1808 Cultus,
336 1738 370 1796 ot
391 1733 622 1814 concerpscrim
650 1732 811 1814 epistolas.
854 1733 938 1810 Quid
960 1733 1088 1798 multis?
1130 1731 1357 1796 lnflanrmatior
1375 1732 1439 1796 init¹
1456 1731 1488 1796 in

183 1831 381 1913 obiurgando
402 1852 496 1913 quam
525 1852 591 1912 ego.
635 1833 789 1898 Mirantur
810 1853 934 1909 omnes,
957 1853 1018 1916 qua
1041 1833 1162 1898 ratione
1184 1835 1286 1916 possis
1308 1842 1373 1898 tam
1394 1853 1488 1898 nasu-

184 1940 259 2012 tam,
281 1944 345 1998 tarn
367 1934 470 1998 lurore
489 1943 520 1998 et
540 1934 642 2000 nracie
663 1937 838 2000 contectam
861 1955 976 2000 amare.
1020 1935 1090 2008 Hei,
1113 1935 1183 2012 heu,
1199 1933 1278 2014 ,ohel
1316 1934 1492 2020 Hucaddo,

184 2035 267 2115 quud
290 2034 421 2100 reticere
440 2055 501 2100 nou
526 2036 637 2114 debeo,
661 2039 831 2102 aleatorem
853 2043 885 2103 te
905 2057 977 2103 esso
998 2047 1030 2102 et
1051 2038 1227 2122 ebriosum³
1249 2056 1319 2100 cum
1336 2043 1388 2100 tuo
1406 2039 1489 2102 malo

184 2135 322 2200 maximo
344 2137 483 2220 Corrige,
505 2139 607 2218 sodes,
629 2140 723 2203 istam
744 2139 894 2209 fabulam.
940 2139 1086 2204 Urbanus
1108 2139 1165 2202 tibi
1183 2139 1322 2204 iucunda
1337 2140 1489 2221 narrabit,

184 2237 257 2317 lego
279 2247 402 2303 acetum
425 2240 479 2323 pio
500 2241 607 2304 animo
628 2242 806 2324 propinavi.
850 2241 989 2324 Uterque
1011 2242 1056 2305 tui
1077 2242 1324 2306 amantissimus.
1367 2241 1454 2306 Vale.

254 2361 434 2432 uolucrum.
455 2363 474 2408 r
493 2364 544 2412 468
563 2354 608 2412 tor.
626 2364 823 2416 rosv-asur.

737 2521 939 2530 ———.—

185 2625 267 2690 rus.
291 2623 333 2689 il.
355 2643 401 2691 un
422 2624 544 2692 liuban
569 2626 714 2692 llessus.
955 2627 1089 2711 (Gotho
1103 2629 1193 2698 1515.
1238 2627 1310 2694 Ver
1323 2630 1379 2699 23.
1393 2629 1489 2713 ilat.)

255 2747 316 2795 blut¹
343 2751 480 2810 vcrtcidigt
502 2751 555 2796 sich
577 2767 655 2810 pogen
680 2752 720 2798 dio
741 2752 869 2798 Vcrwiirso
891 2753 935 2798 der
960 2752 1110 2812 Arreiunung
1134 2753 1245 2799 irrmdun
1271 2755 1416 2812 Eigentums
1439 2756 1490 2801 und

186 2818 229 2865 dos
248 2819 351 2878 Noidos,
375 2822 468 2866 welche
488 2822 579 2868 Hessus
597 2822 649 2868 ihm
669 2824 783 2881 gemacht
802 2824 880 2881 hatto,
900 2823 950 2868 nud
971 2823 1099 2882 pritaisiert
1118 2823 1187 2870 scinu
1204 2837 1283 2882 garino
1301 2825 1415 2886 Stellung
1433 2826 1488 2872 dem
1537 2865 1540 2874 .

187 2889 291 2935 lliehter
309 2890 458 2950 gogeuiibcr.

270 2987 386 3052 Divino
409 2989 539 3053 Eobano
562 2989 704 3072 Hesso,
727 2991 884 3053 Musarum
909 2991 1054 3054 antistiti.
1097 3030 1101 3036 -

266 3091 296 3153 S.
340 3089 408 3171 ugo
438 3097 468 3154 te
495 3101 528 3153 ut
556 3090 746 3155 aleatorem⁴
772 3098 804 3152 et
832 3087 954 3170 perdite
981 3089 1046 3152 vite
1069 3087 1224 3152 bominem
1248 3089 1416 3170 obiurgare
1437 3090 1489 3156 dc-

187 3192 291 3256 berem
321 3211 378 3275 pro
404 3212 475 3256 mea
501 3213 579 3272 erga
604 3202 635 3257 te
662 3191 896 3265 benevolentia,
915 3189 987 3254 ‘sed
1017 3198 1048 3253 tu
1079 3210 1128 3253 me
1152 3191 1226 3253 tirrti
1253 3198 1284 3254 et
1310 3191 1490 3256 inridencie

186 3294 295 3374 arguis
322 3295 414 3375 qrrasi
440 3288 612 3359 clausulam
638 3294 685 3357 ori
713 3313 783 3356 meo
809 3291 949 3358 daturus.
977 3291 1066 3368 ¹Hec
1097 3311 1169 3355 mea
1200 3289 1318 3356 diluam
1348 3293 1491 3374 crimina,

187 3395 213 3459 si
235 3415 305 3459 mea
326 3405 408 3474 sunt,
429 3416 490 3477 que
512 3417 582 3460 urea
603 3417 664 3459 non
687 3404 765 3459 snut.
808 3395 929 3470 Crotus,
952 3395 1000 3456 vir·
1016 3393 1154 3476 optimus
1169 3401 1199 3456 et
1216 3413 1288 3458 vere
1306 3401 1377 3458 tuus
1391 3403 1490 3477 pater,

186 3497 322 3578 quadam
351 3497 603 3580 petulantissima
630 3497 779 3582 epistola,
807 3497 870 3558 imo
897 3503 1030 3576 quatuor
1054 3495 1137 3557 loliis
1160 3503 1245 3558 tuam
1267 3494 1429 3560 levitatem
1452 3516 1490 3562 ac

188 3599 358 3662 stulticiam
382 3600 411 3662 iu
436 3620 469 3664 re
491 3601 601 3664 luxoria
623 3599 775 3683 proscidit
790 3596 955 3676 mandans,
979 3605 1012 3659 ut
1029 3615 1097 3660 oreo
1112 3596 1243 3660 arbitrio
1257 3596 1306 3660 vel
1324 3599 1490 3663 retinerem

90 3752 96 3766 .
186 3701 237 3764 vel
263 3701 446 3765 emitterem.
489 3700 558 3783 Ego
585 3722 660 3766 vcro
686 3706 791 3780 (erant
818 3700 902 3764 euim
934 3699 1056 3782 patule,
1088 3717 1150 3761 non
1178 3698 1346 3794 obsignate
1367 3700 1490 3778 liter·e¹)

257 3817 268 3843 ²
290 3825 357 3868 nuno
375 3823 412 3868 mr
431 3824 472 3868 re.

250 4018 262 4061 1
283 4023 347 4094 Vgl.
359 4023 404 4077 Br.
418 4022 454 4076 59
479 4021 505 4077 S.
519 4023 556 4076 75
575 4023 656 4078 Anm.
671 4024 693 4076 l.
736 4023 789 4078 Dic
810 4024 910 4077 beiden
928 4021 1040 4093 Gegner
1055 4022 1167 4076 Tilonin
1190 4024 1246 4076 und
1267 4019 1373 4077 Cordus
1394 4024 1488 4078 hatten

187 4121 242 4157 von
264 4121 363 4157 neuern
386 4105 439 4157 den
460 4104 568 4174 Kampf
586 4105 814 4174 aurigenommen:
843 4110 960 4157 ersterer
980 4103 1066 4156 durch
1088 4101 1146 4156 scin
1168 4099 1489 4178 „Choleamyrrteiiurn,“

174 4184 506 4254 ·tvg1.darubermeine
531 4183 733 4250 ,‚Lutberana“
762 4183 788 4238 S.
801 4184 850 4248 10)
878 4183 1006 4237 letzterer
1030 4183 1118 4236 durch
1145 4182 1268 4251 „Euricii
1290 4181 1372 4237 Cordi
1394 4193 1490 4239 contra

187 4263 353 4317 maledicum
372 4263 552 4321 Thiloninum
575 4264 753 4334 Philyrnnum
775 4262 933 4318 Deferrsio.“

249 4340 263 4379 ²
283 4343 341 4395 Der
359 4342 429 4396 Vers
448 4344 666 4397 seheinteiuem
690 4361 809 4398 neueren
831 4342 949 4397 Dichter
968 4343 1170 4412 anzugohiiren.

249 4417 264 4462 3
286 4423 355 4476 Dass
375 4423 478 4476 lle-sus
499 4423 639 4477 bisweilen
660 4425 722 4477 dem
737 4424 850 4478 'l'runkc
871 4423 1001 4493 ergeuen,
1024 4423 1093 4479 lusst
1114 4423 1173 4478 sich
1195 4440 1244 4476 aus
1262 4424 1355 4476 seincn
1371 4425 1458 4497 eigem
1470 4445 1488 4481 n

185 4503 301 4557 Briefen
320 4503 442 4557 ersebeu.

248 4578 346 4655 ⁴Vgl.
366 4584 418 4638 dcn
440 4583 554 4656 rorigen
575 4582 661 4641 Brief.
