3625 5192
643 353 729 407 Briefe
748 353 867 406 Matiane
889 351 944 404 112.
968 353 1023 404 113.
1440 354 1490 403 155

180 504 335 566 Autumas
345 503 429 566 cuim
444 522 499 586 per
511 521 560 566 mc
570 502 705 580 stetisse,
727 501 904 582 quominus
917 501 1062 565 inlocum
1079 500 1313 581 immigraveris
1325 505 1345 578 ¹,
1368 499 1499 569 nescius,

181 604 287 687 operis
317 613 349 666 et
370 603 466 668 studii
490 604 603 682 nostri,
630 605 670 666 de
690 623 752 684 quo
786 611 819 666 ut
840 601 1040 686 Spalatiuum
1070 601 1211 680 audires,
1239 602 1325 667 iussi.
1375 602 1493 682 llelcge

182 708 291 771 literas
313 715 407 770 meas.
451 707 521 771 Nou
544 713 713 794 expectato
735 705 904 786 spalatino
926 703 1020 780 nimis
1042 705 1237 787 properabas
1257 724 1296 768 ca
1316 704 1494 783 scribendo,

182 829 243 890 quc
264 808 418 873 modestie
445 829 512 873 mcc
541 809 605 872 sint
632 828 775 872 onerosa.
824 807 962 871 Tantum
993 807 1081 870 mihi·
1098 828 1161 872 uou
1188 807 1352 892 permitto,
1380 791 1415 891 ut'
1443 808 1493 872 vel

183 912 242 976 abs
270 919 301 976 te
328 911 389 975 coli
412 911 506 975 velim
534 911 584 974 vel
612 910 743 992 obsequi
773 909 884 972 ltuliuo
914 909 1041 973 soleam.
1085 909 1174 974 Nihil
1201 931 1304 974 moror
1329 910 1493 988 culturam,

182 1034 277 1096 qurum
297 1013 356 1077 sim
378 1013 525 1077 amicicia
545 1012 742 1078 humanitate
763 1018 794 1077 ct
815 1009 929 1076 ciliciis
950 1010 1093 1076 stabilita
1115 1019 1287 1076 contentus.
1337 1012 1492 1077 Reueren-

183 1117 260 1180 tiam
285 1115 345 1180 sibi
371 1123 484 1200 parent
503 1115 570 1196 alii,
593 1123 733 1198 prestent
749 1113 943 1195 obsequium,
964 1113 1078 1195 quibus
1100 1114 1208 1188 velint,
1231 1113 1295 1178 siut
1316 1112 1439 1178 colendi
1462 1122 1494 1178 et

182 1217 390 1282 venerabiles.
433 1217 570 1282 Tantum
592 1216 669 1282 mihi
692 1237 753 1282 uon
775 1236 871 1281 sumo.
913 1217 1084 1281 Ociumita
1101 1214 1246 1300 dispono,
1267 1224 1300 1281 ut
1321 1216 1493 1282 dissolutus

182 1331 238 1386 aut
258 1320 316 1384 riui
338 1328 392 1384 aut
413 1319 618 1385 alienissimis
639 1317 961 1400 disiunctissiurisquc
982 1318 1083 1382 videri
1107 1338 1169 1382 nou
1191 1319 1319 1401 possim.
1361 1319 1495 1384 Constat

183 1421 261 1486 milri
290 1423 470 1487 severitatis
498 1423 593 1487 racio.
643 1421 735 1518 Domi
765 1419 892 1502 singula
920 1439 989 1501 uico
1018 1428 1095 1484 nutu
1122 1420 1305 1503 ditionequc
1333 1430 1520 1504 reguntur,-

184 1544 245 1588 non
270 1527 446 1610 paremus‘2,
468 1524 523 1591 scd
546 1525 737 1610 imperamus
758 1523 954 1595 domesticis,
980 1523 1096 1607 quibus
1116 1523 1195 1588 nihil
1216 1532 1265 1588 est
1290 1523 1491 1590 moderatius.

184 1626 297 1690 Parum
324 1637 407 1691 esset
429 1627 535 1692 herum
557 1627 687 1692 lrouestc
707 1627 825 1705 vivere,
847 1626 909 1691 nisi
932 1645 1005 1691 suos
1026 1631 1123 1692 ctiam
1143 1627 1242 1691 bonos
1263 1627 1387 1691 laceret.
1430 1627 1494 1692 Sed

172 1729 295 1792 'damus
323 1730 382 1793 tibi
401 1731 536 1796 venium.
579 1731 711 1795 Secutus
732 1749 767 1794 es
788 1748 924 1792 errorem
947 1728 1178 1794 incrnsirlerate
1199 1729 1416 1819 loquentium„
1443 1729 1493 1793 De

185 1851 235 1896 me
264 1832 381 1896 nullum
411 1831 453 1896 sit
477 1832 627 1913 iurgium,
656 1831 824 1896 dummodo
850 1849 980 1896 secums
1009 1831 1251 1912 tranquillitatis
1285 1833 1401 1898 virtum.
1444 1834 1493 1896 Tu
1534 1877 1537 1882 -

185 1935 264 1999 satis
286 1955 320 1998 es
341 1933 587 2000 commendatus.
630 1939 671 1998 nt
692 1933 875 1999 dubitamus
892 1933 1078 2016 Spoletinus
1098 1943 1130 1998 et
1150 1954 1218 2015 ego.
1270 1935 1358 1999 Nihil
1380 1935 1495 1999 attinet

164 2027 426 2101 commemorare
439 2051 542 2119 morq⁵²
561 2021 674 2102 caussas
686 2036 878 2118 multiiugae.
922 2036 1082 2114 Veremur,
1102 2037 1262 2114 timemus,
1282 2038 1494 2119 suspicamur;

187 2141 362 2221 presentia,
393 2140 544 2223 preterita
569 2147 600 2205 et
632 2143 736 2204 lutura
757 2139 862 2204 velutb
889 2138 1037 2204 examine
1063 2138 1146 2202 iusto
1177 2139 1334 2203 libramus.
1385 2139 1494 2219 ltaque
1543 2190 1548 2202 .

186 2241 270 2306 idem
290 2262 365 2322 ego,
394 2243 477 2324 quod
500 2241 685 2325 Spoletinus
709 2241 821 2324 probat
841 2241 1070 2322 improbutque.
1113 2241 1195 2304 Nam
1217 2241 1259 2304 ab
1280 2260 1334 2320 eo,
1360 2242 1444 2322 quod
1466 2242 1494 2304 is

187 2343 244 2407 tibi
265 2344 438 2428 proposuit,
462 2363 500 2408 uc
522 2363 625 2422 uirque
641 2343 769 2426 quidem
791 2343 885 2408 latius
902 2344 1110 2408 discederuus.
1153 2343 1225 2409 Nou
1241 2343 1397 2408 estlacile
1410 2351 1495 2410 stare

188 2447 218 2509 in
239 2446 383 2512 Vallibus
409 2449 477 2510 siue
499 2449 665 2527 occassum
680 2455 724 2511 et
751 2446 971 2510 inclinacione.
1019 2445 1189 2512 Difficilius
1215 2456 1264 2510 est
1289 2446 1357 2510 sive
1381 2453 1494 2529 spoutc

187 2549 254 2613 sive
274 2549 410 2612 aliorum
432 2549 583 2612 instinctu
605 2549 710 2613 subire
732 2549 844 2640 molem
858 2547 1002 2622 doceud,
1025 2549 1078 2611 ubi
1097 2549 1193 2612 multe
1214 2549 1246 2612 in
1268 2568 1365 2632 speon
1386 2548 1495 2614 beluec

128 2692 132 2699 ·
187 2659 321 2726 terrent,
348 2652 499 2722 fremunt,
519 2651 718 2715 insidiantur.
746 2649 982 2729 ¹[lit'licillimum
1003 2651 1172 2716 succedere
1193 2652 1369 2733 spalatino.
1410 2651 1494 2729 Quid

187 2753 255 2816 ita?
295 2753 379 2830 Quia
399 2753 472 2817 huic
494 2753 693 2818 homuncioni
714 2761 883 2819 concentus
896 2753 1062 2818 multarum
1074 2756 1234 2830 literarum
1256 2760 1290 2818 et
1308 2765 1495 2836 magnarum

125 2925 128 2933 Δ
189 2856 335 2920 uirtutum
358 2855 500 2937 contigit.
543 2856 584 2920 Et
604 2876 784 2939 quanquam
807 2865 838 2920 tu
861 2857 932 2937 pari
954 2857 999 2924 sis
1020 2856 1198 2938 literatura,
1223 2877 1286 2921 nou
1307 2857 1428 2920 minore
1449 2858 1496 2920 iu-

187 2959 291 3039 genio,
314 2959 377 3021 imo
398 2957 530 3022 celsiore
551 2967 665 3024 nutura
686 2957 837 3042 preditus,
858 2966 965 3024 tamen
978 2959 1060 3022 inter
1078 2959 1219 3024 turbines
1230 2967 1495 3042 tempestatesque

188 3061 291 3126 miuus
313 3061 422 3124 lortem
443 3069 702 3143 constantemque
723 3069 753 3124 te
773 3063 838 3125 l'orc
858 3061 933 3126 scio.
979 3061 1143 3143 Utcunque
1165 3063 1221 3138 sit,
1248 3061 1276 3124 si
1305 3063 1386 3126 iuter
1412 3070 1443 3125 te
1463 3072 1495 3126 et
1566 3093 1570 3100 ·

189 3162 388 3245 Spalatiuum
412 3163 572 3243 convenit,
604 3171 638 3228 ut
665 3163 751 3248 apud
778 3163 909 3244 vigilias
934 3164 1149 3245 stationesque
1175 3163 1351 3228 cenobialis
1377 3163 1495 3229 milicie

188 3265 285 3328 vitam
308 3261 500 3329 intenebris
521 3267 745 3348 temporariam
775 3285 902 3347 ageres,
929 3265 1044 3330 taciem
1074 3265 1183 3331 sedulo
1218 3266 1263 3330 uti
1283 3265 1347 3329 dux
1369 3275 1401 3330 et
1427 3286 1493 3348 pre-

188 3386 295 3432 cursor
313 3367 443 3430 amicus.
489 3352 574 3431 Vale.¹
996 3424 999 3428 a

267 3469 342 3534 Post
362 3468 475 3547 larium
499 3469 642 3551 publicas
663 3469 803 3534 inferias.
846 3469 1020 3535 novun.

190 3664 245 3710 &M
259 3592 438 3644 annualem.
458 3593 478 3638 r
495 3593 544 3640 sac
564 3594 603 3640 m.
614 3565 813 3642 esav-'aete
850 3594 925 3642 seur,
945 3594 970 3640 u.
986 3595 1021 3640 rz
1038 3596 1061 3641 s.
1077 3593 1128 3641 eos
1149 3609 1194 3640 aa
1211 3593 1247 3640 ru
1267 3592 1328 3640 saus
1346 3609 1372 3640 a
1389 3593 1425 3640 aa
1443 3610 1495 3639 aaa

201 3665 208 3679 ’
247 3679 303 3710 owse.
1510 3692 1514 3701 .

259 3764 357 3814 aaaran
374 3768 471 3816 natue.
545 3752 609 3816 bra
628 3771 714 3818 veruti.
787 3765 850 3817 *re
869 3772 999 3822 raritas„
1049 3753 1061 3789 ‘¹
1085 3771 1117 3816 re·
1136 3771 1243 3818 urnxv.

189 3895 388 3902 -η--η-ι

255 3979 264 4021 ¹
288 3984 403 4052 Krause,
423 3984 518 4038 Eobrm
541 3984 646 4039 Hessos
664 3985 690 4055 1,
711 3985 735 4039 S.
749 3985 786 4038 86
808 3986 918 4056 sclroint
946 3986 1015 4040 iiber
1037 3987 1086 4040 dus
1100 3986 1255 4040 Verweilen
1278 3985 1435 4042 llm‘ebords
1465 3989 1493 4041 iu

193 4063 383 4136 Georgcnthul
406 4065 485 4118 nieht
504 4067 652 4136 geniigcnd
674 4066 833 4137 arrfgekliirt
853 4085 885 4120 zu
900 4066 968 4120 sein.
1009 4066 1047 4119 Er
1068 4073 1137 4120 sctzt
1156 4066 1342 4121 ‹lieeerrBricf
1357 4075 1495 4138 eutgegeu

189 4147 239 4200 der
260 4144 442 4198 Handsehrift
463 4145 490 4197 in
515 4147 563 4199 dus
583 4146 653 4201 Juhr
675 4145 758 4200 1510.
1044 4151 1046 4154 ’
1223 4143 1227 4148 ’

253 4221 431 4279 ‘2Herebcrd
452 4243 477 4281 r.
502 4226 528 4281 d.
546 4225 672 4280 llarthen
701 4227 777 4281 hatte
804 4227 832 4280 iu
855 4227 945 4282 einem
968 4227 1062 4281 Briefe
1082 4245 1118 4281 au
1138 4226 1239 4282 Crotus
1262 4229 1321 4282 sich
1342 4229 1426 4283 dahiu
1450 4248 1496 4302 ge·

191 4307 306 4375 tremit,
327 4307 389 4359 dass
404 4305 510 4359 lllutian
532 4323 590 4360 anu
612 4307 650 4360 sei
671 4308 726 4360 und
748 4307 843 4362 seiucu
867 4307 988 4362 llieueru
1009 4307 1099 4364 dione.
1131 4307 1196 4381 Vgl.
1218 4307 1262 4365 Br.
1278 4309 1342 4364 115.
1368 4329 1371 4334 ·
