3625 5192
643 375 732 430 Briefe
750 377 870 431 Murtians
887 376 947 429 621.
967 377 1026 428 622.
1436 377 1488 430 303

184 524 266 595 622.
289 523 333 596 ll.
354 543 399 590 au
422 523 591 590 doacltlm
613 523 853 590 Caurcrarlus.
1058 520 1174 589 (lotha
1197 521 1295 589 1524.
1326 521 1404 588 lull
1426 524 1487 590 30.
1556 595 1560 602 ,

252 648 350 694 lintion
376 648 457 693 danlrt
479 647 534 693 dem
558 647 677 693 Camorar
698 649 738 694 mr
761 647 830 694 aeine
857 647 972 693 nouiicire
991 646 1197 694 Freundliclrkeit
1215 647 1266 693 und
1284 647 1413 705 lucdunum,
1432 647 1488 694 dass

186 734 213 766 er
231 719 280 765 den
298 719 478 764 Melanchthon
495 718 570 764 nebat
588 718 737 778 Beglcitung
759 718 831 764 nieht
854 718 919 764 habe
942 717 969 763 iu
994 717 1087 764 soirrern
1108 718 1190 764 liausc
1209 718 1359 764 artl'nalunau
1377 719 1488 766 kiinuau.

182 789 217 836 Er
243 790 359 836 ermahut
381 789 473 848 jenen,
498 788 538 834 bei
557 787 644 835 scinco
665 786 770 834 Studien
795 803 825 834 zu
855 787 955 834 bicibeu
985 788 1036 834 und
1054 789 1142 834 sandet
1160 787 1251 834 Griissc
1270 801 1302 833 au
1322 789 1361 834 dic
1380 788 1489 834 Witten·

181 859 270 920 berger
288 859 412 906 iucundo.

261 956 455 1020 liberalium
478 955 592 1019 artium
614 947 755 1018 studioso
777 955 922 1036 inprimis
946 953 1104 1019 ioaehimo
1126 955 1337 1020 Οιιιιιιιιιιὶο.1

265 1058 385 1123 Fecisti
406 1057 483 1121 mihi
505 1077 569 1121 rem
592 1065 725 1138 gratam,
747 1057 829 1138 quod
852 1077 953 1140 nuper
964 1058 1175 1139 praecurristi.
1217 1058 1290 1122 Scio
1307 1057 1488 1122 iamdudum

182 1170 306 1224 meato
316 1161 478 1224 observari
490 1166 523 1224 et
533 1158 720 1240 magnifieri.
740 1158 960 1223 Animadverti
985 1159 1172 1223 Francicum
1199 1161 1315 1224 amoris
1341 1159 1487 1225 allectum

182 1262 214 1327 id
236 1263 294 1343 est,
315 1263 491 1346 simplicem
513 1282 552 1326 ac
573 1261 754 1341 candidum,
785 1267 816 1324 et
842 1261 926 1342 quod
956 1267 986 1326 te
1013 1261 1131 1343 diligat
1160 1261 1259 1327 Rul'ns
1287 1261 1378 1344 olim,
1406 1283 1489 1327 nnnc

181 1384 296 1445 canus,
327 1365 384 1429 tibi
417 1364 525 1446 liquet.
566 1363 711 1427 Nuncius
740 1369 814 1426 tunc
844 1363 933 1427 luisti
959 1369 1095 1446 optatus.
1148 1363 1231 1442 Quid
1253 1383 1328 1428 vcro
1353 1363 1488 1447 querar?

181 1465 253 1531 Non
274 1465 370 1546 soleo,
392 1486 453 1531 non
475 1485 614 1550 possum,
636 1485 696 1530 uon
718 1464 807 1529 libet.
849 1464 944 1530 Dolet
965 1471 1071 1530 tamen
1093 1465 1170 1529 mihi
1191 1471 1301 1530 contra
1323 1465 1488 1530 multorum

181 1588 333 1633 annorum
360 1567 620 1632 consuetudinem
651 1566 842 1631 veniendum
866 1567 964 1632 l'uisse
996 1567 1037 1630 ad
1071 1587 1155 1644 eum,
1185 1569 1235 1632 cui
1271 1588 1375 1634 comes
1406 1588 1487 1634 eras.

180 1671 352 1734 Malueram
364 1671 458 1748 enim,
481 1677 514 1734 et
534 1677 602 1734 erat
623 1669 681 1734 hoc
702 1669 829 1750 rectius,
850 1669 1055 1735 invitarevos
1074 1669 1115 1734 ad
1138 1689 1188 1734 me
1210 1672 1397 1755 etjaooipere
1419 1670 1488 1735 llos-

182 1772 261 1854 pitio
287 1774 421 1851 musico,
449 1773 496 1834 ita
522 1779 557 1835 ut
582 1771 717 1835 decebat
745 1778 778 1834 et
803 1790 891 1836 meus
917 1791 984 1836 mos
1007 1779 1075 1836 erat
1097 1772 1278 1854 aliquande,
1299 1773 1384 1854 vino,
1402 1774 1487 1839 victu

180 1892 243 1937 uon
269 1872 445 1957 pontificali
469 1873 612 1955 quidem,
639 1873 695 1938 sed
716 1893 819 1955 neque
841 1873 1020 1958 proletario.
1062 1873 1276 1955 Meministiu',
1302 1875 1386 1956 quod
1409 1895 1488 1942 onus

179 1975 317 2039 comicus
344 1982 436 2040 vocet
462 1977 612 2040 miserum
639 1982 671 2040 et
698 1975 841 2057 gravem
888 1977 951 2042 Sed
973 1977 1120 2058 querelae
1142 1977 1285 2042 absunto.
1327 1977 1488 2044 Melanch-

180 2077 329 2141 thonem³
350 2085 447 2154 tuum,
468 2078 533 2143 imo
556 2083 694 2142 nostrum
715 2071 887 2160 λευκότερον
907 2071 1002 2160 χιόνος
1023 2078 1100 2155 vidi,
1122 2078 1285 2157 allocutus,
1307 2081 1488 2163 complexus

180 2197 249 2242 sum
272 2199 342 2243 cum
363 2200 483 2261 magna
503 2179 628 2245 laetitia
648 2185 680 2244 et
701 2179 831 2244 comites
843 2188 985 2244 caeteros
997 2181 1125 2262 pariter.
1167 2180 1314 2247 Neseno4
1335 2201 1396 2247 non
1418 2201 1488 2248 esse

179 2279 299 2345 comior
328 2285 461 2348 comitas
489 2283 562 2367 ipsa
587 2284 696 2365 possit.
747 2282 784 2346 Ιιι
811 2281 1068 2347 adolescentibus
1089 2282 1191 2348 elucet
1215 2285 1316 2350 mirae
1338 2284 1489 2350 bonitatis

180 2381 313 2446 indoles.
355 2384 493 2448 Omnino
512 2391 644 2465 uterque
665 2383 726 2447 erit
742 2382 867 2465 aliquis.
909 2383 1027 2447 Nescio
1046 2389 1167 2464 mmen,
1191 2404 1253 2466 quo
1275 2392 1368 2467 pacto
1389 2405 1489 2468 angu-

180 2484 260 2548 rium
281 2504 384 2550 meum
405 2485 572 2568 augustius
593 2493 642 2550 est
663 2484 703 2550 de
724 2480 812 2565 ἰΙΙο,5
840 2483 929 2550 ouius
951 2486 1052 2568 nigris
1072 2485 1172 2552 oculis
1192 2487 1345 2569 nigroque
1366 2496 1398 2553 et
1419 2508 1487 2571 pro-

179 2586 276 2652 misso
296 2587 383 2652 crine
404 2587 511 2652 decori
535 2607 681 2651 nomena
698 2586 832 2651 Francis
853 2588 1047 2652 diminuitur.
1089 2588 1210 2672 Scripsi
1232 2591 1310 2654 haec
1331 2597 1402 2674 post
1424 2590 1488 2656 dis-

181 2706 303 2754 cessum
333 2689 407 2754 hinc
430 2695 567 2754 vestrum
597 2689 674 2753 anui
700 2695 845 2754 sextante
873 2708 934 2754 uno
963 2698 996 2754 et
1020 2691 1150 2776 insuper
1175 2711 1283 2758 mense
1311 2692 1487 2774 dimidiato,

180 2790 265 2870 quod
287 2792 349 2854 iam
370 2810 512 2855 reversos
523 2811 579 2854 vos
600 2790 642 2855 ad
653 2791 761 2855 Albim
783 2792 954 2855 arbitrarer
975 2793 1040 2856 alia
1061 2793 1208 2858 nimirum
1226 2795 1288 2859 via.
1332 2795 1382 2860 Mc
1403 2796 1486 2860 enim

177 2891 351 2956 insalutato
370 2898 403 2956 tu
424 2893 509 2957 nullo
531 2892 624 2956 modo
646 2894 835 2958 transiisses.
882 2894 963 2974 Fac,
995 2894 1167 2976 loaohime‚
1196 2897 1280 2978 quod
1306 2897 1394 2962 lacis.
1436 2897 1488 2961 In-

179 2991 291 3057 cumbe
313 2995 345 3056 in
367 2993 475 3058 studia
497 2995 639 3058 honesta.
680 2994 745 3057 Alii
769 2995 852 3059 alias
873 3002 1028 3077 quaeruut
1053 2997 1124 3063 vias
1146 2997 1187 3060 ad
1210 2998 1345 3078 laudem,
1374 3006 1406 3062 tu
1429 2999 1488 3062 hoo

242 3242 254 3284 ¹
276 3247 340 3317 Vgl.
363 3246 409 3302 Br.
424 3248 481 3301 606
503 3248 529 3304 S.
542 3249 602 3302 284
623 3248 742 3305 duma.

241 3323 389 3383 ²Terena
426 3329 560 3385 Phormio
588 3330 609 3383 Ι.
632 3330 659 3386 2.
681 3329 733 3385 44:
768 3331 922 3402 Paupertas
949 3331 1018 3387 mihi
1050 3349 1120 3387 onus
1150 3333 1267 3388 visumst
1298 3339 1326 3388 et
1356 3333 1487 3388 miserum

180 3414 209 3461 et
229 3425 322 3478 grave.

240 3481 255 3525 3
275 3486 476 3543 Melanchthon
493 3491 659 3544 unternahm
682 3489 759 3544 1524
780 3491 988 3565 inBcgleitung
1011 3511 1065 3548 von
1080 3493 1214 3547 Wilhelm
1226 3492 1328 3561 Nason,
1348 3492 1487 3568 Cameren

178 3567 267 3621 Franz
291 3567 415 3622 Bureard
441 3571 498 3623 und
518 3569 630 3625 Johann
651 3569 811 3626 Silberborn
839 3571 901 3627 eine
923 3573 1004 3628 Reise
1026 3575 1097 3629 nach
1118 3573 1249 3640 Bretton,
1276 3573 1367 3628 saiuer
1390 3573 1488 3629 Vater-

179 3647 261 3701 stadt.
307 3649 434 3704 Lotztere
459 3649 518 3704 drei
544 3651 673 3705 machten
695 3651 777 3706 dabei
798 3652 880 3705 einen
901 3651 1057 3708 Abstccher
1077 3654 1149 3708 nach
1171 3653 1265 3723 Bassi,
1290 3672 1335 3708 um
1358 3655 1488 3710 Erasmus

178 3745 212 3780 zu
233 3728 382 3785 besuchen.
424 3730 483 3784 Der
500 3728 651 3785 Aufbruch
667 3731 879 3786 Melanehthons
899 3735 1022 3804 geschah
1043 3753 1086 3788 am
1111 3731 1155 3788 16.
1174 3733 1262 3804 April,
1283 3735 1489 3789 dielliieklrehr

179 3809 253 3861 nach
273 3808 453 3881 Witteuberg
471 3809 589 3881 erfolgtc
613 3811 686 3864 nach
713 3811 893 3868 2M0nsteu.
941 3815 1005 3886 Vgl.
1026 3814 1146 3868 dariiber
1165 3813 1262 3869 Joaeh.
1284 3812 1432 3870 camerarii
1454 3816 1488 3870 de

179 3887 305 3959 Philippi
319 3889 543 3945 Melanchthonis
563 3897 640 3962 ortu,
661 3891 747 3947 totius
766 3893 839 3948 vitae
861 3894 999 3949 curriculo
1020 3899 1048 3948 ct
1069 3900 1158 3949 rueme
1233 3895 1353 3950 amantio
1370 3896 1489 3968 diligens

180 3974 209 4022 et
228 3976 365 4024 accurata.
407 3970 527 4041 Lipsiae.
557 3970 643 4026 1566.
670 3970 699 4026 S.
712 3971 848 4027 90-98,

240 4045 414 4105 4Wilhelm
435 4049 536 4105 Nesen.
575 4051 639 4122 vgl
661 4053 731 4106 iiber
750 4052 800 4105 ihn
820 4051 869 4107 Ge.
890 4053 940 4109 Ed.
960 4052 1052 4110 Steitz.
1094 4053 1153 4109 Der
1179 4053 1329 4108 Humanist
1352 4053 1487 4110 Wilhelm

179 4128 287 4198 Nesen,
318 4130 368 4184 der
387 4129 549 4201 Bcgriinder
573 4130 622 4185 des
642 4131 840 4202 Gymnasiums
860 4134 917 4186 und
939 4140 1010 4188 erste
1031 4133 1158 4206 Anreger
1177 4136 1226 4190 der
1245 4133 1438 4190 Reformation
1459 4135 1488 4188 in

179 4210 230 4263 der
248 4209 324 4263 alten
342 4210 519 4265 Reiehsstadt
537 4210 688 4265 Frankfmt
706 4207 771 4286 aiM.
813 4213 984 4268 Lebeusbild
1005 4213 1056 4268 auf
1076 4213 1173 4269 Grund
1193 4214 1406 4270 derUrkunden
1426 4216 1489 4270 dar-

179 4289 300 4360 gestellt.
348 4289 455 4345 Archiv
480 4289 527 4344 fiir
546 4291 712 4346 i'rankfurts
732 4291 901 4347 Geschichte
923 4295 979 4348 und
1000 4295 1102 4352 Kunst.
1149 4293 1227 4350 Neue
1248 4295 1344 4366 Folge.
1392 4296 1417 4350 6.
1438 4295 1488 4350 Bd.

179 4368 207 4425 S.
222 4368 377 4425 36-161.
408 4369 577 4426 Alsldutian
592 4370 775 4426 diesenBrief
793 4373 912 4439 schuieb,
935 4393 989 4428 war
1006 4376 1087 4445 jener
1102 4375 1205 4429 bereits
1225 4381 1281 4446 tot3
1302 4377 1375 4430 denn
1397 4393 1426 4430 cr
1447 4394 1488 4432 er·

178 4449 262 4503 trank
281 4467 326 4504 am
349 4451 376 4503 6.
392 4451 459 4505 Juli.

239 4524 439 4585 5Ριιιιιοίιιιιιιιι
477 4531 633 4586 Burcardus
662 4531 841 4588 Vmariensis.
896 4534 961 4606 Vgl.
992 4531 1129 4593 Camerar.
1184 4537 1228 4592 De
1259 4537 1310 4592 Ph.
1348 4535 1489 4592 Melanch·

179 4609 274 4666 thenis
363 4610 437 4666 vitae
458 4611 595 4666 curriculo
615 4610 642 4666 S.
660 4612 798 4673 90-91.
