3625 5192
324 369 377 419 boo
696 359 956 428 (ioscbiebtsqnellon
977 361 1025 412 ‹lcr
1042 359 1118 412 Prou.
1136 357 1257 411 Saclrsen.

325 514 406 580 velis
427 551 466 560 -
487 534 559 577 nam
581 510 780 576 vectabulum
803 509 860 572 tibi
881 507 953 572 volo
974 526 1141 591 procurare
1162 541 1200 552 -
1221 511 1252 569 ot
1270 525 1311 568 an
1332 524 1392 584 ego
1414 503 1454 566 ad
1472 503 1631 568 tevenire

324 617 457 681 debeam
482 624 515 679 et
540 614 617 696 quid
641 611 832 697 sperandum
858 614 900 674 sit
921 610 961 674 de
982 610 1066 675 l'elioi
1096 614 1179 673 statu
1208 627 1307 673 rerum
1337 614 1368 672 et
1397 607 1559 690 presertim
1588 607 1631 669 de

323 719 452 802 negotio
473 718 659 782 Lntherauo.
702 716 818 779 lterum
840 714 921 777 vale.

404 820 532 904 Raptim
553 819 633 884 seria
653 822 673 884 2
693 825 764 902 post
785 817 908 880 Latere.
950 815 1041 880 Auno
1063 813 1263 878 MDXXllll.

1142 917 1334 980 Henricus
1356 913 1546 979 Urbanus.

405 1047 516 1113 Saluta
526 1046 748 1110 Sebastianum
759 1045 918 1109 Sebadum
936 1062 1005 1106 meo
1027 1041 1153 1105 nomine
1173 1048 1204 1105 et
1224 1039 1366 1104 dicuihil
1387 1038 1629 1104 adbucvenisse

324 1169 425 1213 rernm
447 1149 488 1212 ad
510 1169 544 1212 se
564 1148 788 1232 spectancium.

393 1294 536 1353 :lutoyrnpb
563 1293 606 1336 der
632 1292 731 1337 Boselrr
763 1290 1046 1336 l'm'reraini'tsbibliotlrek
1075 1289 1120 1336 sub
1146 1289 1177 1336 G.
1197 1289 1216 1336 l.
1236 1288 1265 1334 31
1293 1290 1334 1335 sol.
1355 1289 1395 1335 St.
1437 1289 1481 1333 Dio
1503 1287 1627 1346 ,lbscbrrjt

326 1364 444 1410 rerdnulae
462 1365 503 1410 iet
520 1363 601 1408 Herm
619 1361 744 1423 Professor
764 1363 881 1410 (berclaus
899 1362 924 1407 iu
944 1361 1077 1419 Elbcrsrld.

726 1577 828 1638 outrage
846 1577 870 1625 s.
894 1573 981 1640 (Stena
1000 1571 1101 1625 sumt
1120 1571 1226 1638 sust.)

1020 1698 1153 1763 Erlurt
1175 1699 1261 1764 1524.
1295 1696 1474 1761 November
1495 1699 1545 1762 ⁸20.

406 1839 596 1904 Doctissimo
618 1838 686 1902 viro
708 1837 845 1918 Georgio
866 1837 1093 1920 Spalatin0‚
1114 1835 1204 1900 fratri
1225 1854 1281 1900 suo
1301 1834 1527 1900 amantissimo,

406 1942 466 2006 Dei
494 1940 641 2023 gratiam.
688 1939 826 2003 Remitto
850 1939 925 2018 tibi,
956 1941 1053 2003 frater
1082 1937 1280 2016 charissime,
1310 1937 1476 2020 epistolam
1506 1937 1627 2002 Thome

325 2045 484 2109 Montzeri.
526 2041 616 2106 Nibil
636 2041 827 2126 perplexius,
848 2041 928 2106 nibil
950 2042 1177 2106 tenebricosius
1196 2041 1272 2104 vidi.
1314 2040 1412 2104 Aiunt
1432 2038 1588 2104 homiuem
1609 2059 1627 2102 e

322 2147 467 2212 Molbusa
478 2145 602 2230 pulsum
613 2143 901 2222 etcarolostadiuq
922 2145 977 2208 ubi
988 2144 1136 2222 locorum,
1152 2162 1277 2227 prorsus
1294 2143 1345 2206 hio
1355 2144 1528 2224 ignoratur.
1561 2141 1629 2206 Nee

323 2250 490 2331 qnisquam
511 2253 575 2326 est,
597 2247 652 2327 qui
673 2265 866 2330 magnopere
888 2246 922 2310 id
941 2247 1022 2312 seire
1043 2247 1160 2330 cupiat.
1195 2245 1370 2328 Epistulam
1391 2244 1513 2308 Erasmi
1535 2245 1576 2306 ad
1600 2253 1632 2310 te

322 2353 473 2434 scriptam
497 2357 529 2414 et
549 2349 716 2427 novitates,
739 2367 819 2429 quas
839 2349 965 2430 misisti,
992 2368 1061 2414 oum
1085 2349 1226 2412 Mutiano
1252 2355 1284 2412 et
1305 2347 1395 2412 bouis
1414 2347 1527 2410 aulicis
1547 2367 1628 2412 com-

324 2454 494 2518 municavi.
537 2451 731 2516 Avidissiure
754 2451 863 2515 videre
883 2459 916 2516 et
938 2451 1042 2534 legere
1064 2452 1165 2534 cupio,
1187 2451 1330 2532 quitquid
1346 2450 1630 2516 DoctorLutbems

322 2556 373 2621 vel
396 2563 429 2618 tu
449 2560 560 2618 contra
580 2552 711 2616 liberum
734 2553 899 2616 arbitrium
921 2555 1121 2636 scripseritis.
1151 2553 1267 2616 Putant
1282 2552 1422 2617 nonnulli
1436 2572 1497 2617 non
1511 2552 1631 2618 babere

326 2658 497 2722 liutherum
522 2675 624 2735 neque
649 2673 741 2735 posse
763 2654 894 2718 Erasmo
923 2654 1122 2738 respondere.
1170 2655 1209 2716 Et
1233 2655 1392 2718 llutianus
1417 2663 1524 2718 noster
1552 2655 1632 2720 dicit

324 2761 489 2824 Erasmum
510 2757 725 2822 eruditissime
746 2758 913 2839 scripsisse
934 2778 991 2840 pro
1011 2758 1111 2821 libero
1134 2757 1271 2821 arbitrio.
1314 2755 1381 2838 Ego
1403 2755 1443 2820 de
1464 2758 1564 2821 tantis
1587 2777 1631 2822 re-

323 2863 392 2942 bus,
414 2860 563 2942 qnoniam
585 2867 711 2942 captum
733 2879 836 2922 meum
858 2860 1023 2940 excedunt,
1045 2861 1185 2924 iudicare
1215 2881 1275 2923 rum
1298 2878 1434 2942 possum.
1476 2859 1635 2923 Probatur

324 2976 430 3029 tamen
459 2962 536 3026 mibi
567 2962 716 3026 Erasmus
742 2961 775 3025 iu
806 2982 854 3041 eo,
882 2963 966 3044 quod
993 2962 1134 3026 modeste
1162 2963 1273 3026 scribit
1300 2969 1331 3026 et
1358 2961 1464 3024 doceri
1492 2962 1581 3044 eupit
1601 2969 1634 3025 et

324 3066 475 3131 iudicium
498 3064 648 3144 relinquit
675 3063 862 3144 legentibus.
907 3065 966 3128 Ubi
990 3063 1105 3128 viderit
1127 3064 1294 3127 lutherum
1323 3063 1435 3128 nselius
1457 3063 1577 3126 sentire
1602 3075 1635 3127 et

322 3169 475 3244 scribere,
495 3166 556 3229 ibit
581 3167 716 3230 tortasse
741 3167 773 3228 iu
800 3167 990 3230 senteutiam
1020 3166 1112 3230 illins.
1163 3165 1274 3246 Neque
1302 3166 1385 3228 enim
1414 3163 1490 3226 milri
1520 3165 1634 3229 verisi-

327 3269 401 3333 mile
423 3268 548 3332 videtur
568 3275 690 3330 tantum
711 3269 812 3330 virum
837 3277 869 3332 et
889 3268 1083 3350 grandevum
1106 3269 1267 3350 ‹pritqumu
1284 3273 1391 3331 contra
1406 3267 1634 3330 corisoientiam

323 3371 469 3436 scribere.
511 3371 648 3452 Scripsit
673 3389 774 3452 nuper
796 3371 950 3435 Coelaleus
971 3369 1102 3435 Eobano
1130 3388 1281 3433 ruururem
1312 3366 1553 3432 Frauet'ordiam
1579 3387 1634 3432 vo-

322 3475 408 3537 nisse
419 3471 584 3536 Erasmum
595 3471 681 3536 diem
703 3491 792 3535 suum
814 3472 942 3552 obiisse,
965 3473 1090 3536 interim
1113 3479 1218 3535 laurien
1241 3471 1319 3534 nibil
1341 3471 1417 3534 certi
1439 3470 1634 3536 aridii-'imus

323 3575 490 3655 bleutagra
509 3575 617 3638 mitius
640 3594 761 3638 mecum
789 3574 857 3654 agit
881 3593 975 3654 (qnam
1006 3575 1080 3654 ogit.
1123 3575 1272 3654 lortius,
1302 3591 1396 3654 quam
1422 3573 1454 3636 in
1476 3573 1634 3651 cruribus,

323 3677 386 3739 imo
407 3676 440 3738 iu
462 3674 542 3756 ipsis
563 3676 709 3739 medullis
730 3677 866 3738 crurium
888 3676 972 3740 sensi
995 3696 1056 3740 nou
1076 3676 1144 3740 sine
1165 3677 1302 3739 inaximo
1319 3675 1435 3754 doloro,
1458 3695 1634 3758 mcpropo-

323 3777 450 3840 modum
472 3775 617 3841 deseruit.
661 3777 701 3839 llt
722 3777 845 3860 pustrule
866 3778 1005 3842 arel'aete
1026 3779 1185 3858 decidunt,
1207 3787 1240 3841 ut
1251 3797 1374 3861 sperem
1385 3796 1435 3842 mc
1445 3777 1635 3859 propediem

322 3878 489 3960 pristinam
511 3877 725 3942 valetudinem
746 3887 1009 3961 reourperaturum.
1052 3879 1146 3942 Nullo
1169 3898 1242 3943 usus
1263 3899 1331 3943 sum
1353 3877 1491 3953 merlino,
1514 3887 1637 3962 tempe-

324 3988 391 4043 rate
411 3979 477 4043 vixi
501 3986 532 4042 et
552 3979 585 4042 in
605 3981 742 4044 callacta
762 3980 850 4044 diota
871 3999 923 4043 me
943 3981 1084 4045 continui
1110 3989 1141 4045 et
1164 4001 1256 4045 unam
1279 3987 1333 4045 aut
1360 3980 1494 4045 alterum
1516 3999 1635 4064 purgu-

323 4083 439 4145 tionem
455 4103 511 4164 pro
529 4082 720 4165 expellenda
741 4083 874 4146 materia
885 4093 1036 4165 preecaute
1054 4085 1163 4165 accepi
1186 4085 1218 4146 iu
1236 4103 1304 4146 eum
1320 4101 1452 4164 sperans
1465 4082 1637 4153 medicum,

321 4185 373 4264 qui
401 4183 498 4245 verbo
526 4192 615 4247 curat
641 4184 797 4248 univorsa.
840 4183 989 4248 Eobarurs
1020 4187 1117 4248 mittit
1143 4185 1200 4249 tibi
1227 4185 1411 4267 opusculum
1442 4184 1491 4248 lle
1514 4183 1636 4247 tuenda

323 4285 407 4348 bona
434 4284 626 4349 valetudine.
669 4285 805 4349 Volebat
830 4293 863 4350 et
889 4286 948 4350 tibi
975 4287 1127 4369 scribere,
1156 4289 1210 4352 scd
1233 4289 1350 4367 nescio,
1372 4286 1448 4367 quid
1472 4285 1634 4350 bominem

323 4385 533 4469 impediverit.
576 4387 665 4451 Vale.

401 4487 527 4552 Salutat
548 4495 579 4552 te
595 4489 831 4569 Engelmanous
853 4491 1143 4570 etSommeriugns,
1164 4492 1218 4571 qui
1239 4512 1280 4555 ex
1302 4491 1406 4555 animo
1428 4497 1460 4554 te
1474 4489 1635 4570 deligunt,

322 4587 378 4652 scd
400 4597 513 4671 prutant
530 4591 643 4654 misere
663 4590 825 4654 seductum
847 4611 903 4673 per
918 4591 1087 4656 Lotbcrum
1107 4599 1138 4656 ot
1154 4593 1196 4656 ob
1218 4591 1251 4657 id
1271 4599 1405 4657 urentem
1434 4592 1492 4655 tibi
1523 4591 1636 4656 meliu-
