3625 5192
274 437 275 448 ἵ
297 347 349 410 ‘212
666 344 938 422 'liescbielrtsquolleu
957 350 1006 406 der
1023 349 1097 406 mov.
1116 348 1239 406 Ssobseu.

296 506 435 584 voeatis,
461 503 580 569 deiude
599 503 689 585 quasi
712 503 807 590 bilem
829 509 860 567 et
878 501 1074 566 stomachum
1095 507 1128 564 et
1147 498 1232 580 quod
1252 497 1474 564 difficillimum
1495 504 1608 579 esset²,

296 615 330 670 ut
351 608 445 671 divus
455 607 530 672 Pius
541 607 722 690 reseripsitl
736 605 955 688 Apolloniol‘l)
968 604 1083 668 iustum
1095 601 1234 667 dolorem
1245 609 1433 694 temperare,
1456 601 1605 685 respondi

295 709 395 774 satius
412 728 483 774 esse
494 717 657 790 utrumque
669 716 807 772 nostrum
823 707 1004 770 invocatum
1017 705 1179 787 preterire.
1216 702 1319 781 Quum
1334 711 1439 768 autem
1451 705 1606 769 auxilium

295 819 327 876 et
348 810 443 878 iidem
464 813 587 874 meamb
609 811 641 874 in
664 829 697 873 re
714 829 775 874 non
798 807 890 890 parvi
912 807 1060 873 momenti
1083 816 1211 871 vocator
1238 806 1454 889 implorasset,
1484 807 1607 871 aeuessi

295 913 449 996 postridie
468 913 512 977 ad
533 912 657 993 hortos,
685 911 744 976 etsi
765 911 868 974 miuus
890 917 974 975 reete
994 909 1148 990 valerem,
1174 908 1259 997 quod
1282 907 1358 972 luna
1379 909 1410 971 in
1439 908 1523 972 ooitu
1546 909 1606 972 sub

295 1015 380 1080 idern
406 1023 530 1098 tempus
557 1015 731 1095 laboraret,
756 1013 811 1094 qui
838 1031 916 1076 saue
943 1010 1044 1076 eoitus
1068 1012 1183 1076 minuit
1209 1011 1414 1092 sanguinem,
1440 1009 1605 1092 medullas,

223 1109 225 1114 ’
293 1117 386 1182 vires
428 1115 470 1180 Et
490 1123 599 1182 auctor
619 1123 667 1180 est
684 1114 864 1180 Maternus2
885 1121 917 1179 et
929 1113 1073 1178 Plinius³
1093 1133 1217 1178 omnem
1237 1113 1453 1177 subeundam
1475 1112 1604 1177 bumani

294 1218 434 1302 eorporis
464 1217 506 1282 ad
541 1217 660 1282 lunaris
691 1217 830 1281 numinis
866 1216 1026 1300 pertinere
1056 1221 1255 1298 potestatem.
1309 1214 1489 1280 Cresoentis
1519 1216 1604 1279 euim

293 1321 375 1386 lune·
388 1327 560 1402 augmenta
581 1328 612 1384 et
633 1319 810 1384 deficientis
830 1318 948 1384 damna
968 1318 1136 1399 sentimus,
1165 1326 1199 1382 ut
1219 1336 1293 1382 vere
1321 1317 1410 1382 dieat
1430 1316 1602 1381 blanlius⁴r

553 1443 626 1523 „Ad
651 1444 724 1508 lune
745 1450 861 1506 motum
884 1443 1010 1506 variant
1030 1441 1184 1506 animalia
1203 1442 1343 1524 eorpus“
1461 1441 1464 1446 ’
1506 1493 1510 1502 ,

281 1545 285 1555 ’
373 1567 513 1646 Aeeessi,
536 1569 674 1650 inquam,
695 1565 737 1631 sd
761 1565 866 1630 hortos
889 1566 1139 1631 Urbanitiarros⁵
1160 1573 1192 1630 et
1210 1566 1309 1629 obtuli
1328 1565 1431 1642 lirlem,
1453 1565 1510 1630 sed
1532 1585 1601 1630 eum

293 1671 410 1735 frustra
430 1688 530 1734 essem
552 1669 724 1748 ollioiosus,
746 1675 809 1732 turn
831 1667 957 1733 demum
978 1669 1131 1750 eogitari:
1158 1667 1247 1731 Nihil
1270 1667 1358 1732 aliud
1380 1668 1487 1749 agitur
1507 1687 1602 1748 quarn
1702 1715 1706 1722 .

294 1779 328 1835 ut
349 1771 466 1836 Murius
493 1791 562 1836 eum
589 1770 679 1836 Lotio
706 1789 762 1835 suo
788 1771 897 1834 veniat
925 1770 968 1835 ad
991 1769 1108 1835 saliere
1133 1771 1323 1834 convivium.
1369 1769 1455 1833 Satis
1481 1770 1603 1834 laniunt

293 1874 452 1956 ingeniosi
473 1881 595 1957 patres,
624 1874 708 1955 quod
730 1874 763 1937 iu
786 1872 921 1936 illuriani
942 1871 1044 1936 losum
1067 1871 1200 1938 Morium
1223 1871 1405 1961 subrogant
1447 1872 1497 1936 lta
1517 1872 1601 1935 euim

292 1976 359 2052 liet,
386 1983 421 2040 ut
442 1977 510 2060 ipse
532 1975 679 2057 conqueri
703 1994 764 2038 non
788 1973 904 2057 possim
928 1993 977 2038 me
1002 1993 1072 2040 esse
1099 1975 1291 2058 preteritum.
1332 1973 1383 2037 lle
1407 1981 1512 2037 tamen
1538 1993 1600 2036 non

293 2078 413 2162 penitet
428 2077 587 2162 defuisse,
615 2088 728 2159 ιιιιιιιῐιο
748 2097 809 2141 non
833 2075 982 2157 loquendi
1002 2083 1140 2157 tempus,
1165 2095 1227 2140 non
1249 2075 1376 2140 tacendi
1403 2075 1599 2150 modestiam,

274 2200 353 2247 *non
375 2180 512 2262 denique
533 2178 666 2244 sedendi
686 2178 875 2260 dignitatern
898 2178 1084 2243 custoditam
1107 2197 1176 2243 esse
1206 2185 1328 2243 eonstet
1386 2177 1492 2241 Taoeo
1514 2175 1600 2242 inde-

291 2301 396 2347 eoram
425 2283 655 2360 confusionem,
686 2281 790 2345 ledam
819 2280 1018 2360 ebrietatem,
1050 2299 1152 2344 mores
1180 2279 1339 2364 pectinos.
1386 2279 1499 2345 Alleeti
1527 2287 1600 2343 sunt

291 2385 442 2469 epulones
460 2383 591 2467 impuri,
615 2401 694 2466 quos
716 2383 958 2466 proterminare,
986 2383 1113 2447 invitati
1137 2390 1210 2446 sunt
1235 2401 1464 2465 eonpransores
1489 2381 1601 2463 inepti,

291 2503 369 2569 quos
389 2485 574 2569 explodere,
600 2483 726 2548 adventi
748 2492 821 2550 sunt
841 2485 1045 2550 combibones
1066 2483 1194 2564 nefarii,
1221 2503 1299 2565 quos
1320 2483 1516 2568 proscribere
1537 2489 1603 2547 moss

290 2587 411 2654 nuebus
444 2595 537 2669 atque
569 2587 697 2650 omnino
732 2586 871 2651 aversari
903 2586 1117 2669 detestarique
1149 2584 1273 2650 debeat.
1326 2583 1409 2662 Quid
1444 2603 1599 2657 accusem,

291 2691 407 2755 neseio.
448 2689 497 2752 Αιι
520 2687 706 2760 Fortunam,
736 2689 892 2753 audeam
916 2687 1163 2771 impudentiam,
1190 2707 1230 2751 an
1258 2687 1349 2750 buius
1371 2686 1467 2751 seeuli
1497 2705 1599 2750 mitres

290 2811 403 2870 moros,
425 2801 459 2854 ut
480 2791 584 2873 inquit
607 2790 737 2854 Plautus
746 2793 769 2870 ὓ,
791 2791 850 2855 boo
871 2798 929 2871 est,
950 2791 1063 2854 stultos
1083 2798 1116 2854 et
1133 2789 1246 2853 listuos.
1283 2788 1404 2852 Vellem
1426 2789 1600 2854 abstineret

290 2901 382 2978 pater
402 2895 444 2958 ab
465 2893 521 2957 illa
543 2893 664 2976 polluta
685 2895 882 2976 contagione.
925 2893 988 2957 Sed
1000 2892 1141 2956 Fortuna
1163 2890 1260 2955 trabit
1280 2882 1315 2954 id
1334 2887 1435 2973 germ's
1456 2889 1600 2955 borsines

290 2996 321 3059 in
346 2993 482 3076 Vallem,
510 2996 542 3058 in
563 2995 671 3059 villam
687 2995 904 3072 Vuleauiaml,
927 2995 959 3058 in
981 2994 1153 3077 perniciem
1174 2995 1335 3058 bonorum.
1376 2992 1472 3056 quta
1489 2991 1598 3056 eatbo-

289 3099 383 3161 liesm
413 3097 500 3161 illam
528 3097 844 3180 vulgatissimamque
870 3097 1066 3161 sententiam
1094 3095 1173 3161 nibil
1201 3109 1387 3180 prospemm
1413 3094 1599 3159 mortalibus

289 3201 455 3283 provenire
483 3208 587 3282 potest
616 3195 782 3264 invitaet
814 3194 1005 3267 adversante
1034 3197 1183 3262 Fortuna.
1237 3196 1410 3261 Consimile
1444 3202 1493 3261 est
1519 3195 1598 3260 illud

288 3301 598 3366 memoratissimum:

513 3403 615 3486 „Heu
638 3403 718 3469 nibil
741 3403 851 3468 invitis
871 3403 921 3468 fas
942 3421 1119 3485 quenquam
1141 3400 1237 3467 fidere
1259 3401 1393 3468 divis⁸.“

358 3521 422 3572 ‘Te
441 3534 485 3574 est.
557 3511 624 3574 '’'J'e
642 3532 752 3574 nostrum
832 3520 896 3571 ‘Ta
915 3541 979 3578 eum,

289 3637 423 3644 una—u-..
442 3639 488 3646 ---

350 3703 534 3763 ¹Vielleieht
555 3709 626 3764 rraelr
648 3707 700 3763 lul.
722 3706 811 3780 Capit
831 3709 990 3764 Antoninus
1011 3711 1079 3765 Pius
1091 3711 1136 3764 10.

348 3783 362 3826 ²
382 3787 475 3844 Julius
491 3789 628 3844 Firmieus
649 3789 791 3844 Maternus
812 3789 908 3845 Iunior
928 3790 1038 3845 Siculus
1065 3793 1114 3846 hat
1134 3791 1313 3860 „Matbeseos
1335 3789 1400 3845 libri
1423 3790 1507 3846 oetn“
1535 3808 1594 3844 ven

287 3865 365 3922 fassi.
406 3868 470 3941 Vgl.
491 3869 568 3924 dsrin
590 3869 704 3934 lib.111,
725 3887 748 3926 e.
761 3869 895 3924 lto-16.

347 3943 362 3987 ³
383 3947 445 4004 Nat
466 3949 529 4004 hist
544 3948 582 4020 ΙΙ,
595 3949 642 4009 41,
655 3949 722 4005 108.
1186 4013 1190 4020 ¹

346 4024 360 4067 ⁴
383 4027 503 4101 Seltene,
523 4030 590 4085 aber
610 4029 841 4086 hnndsehriltlich
859 4031 1074 4086 vorkommeude
1085 4031 1279 4086 Nemonsform
1298 4032 1343 4086 fuir
1354 4031 1494 4088 Manilius.
1536 4030 1595 4086 Der

285 4109 355 4164 Veis
374 4111 449 4164 steht
468 4109 542 4164 Astr.
560 4110 595 4177 11,
613 4109 657 4163 st.

347 4185 362 4228 5
383 4189 479 4245 Urban
500 4191 576 4245 batte
596 4190 656 4245 sieh
679 4191 730 4246 suf
748 4193 796 4246 der
816 4190 1038 4262 Georgeuthuler
1058 4191 1208 4265 Besitaurrg
1227 4191 1357 4248 Sehbrrrm
1378 4191 1422 4247 ein
1444 4191 1594 4246 Lendhaus

285 4270 367 4324 nebat
387 4271 491 4324 Gurteu
512 4289 545 4323 au
567 4270 670 4326 selueru
695 4273 795 4344 eigneu
819 4271 986 4327 Gebrauehe
1008 4273 1146 4344 angelegt
1182 4273 1245 4344 Vgl.
1266 4272 1310 4328 Br.
1328 4271 1373 4326 14.

346 4346 360 4388 ⁶
380 4349 506 4418 Plautus,
518 4350 697 4405 Trinummus
706 4353 758 4422 111,
769 4353 794 4406 2.
807 4351 844 4404 43
865 4370 943 4406 amor
963 4371 1052 4408 mores
1068 4352 1211 4407 hominum
1224 4371 1316 4408 moros
1337 4360 1365 4406 et
1377 4369 1501 4407 morosos
1515 4350 1593 4406 lacit.

347 4425 360 4469 7
382 4429 533 4484 Vielleioht
553 4430 590 4486 ist
610 4431 741 4487 darunter
760 4434 809 4486 das
826 4432 992 4487 Wohnhsms
1010 4433 1060 4487 der
1078 4433 1273 4504 Fuggersebeu
1291 4434 1433 4488 Vertruter
1460 4431 1512 4486 auf
1529 4433 1591 4486 rlern

285 4509 373 4581 Borg-
394 4511 450 4562 und
471 4509 655 4566 Hiittenwerk
674 4511 703 4566 in
724 4513 942 4568 Hubeukirtlren
964 4532 998 4568 zu
1016 4515 1170 4570 verstehen.

346 4586 361 4629 ⁸
381 4588 484 4662 Vergil.
506 4591 609 4648 Aeneis
621 4593 658 4660 ll,
669 4589 737 4651 402.
