<?xml version="1.0" encoding="UTF-8"?>
<!DOCTYPE html PUBLIC "-//W3C//DTD XHTML 1.0 Transitional//EN"
    "http://www.w3.org/TR/xhtml1/DTD/xhtml1-transitional.dtd">
<html xmlns="http://www.w3.org/1999/xhtml" xml:lang="en" lang="en">
 <head>
  <title>
</title>
<meta http-equiv="Content-Type" content="text/html;charset=utf-8" />
  <meta name='ocr-system' content='tesseract 3.04.00' />
  <meta name='ocr-capabilities' content='ocr_page ocr_carea ocr_par ocr_line ocrx_word'/>
</head>
<body>
  <div class='ocr_page' id='page_1' title='image "./derbriefwechsel00sachgoog_0275.png"; bbox 0 0 3625 5192; ppageno 0'>
   <div class='ocr_carea' id='block_1_1' title="bbox 313 363 1259 439">
    <p class='ocr_par' dir='ltr' id='par_1_1' title="bbox 313 363 1259 439">
     <span class='ocr_line' id='line_1_1' title="bbox 313 363 1259 439; baseline 0.004 -17"><span class='ocrx_word' id='word_1_1' title='bbox 313 363 365 422; x_wconf 78' lang='grc'>206</span> <span class='ocrx_word' id='word_1_2' title='bbox 694 365 954 439; x_wconf 79' lang='lat' dir='ltr'>Gesohirhtsquellen</span> <span class='ocrx_word' id='word_1_3' title='bbox 974 368 1023 426; x_wconf 80' lang='lat' dir='ltr'>‹ler</span> <span class='ocrx_word' id='word_1_4' title='bbox 1041 363 1116 425; x_wconf 82' lang='lat' dir='ltr'>Pror.</span> <span class='ocrx_word' id='word_1_5' title='bbox 1136 368 1259 427; x_wconf 78' lang='lat' dir='ltr'>Snrhsen.</span> 
     </span>
    </p>
   </div>
   <div class='ocr_carea' id='block_1_2' title="bbox 312 520 1623 1118">
    <p class='ocr_par' dir='ltr' id='par_1_2' title="bbox 312 520 1623 1118">
     <span class='ocr_line' id='line_1_2' title="bbox 313 520 1621 607; baseline 0.003 -23"><span class='ocrx_word' id='word_1_6' title='bbox 313 520 561 601; x_wconf 83' lang='lat' dir='ltr'>tumultumque·</span> <span class='ocrx_word' id='word_1_7' title='bbox 588 527 771 584; x_wconf 80' lang='lat' dir='ltr'>nocturnum</span> <span class='ocrx_word' id='word_1_8' title='bbox 803 521 950 588; x_wconf 81' lang='lat' dir='ltr'>accidere</span> <span class='ocrx_word' id='word_1_9' title='bbox 980 522 1094 602; x_wconf 87' lang='lat' dir='ltr'>multa,</span> <span class='ocrx_word' id='word_1_10' title='bbox 1129 541 1193 604; x_wconf 72' lang='lat' dir='ltr'>que</span> <span class='ocrx_word' id='word_1_11' title='bbox 1219 523 1278 587; x_wconf 91' lang='lat' dir='ltr'>tibi</span> <span class='ocrx_word' id='word_1_12' title='bbox 1306 523 1428 592; x_wconf 76' lang='lat' dir='ltr'>urnam</span> <span class='ocrx_word' id='word_1_13' title='bbox 1456 525 1621 607; x_wconf 76' lang='lat' dir='ltr'>facetoque</span> 
     </span>
     <span class='ocr_line' id='line_1_3' title="bbox 313 621 1623 711; baseline 0.003 -24"><span class='ocrx_word' id='word_1_14' title='bbox 313 623 432 688; x_wconf 89' lang='lat' dir='ltr'>homini</span> <span class='ocrx_word' id='word_1_15' title='bbox 455 621 588 686; x_wconf 75' lang='lat' dir='ltr'>ridicula</span> <span class='ocrx_word' id='word_1_16' title='bbox 615 621 812 688; x_wconf 83' lang='lat' dir='ltr'>uidebuntur.</span> <span class='ocrx_word' id='word_1_17' title='bbox 856 625 967 689; x_wconf 87' lang='lat' dir='ltr'>Lolins</span> <span class='ocrx_word' id='word_1_18' title='bbox 992 631 1024 689; x_wconf 91' lang='lat' dir='ltr'>et</span> <span class='ocrx_word' id='word_1_19' title='bbox 1044 625 1164 689; x_wconf 88' lang='lat' dir='ltr'>Russus</span> <span class='ocrx_word' id='word_1_20' title='bbox 1174 631 1196 705; x_wconf 87' lang='lat'>1,</span> <span class='ocrx_word' id='word_1_21' title='bbox 1223 625 1287 688; x_wconf 89' lang='lat' dir='ltr'>dno</span> <span class='ocrx_word' id='word_1_22' title='bbox 1313 627 1473 710; x_wconf 80' lang='lat' dir='ltr'><strong>pecuniosi</strong></span> <span class='ocrx_word' id='word_1_23' title='bbox 1503 628 1623 711; x_wconf 82' lang='lat' dir='ltr'>pulluli,</span> 
     </span>
     <span class='ocr_line' id='line_1_4' title="bbox 313 723 1622 810; baseline 0.005 -22"><span class='ocrx_word' id='word_1_24' title='bbox 313 732 514 789; x_wconf 82' lang='lat' dir='ltr'>oirouruerunt</span> <span class='ocrx_word' id='word_1_25' title='bbox 535 723 682 805; x_wconf 81' lang='lat' dir='ltr'>addens,</span> <span class='ocrx_word' id='word_1_26' title='bbox 704 726 817 807; x_wconf 88' lang='lat' dir='ltr'>quibus</span> <span class='ocrx_word' id='word_1_27' title='bbox 839 746 947 790; x_wconf 87' lang='lat' dir='ltr'>aurum</span> <span class='ocrx_word' id='word_1_28' title='bbox 960 728 1178 791; x_wconf 83' lang='lat' dir='ltr'>suumvelutib</span> <span class='ocrx_word' id='word_1_29' title='bbox 1200 727 1405 810; x_wconf 78' lang='lat' dir='ltr'>deposimus</span> <span class='ocrx_word' id='word_1_30' title='bbox 1414 729 1622 794; x_wconf 83' lang='lat' dir='ltr'>tradiderunt.</span> 
     </span>
     <span class='ocr_line' id='line_1_5' title="bbox 312 825 1620 914; baseline 0.002 -22"><span class='ocrx_word' id='word_1_31' title='bbox 312 829 407 892; x_wconf 78' lang='lat' dir='ltr'>Stulti</span> <span class='ocrx_word' id='word_1_32' title='bbox 428 825 570 891; x_wconf 86' lang='lat' dir='ltr'>homines</span> <span class='ocrx_word' id='word_1_33' title='bbox 588 827 718 892; x_wconf 88' lang='lat' dir='ltr'>eredunt</span> <span class='ocrx_word' id='word_1_34' title='bbox 730 835 852 892; x_wconf 84' lang='lat' dir='ltr'>statuas</span> <span class='ocrx_word' id='word_1_35' title='bbox 874 838 905 894; x_wconf 90' lang='lat' dir='ltr'>et</span> <span class='ocrx_word' id='word_1_36' title='bbox 922 830 1016 910; x_wconf 82' lang='lat' dir='ltr'>signa</span> <span class='ocrx_word' id='word_1_37' title='bbox 1030 830 1108 894; x_wconf 87' lang='lat' dir='ltr'>tueri</span> <span class='ocrx_word' id='word_1_38' title='bbox 1122 850 1214 914; x_wconf 85' lang='lat' dir='ltr'>posse</span> <span class='ocrx_word' id='word_1_39' title='bbox 1227 837 1299 895; x_wconf 74' lang='lat' dir='ltr'>aut‘</span> <span class='ocrx_word' id='word_1_40' title='bbox 1323 851 1393 894; x_wconf 88' lang='lat' dir='ltr'>sese</span> <span class='ocrx_word' id='word_1_41' title='bbox 1411 840 1483 895; x_wconf 74' lang='lat' dir='ltr'>ant⁶</span> <span class='ocrx_word' id='word_1_42' title='bbox 1504 832 1620 896; x_wconf 88' lang='lat' dir='ltr'>aliena.</span> 
     </span>
     <span class='ocr_line' id='line_1_6' title="bbox 313 921 1621 1012; baseline 0.004 -20"><span class='ocrx_word' id='word_1_43' title='bbox 313 929 487 994; x_wconf 85' lang='lat' dir='ltr'>Falluutur.</span> <span class='ocrx_word' id='word_1_44' title='bbox 530 921 714 1012; x_wconf 81' lang='lat' dir='ltr'>Sacrilegia,</span> <span class='ocrx_word' id='word_1_45' title='bbox 736 930 839 1012; x_wconf 73' lang='lat' dir='ltr'>cedes,</span> <span class='ocrx_word' id='word_1_46' title='bbox 862 932 1012 996; x_wconf 77' lang='lat' dir='ltr'>incendia</span> <span class='ocrx_word' id='word_1_47' title='bbox 1033 933 1133 996; x_wconf 84' lang='lat' dir='ltr'>vietor</span> <span class='ocrx_word' id='word_1_48' title='bbox 1154 933 1251 997; x_wconf 86' lang='lat' dir='ltr'>audet</span> <span class='ocrx_word' id='word_1_49' title='bbox 1272 941 1303 998; x_wconf 91' lang='lat' dir='ltr'>et</span> <span class='ocrx_word' id='word_1_50' title='bbox 1319 934 1437 997; x_wconf 89' lang='lat' dir='ltr'>nullum</span> <span class='ocrx_word' id='word_1_51' title='bbox 1462 955 1524 998; x_wconf 89' lang='lat' dir='ltr'>non</span> <span class='ocrx_word' id='word_1_52' title='bbox 1545 935 1621 998; x_wconf 84' lang='lat' dir='ltr'>laei-</span> 
     </span>
     <span class='ocr_line' id='line_1_7' title="bbox 314 1031 1600 1118; baseline 0.005 -24"><span class='ocrx_word' id='word_1_53' title='bbox 314 1049 382 1112; x_wconf 88' lang='lat' dir='ltr'>nus,</span> <span class='ocrx_word' id='word_1_54' title='bbox 403 1031 487 1114; x_wconf 78' lang='lat' dir='ltr'>quoti</span> <span class='ocrx_word' id='word_1_55' title='bbox 509 1040 632 1096; x_wconf 62' lang='lat' dir='ltr'>ni&#39;ertat</span> <span class='ocrx_word' id='word_1_56' title='bbox 654 1053 672 1097; x_wconf 91' lang='lat' dir='ltr'>a</span> <span class='ocrx_word' id='word_1_57' title='bbox 695 1033 787 1096; x_wconf 87' lang='lat' dir='ltr'>nobis</span> <span class='ocrx_word' id='word_1_58' title='bbox 808 1034 952 1098; x_wconf 81' lang='lat' dir='ltr'>salutifer</span> <span class='ocrx_word' id='word_1_59' title='bbox 962 1033 1183 1118; x_wconf 82' lang='lat' dir='ltr'>Theantropos</span> <span class='ocrx_word' id='word_1_60' title='bbox 1195 1034 1338 1100; x_wconf 85' lang='lat' dir='ltr'>Christus</span> <span class='ocrx_word' id='word_1_61' title='bbox 1351 1035 1448 1100; x_wconf 88' lang='lat' dir='ltr'>lesus.</span> <span class='ocrx_word' id='word_1_62' title='bbox 1490 1038 1600 1101; x_wconf 82' lang='lat' dir='ltr'>Amen.</span> 
     </span>
    </p>
   </div>
   <div class='ocr_carea' id='block_1_3' title="bbox 310 1154 1620 1285">
    <p class='ocr_par' dir='ltr' id='par_1_3' title="bbox 310 1154 1620 1285">
     <span class='ocr_line' id='line_1_8' title="bbox 384 1154 1620 1219; baseline 0.004 -19"><span class='ocrx_word' id='word_1_63' title='bbox 384 1155 563 1204; x_wconf 71' lang='lat' dir='ltr'>llarulsulrriltl,</span> <span class='ocrx_word' id='word_1_64' title='bbox 584 1154 645 1201; x_wconf 52' lang='lat'>1⁸84</span> <span class='ocrx_word' id='word_1_65' title='bbox 665 1154 883 1204; x_wconf 52' lang='lat' dir='ltr'>rotmiro-ane.</span> <span class='ocrx_word' id='word_1_66' title='bbox 921 1157 997 1206; x_wconf 81' lang='lat' dir='ltr'>Gedr.</span> <span class='ocrx_word' id='word_1_67' title='bbox 1017 1158 1039 1205; x_wconf 88' lang='lat' dir='ltr'>b.</span> <span class='ocrx_word' id='word_1_68' title='bbox 1058 1157 1092 1202; x_wconf 68' lang='grc' dir='ltr'>Τπ</span> <span class='ocrx_word' id='word_1_69' title='bbox 1111 1158 1178 1205; x_wconf 68' lang='grc' dir='ltr'>5.ἳο</span> <span class='ocrx_word' id='word_1_70' title='bbox 1206 1159 1263 1204; x_wconf 81' lang='lat'>-71.</span> <span class='ocrx_word' id='word_1_71' title='bbox 1307 1159 1353 1204; x_wconf 86' lang='lat' dir='ltr'>l&#39;on</span> <span class='ocrx_word' id='word_1_72' title='bbox 1371 1157 1533 1206; x_wconf 54' lang='lat' dir='ltr'>‹le1·&#39;2t‹1rene</span> <span class='ocrx_word' id='word_1_73' title='bbox 1552 1161 1620 1219; x_wconf 67' lang='lat' dir='ltr'>aliqa-</span> 
     </span>
     <span class='ocr_line' id='line_1_9' title="bbox 310 1225 550 1285; baseline 0.008 -15"><span class='ocrx_word' id='word_1_74' title='bbox 310 1226 380 1271; x_wconf 72' lang='lat' dir='ltr'>selaeu</span> <span class='ocrx_word' id='word_1_75' title='bbox 401 1225 550 1285; x_wconf 65' lang='lat' dir='ltr'>voltuosum.</span> 
     </span>
    </p>
   </div>
   <div class='ocr_carea' id='block_1_4' title="bbox 382 1306 1238 1377">
    <p class='ocr_par' dir='ltr' id='par_1_4' title="bbox 382 1306 1238 1377">
     <span class='ocr_line' id='line_1_10' title="bbox 382 1306 1238 1377; baseline 0.001 -14"><span class='ocrx_word' id='word_1_76' title='bbox 382 1313 393 1340; x_wconf 86' lang='lat'>¹</span> <span class='ocrx_word' id='word_1_77' title='bbox 412 1320 444 1364; x_wconf 71' lang='lat' dir='ltr'>l&#39;z</span> <span class='ocrx_word' id='word_1_78' title='bbox 463 1325 660 1377; x_wconf 71' lang='lat' dir='ltr'>inireturnumque</span> <span class='ocrx_word' id='word_1_79' title='bbox 679 1321 819 1368; x_wconf 87' lang='lat' dir='ltr'>tumultum.</span> <span class='ocrx_word' id='word_1_80' title='bbox 892 1306 904 1342; x_wconf 48' lang='grc' dir='ltr'>δ</span> <span class='ocrx_word' id='word_1_81' title='bbox 923 1322 956 1366; x_wconf 69' lang='lat' dir='ltr'>ue</span> <span class='ocrx_word' id='word_1_82' title='bbox 974 1322 1052 1368; x_wconf 85' lang='lat' dir='ltr'>volut.</span> <span class='ocrx_word' id='word_1_83' title='bbox 1122 1314 1133 1341; x_wconf 70' lang='lat'><em>‘</em></span> <span class='ocrx_word' id='word_1_84' title='bbox 1155 1321 1187 1366; x_wconf 78' lang='lat' dir='ltr'>Tz</span> <span class='ocrx_word' id='word_1_85' title='bbox 1206 1327 1238 1367; x_wconf 88' lang='lat' dir='ltr'>st.</span> 
     </span>
    </p>
   </div>
   <div class='ocr_carea' id='block_1_5' title="bbox 313 1497 1619 1698">
    <p class='ocr_par' dir='ltr' id='par_1_5' title="bbox 313 1497 1619 1698">
     <span class='ocr_line' id='line_1_11' title="bbox 313 1497 1619 1602; baseline 0.003 -20"><span class='ocrx_word' id='word_1_86' title='bbox 313 1516 385 1586; x_wconf 77' lang='lat'>145.</span> <span class='ocrx_word' id='word_1_87' title='bbox 409 1513 453 1586; x_wconf 86' lang='lat' dir='ltr'>ll.</span> <span class='ocrx_word' id='word_1_88' title='bbox 474 1532 518 1580; x_wconf 87' lang='lat' dir='ltr'>an</span> <span class='ocrx_word' id='word_1_89' title='bbox 538 1513 769 1581; x_wconf 79' lang='lat' dir='ltr'>llereliorrlu.</span> <span class='ocrx_word' id='word_1_90' title='bbox 784 1514 818 1580; x_wconf 79' lang='lat' dir='ltr'>(l.</span> <span class='ocrx_word' id='word_1_91' title='bbox 831 1513 1006 1585; x_wconf 86' lang='lat' dir='ltr'>llartlren.</span> <span class='ocrx_word' id='word_1_92' title='bbox 1100 1514 1217 1582; x_wconf 81' lang='lat' dir='ltr'>uetus</span> <span class='ocrx_word' id='word_1_93' title='bbox 1238 1497 1338 1586; x_wconf 71' lang='lat' dir='ltr'>lauit.</span> <span class='ocrx_word' id='word_1_94' title='bbox 1369 1517 1496 1600; x_wconf 82' lang='lat' dir='ltr'>(Nlolrt</span> <span class='ocrx_word' id='word_1_95' title='bbox 1515 1518 1619 1602; x_wconf 78' lang='lat' dir='ltr'>lange</span> 
     </span>
     <span class='ocr_line' id='line_1_12' title="bbox 462 1610 912 1698; baseline 0 -20"><span class='ocrx_word' id='word_1_96' title='bbox 462 1610 554 1679; x_wconf 88' lang='lat' dir='ltr'>naolr</span> <span class='ocrx_word' id='word_1_97' title='bbox 579 1611 661 1678; x_wconf 75' lang='lat' dir='ltr'>ilem</span> <span class='ocrx_word' id='word_1_98' title='bbox 683 1612 737 1681; x_wconf 78' lang='lat' dir='ltr'>la.</span> <span class='ocrx_word' id='word_1_99' title='bbox 748 1611 912 1698; x_wconf 74' lang='lat' dir='ltr'>August.)</span> 
     </span>
    </p>
   </div>
   <div class='ocr_carea' id='block_1_6' title="bbox 311 1722 1618 1924">
    <p class='ocr_par' dir='ltr' id='par_1_6' title="bbox 311 1722 1618 1924">
     <span class='ocr_line' id='line_1_13' title="bbox 385 1722 1618 1782; baseline 0.003 -12"><span class='ocrx_word' id='word_1_100' title='bbox 385 1725 447 1772; x_wconf 78' lang='lat' dir='ltr'>lint.</span> <span class='ocrx_word' id='word_1_101' title='bbox 466 1723 534 1782; x_wconf 69' lang='lat' dir='ltr'>giebt</span> <span class='ocrx_word' id='word_1_102' title='bbox 554 1722 725 1782; x_wconf 63' lang='lat' dir='ltr'>llrlrlurungen</span> <span class='ocrx_word' id='word_1_103' title='bbox 745 1725 871 1770; x_wconf 83' lang='lat' dir='ltr'>mulrrsrer</span> <span class='ocrx_word' id='word_1_104' title='bbox 894 1726 1004 1772; x_wconf 80' lang='lat' dir='ltr'>seltener</span> <span class='ocrx_word' id='word_1_105' title='bbox 1021 1726 1183 1772; x_wconf 74' lang='lat' dir='ltr'>lateinischer</span> <span class='ocrx_word' id='word_1_106' title='bbox 1201 1727 1347 1774; x_wconf 77' lang='lat' dir='ltr'>Ausdrilelrn</span> <span class='ocrx_word' id='word_1_107' title='bbox 1366 1728 1417 1774; x_wconf 79' lang='lat' dir='ltr'>tund</span> <span class='ocrx_word' id='word_1_108' title='bbox 1435 1729 1550 1774; x_wconf 85' lang='lat' dir='ltr'>ermalmt</span> <span class='ocrx_word' id='word_1_109' title='bbox 1569 1730 1618 1774; x_wconf 88' lang='lat' dir='ltr'>He·</span> 
     </span>
     <span class='ocr_line' id='line_1_14' title="bbox 311 1794 1617 1858; baseline 0.002 -16"><span class='ocrx_word' id='word_1_110' title='bbox 311 1795 400 1842; x_wconf 78' lang='lat' dir='ltr'>reboril</span> <span class='ocrx_word' id='word_1_111' title='bbox 411 1794 602 1852; x_wconf 81' lang='lat' dir='ltr'>v.‹l.Marthen,</span> <span class='ocrx_word' id='word_1_112' title='bbox 622 1795 692 1840; x_wconf 85' lang='lat' dir='ltr'>nicht</span> <span class='ocrx_word' id='word_1_113' title='bbox 711 1809 774 1854; x_wconf 76' lang='lat' dir='ltr'>ganz</span> <span class='ocrx_word' id='word_1_114' title='bbox 793 1795 818 1840; x_wconf 90' lang='lat' dir='ltr'>iu</span> <span class='ocrx_word' id='word_1_115' title='bbox 838 1795 991 1854; x_wconf 77' lang='lat' dir='ltr'>abgelegone</span> <span class='ocrx_word' id='word_1_116' title='bbox 1008 1797 1113 1844; x_wconf 83' lang='lat' dir='ltr'>Studien</span> <span class='ocrx_word' id='word_1_117' title='bbox 1136 1797 1189 1842; x_wconf 76' lang='lat' dir='ltr'>sich</span> <span class='ocrx_word' id='word_1_118' title='bbox 1208 1812 1238 1842; x_wconf 82' lang='lat' dir='ltr'>zu</span> <span class='ocrx_word' id='word_1_119' title='bbox 1256 1799 1406 1858; x_wconf 76' lang='lat' dir='ltr'>verseuken,</span> <span class='ocrx_word' id='word_1_120' title='bbox 1424 1799 1531 1844; x_wconf 76' lang='lat' dir='ltr'>sonderu</span> <span class='ocrx_word' id='word_1_121' title='bbox 1552 1801 1617 1846; x_wconf 77' lang='lat' dir='ltr'>ancli</span> 
     </span>
     <span class='ocr_line' id='line_1_15' title="bbox 312 1864 1135 1924; baseline 0.001 -12"><span class='ocrx_word' id='word_1_122' title='bbox 312 1881 345 1912; x_wconf 86' lang='lat' dir='ltr'>an</span> <span class='ocrx_word' id='word_1_123' title='bbox 364 1865 404 1912; x_wconf 86' lang='lat' dir='ltr'>dio</span> <span class='ocrx_word' id='word_1_124' title='bbox 425 1864 607 1924; x_wconf 73' lang='lat' dir='ltr'>l&#39;orberoltung</span> <span class='ocrx_word' id='word_1_125' title='bbox 627 1879 671 1910; x_wconf 80' lang='lat' dir='ltr'>nur</span> <span class='ocrx_word' id='word_1_126' title='bbox 686 1865 849 1924; x_wconf 76' lang='lat' dir='ltr'>juristlsolreu</span> <span class='ocrx_word' id='word_1_127' title='bbox 871 1866 959 1911; x_wconf 61' lang='lat' dir='ltr'>Proin</span> <span class='ocrx_word' id='word_1_128' title='bbox 978 1881 1007 1912; x_wconf 78' lang='lat' dir='ltr'>zu</span> <span class='ocrx_word' id='word_1_129' title='bbox 1026 1867 1135 1914; x_wconf 76' lang='lat' dir='ltr'>ilonlron.</span> 
     </span>
    </p>
   </div>
   <div class='ocr_carea' id='block_1_7' title="bbox 310 1963 1618 2663">
    <p class='ocr_par' dir='ltr' id='par_1_7' title="bbox 393 1963 1569 2052">
     <span class='ocr_line' id='line_1_16' title="bbox 393 1963 1569 2052; baseline 0.002 -24"><span class='ocrx_word' id='word_1_130' title='bbox 393 1963 622 2028; x_wconf 80' lang='lat' dir='ltr'>Herebortlo</span> <span class='ocrx_word' id='word_1_131' title='bbox 646 1963 828 2044; x_wconf 64' lang='lat' dir='ltr'>Margarita),</span> <span class='ocrx_word' id='word_1_132' title='bbox 850 1965 1068 2028; x_wconf 81' lang='lat' dir='ltr'>aniantissimo</span> <span class='ocrx_word' id='word_1_133' title='bbox 1090 1967 1266 2047; x_wconf 88' lang='lat' dir='ltr'>vetustatis,</span> <span class='ocrx_word' id='word_1_134' title='bbox 1285 1967 1388 2030; x_wconf 85' lang='lat' dir='ltr'>anrieo</span> <span class='ocrx_word' id='word_1_135' title='bbox 1410 1968 1569 2052; x_wconf 84' lang='lat' dir='ltr'>precipuo.</span> 
     </span>
    </p>

    <p class='ocr_par' dir='ltr' id='par_1_8' title="bbox 310 2066 1618 2663">
     <span class='ocr_line' id='line_1_17' title="bbox 393 2066 1616 2150; baseline 0.004 -20"><span class='ocrx_word' id='word_1_136' title='bbox 393 2071 415 2130; x_wconf 75' lang='lat' dir='ltr'>S</span> <span class='ocrx_word' id='word_1_137' title='bbox 466 2066 584 2149; x_wconf 76' lang='lat' dir='ltr'>Aesopi</span> <span class='ocrx_word' id='word_1_138' title='bbox 613 2066 721 2130; x_wconf 78' lang='lat' dir='ltr'>literas</span> <span class='ocrx_word' id='word_1_139' title='bbox 746 2073 777 2130; x_wconf 90' lang='lat' dir='ltr'>et</span> <span class='ocrx_word' id='word_1_140' title='bbox 806 2067 993 2150; x_wconf 82' lang='lat' dir='ltr'>pira-Xllll</span> <span class='ocrx_word' id='word_1_141' title='bbox 1018 2067 1176 2132; x_wconf 77' lang='lat' dir='ltr'>Calenum</span> <span class='ocrx_word' id='word_1_142' title='bbox 1205 2068 1421 2134; x_wconf 78' lang='lat' dir='ltr'>Germanicas.</span> <span class='ocrx_word' id='word_1_143' title='bbox 1464 2069 1563 2134; x_wconf 81' lang='lat' dir='ltr'><strong>Heres</strong></span> <span class='ocrx_word' id='word_1_144' title='bbox 1586 2071 1616 2135; x_wconf 93' lang='lat' dir='ltr'>in</span> 
     </span>
     <span class='ocr_line' id='line_1_18' title="bbox 312 2169 1617 2254; baseline 0 -19"><span class='ocrx_word' id='word_1_145' title='bbox 312 2169 447 2235; x_wconf 81' lang='lat' dir='ltr'>lectione</span> <span class='ocrx_word' id='word_1_146' title='bbox 470 2169 575 2233; x_wconf 84' lang='lat' dir='ltr'>civilis</span> <span class='ocrx_word' id='word_1_147' title='bbox 596 2170 769 2252; x_wconf 79' lang='lat' dir='ltr'><strong>sapiencie.</strong></span> <span class='ocrx_word' id='word_1_148' title='bbox 811 2169 880 2251; x_wconf 81' lang='lat' dir='ltr'>Ego</span> <span class='ocrx_word' id='word_1_149' title='bbox 901 2189 976 2234; x_wconf 80' lang='lat' dir='ltr'>uero</span> <span class='ocrx_word' id='word_1_150' title='bbox 998 2171 1057 2234; x_wconf 88' lang='lat' dir='ltr'>tibi</span> <span class='ocrx_word' id='word_1_151' title='bbox 1069 2170 1248 2254; x_wconf 83' lang='lat' dir='ltr'>scrupulum</span> <span class='ocrx_word' id='word_1_152' title='bbox 1267 2171 1404 2235; x_wconf 83' lang='lat' dir='ltr'>eximam</span> <span class='ocrx_word' id='word_1_153' title='bbox 1426 2179 1457 2235; x_wconf 89' lang='lat' dir='ltr'>et</span> <span class='ocrx_word' id='word_1_154' title='bbox 1477 2172 1617 2237; x_wconf 77' lang='lat' dir='ltr'><strong>auferam</strong></span> 
     </span>
     <span class='ocr_line' id='line_1_19' title="bbox 312 2271 1618 2357; baseline 0.001 -19"><span class='ocrx_word' id='word_1_155' title='bbox 312 2272 550 2357; x_wconf 84' lang='lat' dir='ltr'>impedimenta,</span> <span class='ocrx_word' id='word_1_156' title='bbox 571 2279 605 2336; x_wconf 90' lang='lat' dir='ltr'>ut</span> <span class='ocrx_word' id='word_1_157' title='bbox 621 2271 720 2336; x_wconf 88' lang='lat' dir='ltr'>libero</span> <span class='ocrx_word' id='word_1_158' title='bbox 734 2271 898 2353; x_wconf 86' lang='lat' dir='ltr'>solutoque</span> <span class='ocrx_word' id='word_1_159' title='bbox 913 2272 993 2355; x_wconf 80' lang='lat' dir='ltr'>pede</span> <span class='ocrx_word' id='word_1_160' title='bbox 1009 2273 1164 2357; x_wconf 82' lang='lat' dir='ltr'>procedas</span> <span class='ocrx_word' id='word_1_161' title='bbox 1185 2280 1216 2336; x_wconf 92' lang='lat' dir='ltr'>et</span> <span class='ocrx_word' id='word_1_162' title='bbox 1234 2271 1267 2336; x_wconf 85' lang='lat' dir='ltr'>id</span> <span class='ocrx_word' id='word_1_163' title='bbox 1281 2273 1407 2354; x_wconf 76' lang='lat' dir='ltr'>uiridem</span> <span class='ocrx_word' id='word_1_164' title='bbox 1423 2275 1618 2340; x_wconf 86' lang='lat' dir='ltr'>testinanter.</span> 
     </span>
     <span class='ocr_line' id='line_1_20' title="bbox 310 2373 1616 2458; baseline 0.001 -18"><span class='ocrx_word' id='word_1_165' title='bbox 310 2375 396 2456; x_wconf 81' lang='lat' dir='ltr'>&#39;loga</span> <span class='ocrx_word' id='word_1_166' title='bbox 420 2393 499 2458; x_wconf 89' lang='lat' dir='ltr'>pura</span> <span class='ocrx_word' id='word_1_167' title='bbox 521 2374 638 2437; x_wconf 89' lang='lat' dir='ltr'>tirones</span> <span class='ocrx_word' id='word_1_168' title='bbox 659 2373 830 2438; x_wconf 87' lang='lat' dir='ltr'>induuntur·</span> <span class='ocrx_word' id='word_1_169' title='bbox 851 2384 997 2457; x_wconf 81' lang='lat' dir='ltr'>pretenta</span> <span class='ocrx_word' id='word_1_170' title='bbox 1025 2376 1136 2458; x_wconf 86' lang='lat' dir='ltr'>posita.</span> <span class='ocrx_word' id='word_1_171' title='bbox 1181 2375 1261 2438; x_wconf 84' lang='lat' dir='ltr'>Vide</span> <span class='ocrx_word' id='word_1_172' title='bbox 1282 2374 1385 2439; x_wconf 83' lang='lat' dir='ltr'>locum</span> <span class='ocrx_word' id='word_1_173' title='bbox 1404 2377 1563 2458; x_wconf 87' lang='lat' dir='ltr'>signatum</span> <span class='ocrx_word' id='word_1_174' title='bbox 1585 2378 1616 2441; x_wconf 92' lang='lat' dir='ltr'>in</span> 
     </span>
     <span class='ocr_line' id='line_1_21' title="bbox 310 2473 1616 2560; baseline -0.001 -16"><span class='ocrx_word' id='word_1_175' title='bbox 310 2477 482 2560; x_wconf 64' lang='lat' dir='ltr'>Augustol.</span> <span class='ocrx_word' id='word_1_176' title='bbox 536 2473 633 2539; x_wconf 88' lang='lat' dir='ltr'>Haste</span> <span class='ocrx_word' id='word_1_177' title='bbox 662 2494 737 2558; x_wconf 87' lang='lat' dir='ltr'>pure</span> <span class='ocrx_word' id='word_1_178' title='bbox 770 2483 974 2540; x_wconf 77' lang='lat' dir='ltr'>numerantur</span> <span class='ocrx_word' id='word_1_179' title='bbox 1001 2477 1083 2541; x_wconf 85' lang='lat' dir='ltr'>inter</span> <span class='ocrx_word' id='word_1_180' title='bbox 1112 2477 1196 2540; x_wconf 83' lang='lat' dir='ltr'>donn</span> <span class='ocrx_word' id='word_1_181' title='bbox 1224 2477 1389 2556; x_wconf 85' lang='lat' dir='ltr'>militaria,</span> <span class='ocrx_word' id='word_1_182' title='bbox 1423 2488 1456 2541; x_wconf 87' lang='lat' dir='ltr'>ut</span> <span class='ocrx_word' id='word_1_183' title='bbox 1476 2489 1548 2542; x_wconf 89' lang='lat' dir='ltr'>sunt</span> <span class='ocrx_word' id='word_1_184' title='bbox 1569 2499 1616 2544; x_wconf 79' lang='lat' dir='ltr'>ai·-</span> 
     </span>
     <span class='ocr_line' id='line_1_22' title="bbox 312 2575 1617 2663; baseline 0.002 -19"><span class='ocrx_word' id='word_1_185' title='bbox 312 2577 407 2658; x_wconf 85' lang='lat' dir='ltr'>mille,</span> <span class='ocrx_word' id='word_1_186' title='bbox 428 2575 545 2660; x_wconf 73' lang='lat' dir='ltr'>clypei,</span> <span class='ocrx_word' id='word_1_187' title='bbox 577 2577 648 2658; x_wconf 88' lang='lat' dir='ltr'>equi</span> <span class='ocrx_word' id='word_1_188' title='bbox 673 2578 855 2659; x_wconf 80' lang='lat' dir='ltr'>bellatores,</span> <span class='ocrx_word' id='word_1_189' title='bbox 878 2585 1014 2660; x_wconf 84' lang='lat' dir='ltr'>torques,</span> <span class='ocrx_word' id='word_1_190' title='bbox 1036 2577 1177 2662; x_wconf 80' lang='lat' dir='ltr'>phalera,</span> <span class='ocrx_word' id='word_1_191' title='bbox 1197 2598 1321 2643; x_wconf 82' lang='lat' dir='ltr'>corone.</span> <span class='ocrx_word' id='word_1_192' title='bbox 1362 2580 1450 2644; x_wconf 85' lang='lat' dir='ltr'>Cena</span> <span class='ocrx_word' id='word_1_193' title='bbox 1472 2600 1551 2663; x_wconf 84' lang='lat' dir='ltr'>puro</span> <span class='ocrx_word' id='word_1_194' title='bbox 1571 2601 1617 2646; x_wconf 90' lang='lat' dir='ltr'>re-</span> 
     </span>
    </p>
   </div>
   <div class='ocr_carea' id='block_1_8' title="bbox 254 2668 1693 3381">
    <p class='ocr_par' dir='ltr' id='par_1_9' title="bbox 254 2668 1693 3381">
     <span class='ocr_line' id='line_1_23' title="bbox 291 2668 1618 2767; baseline 0.001 -21"><span class='ocrx_word' id='word_1_195' title='bbox 291 2681 408 2746; x_wconf 75' lang='lat' dir='ltr'>&#39;l&#39;ertur</span> <span class='ocrx_word' id='word_1_196' title='bbox 429 2678 471 2745; x_wconf 84' lang='lat' dir='ltr'>nd</span> <span class='ocrx_word' id='word_1_197' title='bbox 493 2681 609 2743; x_wconf 85' lang='lat' dir='ltr'>uictum</span> <span class='ocrx_word' id='word_1_198' title='bbox 632 2679 804 2762; x_wconf 79' lang='lat' dir='ltr'><strong>Orphicum</strong></span> <span class='ocrx_word' id='word_1_199' title='bbox 826 2687 857 2746; x_wconf 91' lang='lat' dir='ltr'>et</span> <span class='ocrx_word' id='word_1_200' title='bbox 878 2679 1137 2764; x_wconf 79' lang='lat' dir='ltr'>Pythagoricum,</span> <span class='ocrx_word' id='word_1_201' title='bbox 1158 2683 1189 2744; x_wconf 90' lang='lat' dir='ltr'>in</span> <span class='ocrx_word' id='word_1_202' title='bbox 1213 2701 1275 2762; x_wconf 84' lang='lat' dir='ltr'>quo</span> <span class='ocrx_word' id='word_1_203' title='bbox 1298 2668 1358 2763; x_wconf 78' lang='lat' dir='ltr'>est,</span> <span class='ocrx_word' id='word_1_204' title='bbox 1376 2683 1402 2745; x_wconf 89' lang='lat' dir='ltr'>si</span> <span class='ocrx_word' id='word_1_205' title='bbox 1422 2681 1618 2767; x_wconf 67' lang='lat' dir='ltr'>Porplryriofl</span> 
     </span>
     <span class='ocr_line' id='line_1_24' title="bbox 254 2765 1617 2865; baseline 0.001 -16"><span class='ocrx_word' id='word_1_206' title='bbox 254 2765 257 2772; x_wconf 43' lang='lat'>¹</span> <span class='ocrx_word' id='word_1_207' title='bbox 312 2783 478 2864; x_wconf 85' lang='lat' dir='ltr'>oredimus,</span> <span class='ocrx_word' id='word_1_208' title='bbox 502 2783 569 2847; x_wconf 82' lang='lat' dir='ltr'>vila</span> <span class='ocrx_word' id='word_1_209' title='bbox 592 2789 709 2847; x_wconf 86' lang='lat' dir='ltr'>eterna.</span> <span class='ocrx_word' id='word_1_210' title='bbox 752 2784 903 2847; x_wconf 82' lang='lat' dir='ltr'>Auitumat</span> <span class='ocrx_word' id='word_1_211' title='bbox 919 2784 1002 2847; x_wconf 89' lang='lat' dir='ltr'>enirn</span> <span class='ocrx_word' id='word_1_212' title='bbox 1018 2782 1097 2846; x_wconf 90' lang='lat' dir='ltr'>libro</span> <span class='ocrx_word' id='word_1_213' title='bbox 1108 2793 1220 2865; x_wconf 86' lang='lat' dir='ltr'>quarto</span> <span class='ocrx_word' id='word_1_214' title='bbox 1231 2784 1271 2847; x_wconf 85' lang='lat' dir='ltr'>de</span> <span class='ocrx_word' id='word_1_215' title='bbox 1281 2783 1617 2851; x_wconf 85' lang='lat' dir='ltr'>sacrifieiisabstiuere</span> 
     </span>
     <span class='ocr_line' id='line_1_25' title="bbox 311 2885 1615 2970; baseline 0 -18"><span class='ocrx_word' id='word_1_216' title='bbox 311 2887 352 2952; x_wconf 88' lang='lat' dir='ltr'>ab</span> <span class='ocrx_word' id='word_1_217' title='bbox 381 2905 435 2952; x_wconf 90' lang='lat' dir='ltr'>esu</span> <span class='ocrx_word' id='word_1_218' title='bbox 459 2885 605 2961; x_wconf 85' lang='lat' dir='ltr'>carnium¹</span> <span class='ocrx_word' id='word_1_219' title='bbox 631 2905 701 2950; x_wconf 89' lang='lat' dir='ltr'>esse</span> <span class='ocrx_word' id='word_1_220' title='bbox 729 2886 827 2950; x_wconf 84' lang='lat' dir='ltr'>vitam</span> <span class='ocrx_word' id='word_1_221' title='bbox 855 2895 1005 2950; x_wconf 89' lang='lat' dir='ltr'>etemnm.</span> <span class='ocrx_word' id='word_1_222' title='bbox 1051 2886 1087 2950; x_wconf 87' lang='lat' dir='ltr'>Si</span> <span class='ocrx_word' id='word_1_223' title='bbox 1109 2886 1142 2950; x_wconf 87' lang='lat' dir='ltr'>id</span> <span class='ocrx_word' id='word_1_224' title='bbox 1164 2906 1286 2968; x_wconf 81' lang='lat' dir='ltr'>verium,</span> <span class='ocrx_word' id='word_1_225' title='bbox 1319 2887 1400 2953; x_wconf 88' lang='lat' dir='ltr'>male</span> <span class='ocrx_word' id='word_1_226' title='bbox 1422 2889 1527 2970; x_wconf 82' lang='lat' dir='ltr'>agitur</span> <span class='ocrx_word' id='word_1_227' title='bbox 1546 2908 1615 2952; x_wconf 86' lang='lat' dir='ltr'>oum</span> 
     </span>
     <span class='ocr_line' id='line_1_26' title="bbox 309 2987 1615 3076; baseline 0 -20"><span class='ocrx_word' id='word_1_228' title='bbox 309 2989 508 3074; x_wconf 68' lang='lat' dir='ltr'>urerrplragis,</span> <span class='ocrx_word' id='word_1_229' title='bbox 531 2987 610 3052; x_wconf 86' lang='lat' dir='ltr'>bene</span> <span class='ocrx_word' id='word_1_230' title='bbox 631 3007 701 3052; x_wconf 85' lang='lat' dir='ltr'>cum</span> <span class='ocrx_word' id='word_1_231' title='bbox 723 2987 939 3072; x_wconf 69' lang='lat' dir='ltr'>oaruonlragis</span> <span class='ocrx_word' id='word_1_232' title='bbox 960 2995 992 3052; x_wconf 89' lang='lat' dir='ltr'>et</span> <span class='ocrx_word' id='word_1_233' title='bbox 1013 2989 1176 3053; x_wconf 86' lang='lat' dir='ltr'>monachis</span> <span class='ocrx_word' id='word_1_234' title='bbox 1197 2991 1275 3066; x_wconf 91' lang='lat' dir='ltr'>illis,</span> <span class='ocrx_word' id='word_1_235' title='bbox 1303 2991 1367 3072; x_wconf 87' lang='lat' dir='ltr'>qui,</span> <span class='ocrx_word' id='word_1_236' title='bbox 1388 2991 1532 3073; x_wconf 85' lang='lat' dir='ltr'>quod-:ex</span> <span class='ocrx_word' id='word_1_237' title='bbox 1554 2992 1615 3076; x_wconf 86' lang='lat' dir='ltr'>pis-</span> 
     </span>
     <span class='ocr_line' id='line_1_27' title="bbox 309 3081 1693 3176; baseline -0.001 -18"><span class='ocrx_word' id='word_1_238' title='bbox 309 3095 399 3159; x_wconf 84' lang='lat' dir='ltr'>eibus</span> <span class='ocrx_word' id='word_1_239' title='bbox 413 3093 534 3171; x_wconf 87' lang='lat' dir='ltr'>vivunt,</span> <span class='ocrx_word' id='word_1_240' title='bbox 555 3089 618 3155; x_wconf 87' lang='lat' dir='ltr'>diei</span> <span class='ocrx_word' id='word_1_241' title='bbox 641 3099 773 3175; x_wconf 83' lang='lat' dir='ltr'>possunt</span> <span class='ocrx_word' id='word_1_242' title='bbox 785 3085 967 3175; x_wconf 76' lang='grc' dir='ltr'>ἰχθυοφάγοι</span> <span class='ocrx_word' id='word_1_243' title='bbox 1016 3091 1157 3156; x_wconf 83' lang='lat' dir='ltr'>Plinius⁴</span> <span class='ocrx_word' id='word_1_244' title='bbox 1174 3093 1315 3156; x_wconf 87' lang='lat' dir='ltr'>nominat</span> <span class='ocrx_word' id='word_1_245' title='bbox 1335 3111 1460 3156; x_wconf 83' lang='lat' dir='ltr'>earnem</span> <span class='ocrx_word' id='word_1_246' title='bbox 1472 3094 1615 3176; x_wconf 79' lang='lat' dir='ltr'>piscium.</span> <span class='ocrx_word' id='word_1_247' title='bbox 1685 3081 1693 3096; x_wconf 62' lang='lat'><strong>⁹</strong></span> 
     </span>
     <span class='ocr_line' id='line_1_28' title="bbox 310 3193 1615 3278; baseline 0.001 -18"><span class='ocrx_word' id='word_1_248' title='bbox 310 3197 377 3260; x_wconf 88' lang='lat' dir='ltr'>Nos</span> <span class='ocrx_word' id='word_1_249' title='bbox 388 3203 533 3278; x_wconf 83' lang='lat' dir='ltr'>putemus</span> <span class='ocrx_word' id='word_1_250' title='bbox 546 3212 615 3258; x_wconf 89' lang='lat' dir='ltr'>eum</span> <span class='ocrx_word' id='word_1_251' title='bbox 631 3195 794 3278; x_wconf 66' lang='lat' dir='ltr'>armslolo5</span> <span class='ocrx_word' id='word_1_252' title='bbox 814 3195 922 3258; x_wconf 82' lang='lat' dir='ltr'>onmia</span> <span class='ocrx_word' id='word_1_253' title='bbox 942 3194 1060 3258; x_wconf 83' lang='lat' dir='ltr'>mrtndn</span> <span class='ocrx_word' id='word_1_254' title='bbox 1076 3193 1201 3259; x_wconf 90' lang='lat' dir='ltr'>mundis</span> <span class='ocrx_word' id='word_1_255' title='bbox 1212 3195 1344 3275; x_wconf 73' lang='lat' dir='ltr'>eumque</span> <span class='ocrx_word' id='word_1_256' title='bbox 1356 3213 1477 3278; x_wconf 82' lang='lat' dir='ltr'>purum,</span> <span class='ocrx_word' id='word_1_257' title='bbox 1497 3205 1615 3278; x_wconf 81' lang='lat' dir='ltr'>putum,</span> 
     </span>
     <span class='ocr_line' id='line_1_29' title="bbox 310 3295 1615 3381; baseline -0.001 -18"><span class='ocrx_word' id='word_1_258' title='bbox 310 3299 362 3381; x_wconf 89' lang='lat' dir='ltr'>qui</span> <span class='ocrx_word' id='word_1_259' title='bbox 387 3297 481 3361; x_wconf 88' lang='lat' dir='ltr'>nullis</span> <span class='ocrx_word' id='word_1_260' title='bbox 502 3297 595 3360; x_wconf 87' lang='lat' dir='ltr'>violis</span> <span class='ocrx_word' id='word_1_261' title='bbox 617 3297 752 3361; x_wconf 81' lang='lat' dir='ltr'>inlectus</span> <span class='ocrx_word' id='word_1_262' title='bbox 774 3306 830 3362; x_wconf 89' lang='lat' dir='ltr'>est.</span> <span class='ocrx_word' id='word_1_263' title='bbox 872 3296 966 3361; x_wconf 86' lang='lat' dir='ltr'>Nune</span> <span class='ocrx_word' id='word_1_264' title='bbox 986 3296 1027 3362; x_wconf 85' lang='lat' dir='ltr'>de</span> <span class='ocrx_word' id='word_1_265' title='bbox 1043 3297 1150 3362; x_wconf 83' lang='lat' dir='ltr'>verbis</span> <span class='ocrx_word' id='word_1_266' title='bbox 1168 3296 1273 3378; x_wconf 83' lang='lat' dir='ltr'>legum</span> <span class='ocrx_word' id='word_1_267' title='bbox 1295 3305 1444 3379; x_wconf 88' lang='lat' dir='ltr'>tauquam</span> <span class='ocrx_word' id='word_1_268' title='bbox 1467 3295 1562 3362; x_wconf 76' lang='lat' dir='ltr'>rause</span> <span class='ocrx_word' id='word_1_269' title='bbox 1581 3298 1615 3362; x_wconf 95' lang='lat' dir='ltr'>li-</span> 
     </span>
    </p>
   </div>
   <div class='ocr_carea' id='block_1_9' title="bbox 307 3427 509 3438">
    <p class='ocr_par' dir='ltr' id='par_1_10' title="bbox 307 3427 509 3438">
     <span class='ocr_line' id='line_1_30' title="bbox 307 3427 509 3438; baseline -0.02 0"><span class='ocrx_word' id='word_1_270' title='bbox 307 3427 509 3438; x_wconf 70' lang='lat'><em>-—...-—-·-———-</em></span> 
     </span>
    </p>
   </div>
   <div class='ocr_carea' id='block_1_10' title="bbox 308 3497 1615 3816">
    <p class='ocr_par' dir='ltr' id='par_1_11' title="bbox 308 3497 1615 3816">
     <span class='ocr_line' id='line_1_31' title="bbox 373 3497 1615 3576; baseline -0.002 -16"><span class='ocrx_word' id='word_1_271' title='bbox 373 3502 383 3544; x_wconf 93' lang='lat'><strong>¹</strong></span> <span class='ocrx_word' id='word_1_272' title='bbox 406 3504 499 3576; x_wconf 84' lang='lat' dir='ltr'>Guorg</span> <span class='ocrx_word' id='word_1_273' title='bbox 524 3497 618 3572; x_wconf 84' lang='lat' dir='ltr'>Ruess,</span> <span class='ocrx_word' id='word_1_274' title='bbox 645 3501 792 3556; x_wconf 85' lang='lat' dir='ltr'>lutinisiert</span> <span class='ocrx_word' id='word_1_275' title='bbox 818 3501 938 3572; x_wconf 86' lang='lat' dir='ltr'>Russus,</span> <span class='ocrx_word' id='word_1_276' title='bbox 967 3504 1034 3557; x_wconf 83' lang='lat' dir='ltr'>wird</span> <span class='ocrx_word' id='word_1_277' title='bbox 1057 3522 1110 3557; x_wconf 92' lang='lat' dir='ltr'>nur</span> <span class='ocrx_word' id='word_1_278' title='bbox 1136 3503 1224 3558; x_wconf 81' lang='lat' dir='ltr'>sellon</span> <span class='ocrx_word' id='word_1_279' title='bbox 1251 3503 1280 3556; x_wconf 91' lang='lat' dir='ltr'>in</span> <span class='ocrx_word' id='word_1_280' title='bbox 1309 3503 1363 3556; x_wconf 84' lang='lat' dir='ltr'>don</span> <span class='ocrx_word' id='word_1_281' title='bbox 1387 3501 1498 3557; x_wconf 87' lang='lat' dir='ltr'>Briofeu</span> <span class='ocrx_word' id='word_1_282' title='bbox 1525 3503 1615 3559; x_wconf 82' lang='lat' dir='ltr'>seinos</span> 
     </span>
     <span class='ocr_line' id='line_1_32' title="bbox 309 3580 1615 3658; baseline -0.002 -16"><span class='ocrx_word' id='word_1_283' title='bbox 309 3586 524 3658; x_wconf 85' lang='lat' dir='ltr'>Stiftsgenossen</span> <span class='ocrx_word' id='word_1_284' title='bbox 537 3584 642 3638; x_wconf 82' lang='lat' dir='ltr'>Mutina</span> <span class='ocrx_word' id='word_1_285' title='bbox 665 3583 790 3638; x_wconf 61' lang='lat' dir='ltr'>eriiahnl</span> <span class='ocrx_word' id='word_1_286' title='bbox 811 3580 918 3654; x_wconf 78' lang='lat' dir='ltr'>(suisset</span> <span class='ocrx_word' id='word_1_287' title='bbox 938 3584 998 3639; x_wconf 85' lang='lat' dir='ltr'>hier</span> <span class='ocrx_word' id='word_1_288' title='bbox 1019 3585 1092 3638; x_wconf 85' lang='lat' dir='ltr'>noch</span> <span class='ocrx_word' id='word_1_289' title='bbox 1113 3584 1170 3638; x_wconf 87' lang='lat' dir='ltr'>drei</span> <span class='ocrx_word' id='word_1_290' title='bbox 1185 3583 1279 3653; x_wconf 85' lang='lat' dir='ltr'>Male).</span> <span class='ocrx_word' id='word_1_291' title='bbox 1320 3582 1385 3636; x_wconf 86' lang='lat' dir='ltr'>Sein</span> <span class='ocrx_word' id='word_1_292' title='bbox 1397 3583 1615 3639; x_wconf 78' lang='lat' dir='ltr'>Leberrsunntlel</span> 
     </span>
     <span class='ocr_line' id='line_1_33' title="bbox 309 3661 1613 3734; baseline -0.002 -13"><span class='ocrx_word' id='word_1_293' title='bbox 309 3668 417 3722; x_wconf 86' lang='lat' dir='ltr'>soheint</span> <span class='ocrx_word' id='word_1_294' title='bbox 439 3665 518 3719; x_wconf 86' lang='lat' dir='ltr'>nicht.</span> <span class='ocrx_word' id='word_1_295' title='bbox 538 3665 623 3718; x_wconf 87' lang='lat' dir='ltr'>soviol</span> <span class='ocrx_word' id='word_1_296' title='bbox 645 3664 761 3717; x_wconf 74' lang='lat' dir='ltr'>Aristoni</span> <span class='ocrx_word' id='word_1_297' title='bbox 785 3665 834 3718; x_wconf 85' lang='lat' dir='ltr'>wie</span> <span class='ocrx_word' id='word_1_298' title='bbox 861 3665 910 3718; x_wconf 88' lang='lat' dir='ltr'>der</span> <span class='ocrx_word' id='word_1_299' title='bbox 938 3664 1015 3718; x_wconf 85' lang='lat' dir='ltr'>eines</span> <span class='ocrx_word' id='word_1_300' title='bbox 1036 3664 1170 3734; x_wconf 84' lang='lat' dir='ltr'>Kiiteling</span> <span class='ocrx_word' id='word_1_301' title='bbox 1191 3661 1315 3734; x_wconf 67' lang='lat' dir='ltr'>tLotiusl</span> <span class='ocrx_word' id='word_1_302' title='bbox 1340 3670 1433 3734; x_wconf 81' lang='lat' dir='ltr'>erregt</span> <span class='ocrx_word' id='word_1_303' title='bbox 1460 3681 1493 3718; x_wconf 84' lang='lat' dir='ltr'>zu</span> <span class='ocrx_word' id='word_1_304' title='bbox 1514 3665 1613 3720; x_wconf 79' lang='lat' dir='ltr'>haben.</span> 
     </span>
     <span class='ocr_line' id='line_1_34' title="bbox 308 3743 1614 3816; baseline -0.002 -15"><span class='ocrx_word' id='word_1_305' title='bbox 308 3749 346 3802; x_wconf 89' lang='lat' dir='ltr'>Er</span> <span class='ocrx_word' id='word_1_306' title='bbox 367 3765 441 3800; x_wconf 83' lang='lat' dir='ltr'>niues</span> <span class='ocrx_word' id='word_1_307' title='bbox 469 3746 513 3799; x_wconf 81' lang='lat' dir='ltr'>sin</span> <span class='ocrx_word' id='word_1_308' title='bbox 541 3746 628 3802; x_wconf 82' lang='lat' dir='ltr'>hohen</span> <span class='ocrx_word' id='word_1_309' title='bbox 649 3743 729 3798; x_wconf 81' lang='lat' dir='ltr'>Alter</span> <span class='ocrx_word' id='word_1_310' title='bbox 755 3745 873 3798; x_wconf 83' lang='lat' dir='ltr'>erreielrt</span> <span class='ocrx_word' id='word_1_311' title='bbox 899 3745 1006 3816; x_wconf 84' lang='lat' dir='ltr'>haben,</span> <span class='ocrx_word' id='word_1_312' title='bbox 1033 3746 1106 3798; x_wconf 87' lang='lat' dir='ltr'>deun</span> <span class='ocrx_word' id='word_1_313' title='bbox 1133 3746 1263 3798; x_wconf 80' lang='lat' dir='ltr'>wiilrreml</span> <span class='ocrx_word' id='word_1_314' title='bbox 1285 3761 1315 3798; x_wconf 91' lang='lat' dir='ltr'>er</span> <span class='ocrx_word' id='word_1_315' title='bbox 1339 3743 1415 3797; x_wconf 74' lang='lat'>1514</span> <span class='ocrx_word' id='word_1_316' title='bbox 1442 3744 1544 3800; x_wconf 78' lang='lat' dir='ltr'>bereits</span> <span class='ocrx_word' id='word_1_317' title='bbox 1568 3746 1614 3800; x_wconf 87' lang='lat' dir='ltr'>eiu</span> 
     </span>
    </p>
   </div>
   <div class='ocr_carea' id='block_1_11' title="bbox 308 3823 1615 3977">
    <p class='ocr_par' dir='ltr' id='par_1_12' title="bbox 308 3823 1615 3977">
     <span class='ocr_line' id='line_1_35' title="bbox 309 3823 1614 3898; baseline -0.003 -14"><span class='ocrx_word' id='word_1_318' title='bbox 309 3828 390 3884; x_wconf 74' lang='lat' dir='ltr'>Grais</span> <span class='ocrx_word' id='word_1_319' title='bbox 417 3833 541 3898; x_wconf 77' lang='lat' dir='ltr'>germunt</span> <span class='ocrx_word' id='word_1_320' title='bbox 566 3826 622 3879; x_wconf 90' lang='lat' dir='ltr'>und</span> <span class='ocrx_word' id='word_1_321' title='bbox 648 3825 706 3878; x_wconf 89' lang='lat' dir='ltr'>sein</span> <span class='ocrx_word' id='word_1_322' title='bbox 734 3823 922 3879; x_wconf 84' lang='lat' dir='ltr'>Hirrsuheiden</span> <span class='ocrx_word' id='word_1_323' title='bbox 951 3825 992 3879; x_wconf 88' lang='lat' dir='ltr'>nls</span> <span class='ocrx_word' id='word_1_324' title='bbox 1021 3825 1091 3878; x_wconf 86' lang='lat' dir='ltr'>nahe</span> <span class='ocrx_word' id='word_1_325' title='bbox 1121 3825 1321 3880; x_wconf 79' lang='lat' dir='ltr'>bevornteheml</span> <span class='ocrx_word' id='word_1_326' title='bbox 1348 3825 1510 3880; x_wconf 81' lang='lat' dir='ltr'>bezoielruot</span> <span class='ocrx_word' id='word_1_327' title='bbox 1539 3827 1614 3894; x_wconf 83' lang='lat' dir='ltr'>uird,</span> 
     </span>
     <span class='ocr_line' id='line_1_36' title="bbox 308 3905 1615 3977; baseline -0.004 -13"><span class='ocrx_word' id='word_1_328' title='bbox 308 3910 382 3964; x_wconf 84' lang='lat' dir='ltr'>lebte</span> <span class='ocrx_word' id='word_1_329' title='bbox 402 3927 431 3961; x_wconf 86' lang='lat' dir='ltr'>or·</span> <span class='ocrx_word' id='word_1_330' title='bbox 452 3907 523 3960; x_wconf 86' lang='lat' dir='ltr'>nooh</span> <span class='ocrx_word' id='word_1_331' title='bbox 545 3905 581 3958; x_wconf 89' lang='lat' dir='ltr'>im</span> <span class='ocrx_word' id='word_1_332' title='bbox 603 3905 688 3960; x_wconf 85' lang='lat' dir='ltr'>Jahro</span> <span class='ocrx_word' id='word_1_333' title='bbox 712 3905 797 3962; x_wconf 74' lang='lat'><strong>1523.</strong></span> <span class='ocrx_word' id='word_1_334' title='bbox 841 3905 915 3977; x_wconf 78' lang='lat' dir='ltr'>(ugr.</span> <span class='ocrx_word' id='word_1_335' title='bbox 938 3905 1039 3960; x_wconf 84' lang='lat' dir='ltr'>Miiller</span> <span class='ocrx_word' id='word_1_336' title='bbox 1060 3905 1200 3974; x_wconf 84' lang='lat' dir='ltr'>inGothu,</span> <span class='ocrx_word' id='word_1_337' title='bbox 1220 3905 1350 3960; x_wconf 75' lang='lat' dir='ltr'>Zoitsolrr.</span> <span class='ocrx_word' id='word_1_338' title='bbox 1372 3905 1548 3960; x_wconf 81' lang='lat' dir='ltr'>desl&#39;ereius</span> <span class='ocrx_word' id='word_1_339' title='bbox 1569 3906 1615 3960; x_wconf 83' lang='lat' dir='ltr'>fur</span> 
     </span>
    </p>
   </div>
   <div class='ocr_carea' id='block_1_12' title="bbox 219 3985 1092 4058">
    <p class='ocr_par' dir='ltr' id='par_1_13' title="bbox 219 3985 1092 4058">
     <span class='ocr_line' id='line_1_37' title="bbox 219 3985 1092 4058; baseline -0.006 -13"><span class='ocrx_word' id='word_1_340' title='bbox 219 4055 221 4058; x_wconf 23' lang='lat'>¹</span> <span class='ocrx_word' id='word_1_341' title='bbox 308 3991 379 4044; x_wconf 67' lang='lat' dir='ltr'>tlriirz</span> <span class='ocrx_word' id='word_1_342' title='bbox 401 3987 499 4041; x_wconf 71' lang='lat' dir='ltr'>(loni-li.</span> <span class='ocrx_word' id='word_1_343' title='bbox 521 4005 547 4040; x_wconf 93' lang='lat' dir='ltr'>n.</span> <span class='ocrx_word' id='word_1_344' title='bbox 570 3985 845 4041; x_wconf 83' lang='lat' dir='ltr'>Alturlhnrnskurrde.</span> <span class='ocrx_word' id='word_1_345' title='bbox 888 3985 938 4040; x_wconf 87' lang='lat' dir='ltr'>Bd.</span> <span class='ocrx_word' id='word_1_346' title='bbox 954 3986 989 4056; x_wconf 86' lang='lat' dir='ltr'>V,</span> <span class='ocrx_word' id='word_1_347' title='bbox 1008 3985 1035 4040; x_wconf 87' lang='lat' dir='ltr'>S.</span> <span class='ocrx_word' id='word_1_348' title='bbox 1047 3986 1092 4040; x_wconf 84' lang='grc'>63.</span> 
     </span>
    </p>
   </div>
   <div class='ocr_carea' id='block_1_13' title="bbox 307 4065 1613 4298">
    <p class='ocr_par' dir='ltr' id='par_1_14' title="bbox 307 4065 1613 4298">
     <span class='ocr_line' id='line_1_38' title="bbox 370 4065 1613 4138; baseline -0.001 -17"><span class='ocrx_word' id='word_1_349' title='bbox 370 4065 384 4108; x_wconf 67' lang='lat'><strong>2</strong></span> <span class='ocrx_word' id='word_1_350' title='bbox 403 4069 483 4138; x_wconf 78' lang='lat' dir='ltr'>Toga</span> <span class='ocrx_word' id='word_1_351' title='bbox 504 4085 573 4137; x_wconf 84' lang='lat' dir='ltr'>pura</span> <span class='ocrx_word' id='word_1_352' title='bbox 593 4065 845 4136; x_wconf 79' lang='lat' dir='ltr'>gleiohberleuterul</span> <span class='ocrx_word' id='word_1_353' title='bbox 868 4067 920 4120; x_wconf 88' lang='lat' dir='ltr'>mit</span> <span class='ocrx_word' id='word_1_354' title='bbox 940 4075 1006 4136; x_wconf 80' lang='lat' dir='ltr'>toga</span> <span class='ocrx_word' id='word_1_355' title='bbox 1026 4066 1122 4123; x_wconf 85' lang='lat' dir='ltr'>virilis.</span> <span class='ocrx_word' id='word_1_356' title='bbox 1163 4067 1200 4120; x_wconf 87' lang='lat' dir='ltr'>Es</span> <span class='ocrx_word' id='word_1_357' title='bbox 1222 4066 1259 4120; x_wconf 89' lang='lat' dir='ltr'>ist</span> <span class='ocrx_word' id='word_1_358' title='bbox 1278 4069 1363 4122; x_wconf 77' lang='lat' dir='ltr'>rlnlrer</span> <span class='ocrx_word' id='word_1_359' title='bbox 1383 4067 1613 4122; x_wconf 68' lang='lat' dir='ltr'>wallimolminliolr</span> 
     </span>
     <span class='ocr_line' id='line_1_39' title="bbox 307 4146 1613 4218; baseline -0.003 -13"><span class='ocrx_word' id='word_1_360' title='bbox 307 4151 352 4205; x_wconf 82' lang='lat' dir='ltr'>die</span> <span class='ocrx_word' id='word_1_361' title='bbox 374 4149 459 4203; x_wconf 70' lang='lat' dir='ltr'>suello</span> <span class='ocrx_word' id='word_1_362' title='bbox 483 4147 527 4202; x_wconf 85' lang='lat' dir='ltr'>boi</span> <span class='ocrx_word' id='word_1_363' title='bbox 548 4147 661 4214; x_wconf 79' lang='lat' dir='ltr'>Sunion,</span> <span class='ocrx_word' id='word_1_364' title='bbox 683 4146 834 4218; x_wconf 74' lang='lat' dir='ltr'>Augustus,</span> <span class='ocrx_word' id='word_1_365' title='bbox 855 4147 887 4199; x_wconf 91' lang='lat'>8:</span> <span class='ocrx_word' id='word_1_366' title='bbox 909 4147 1097 4210; x_wconf 78' lang='lat' dir='ltr'>Quadriennio</span> <span class='ocrx_word' id='word_1_367' title='bbox 1126 4154 1190 4217; x_wconf 86' lang='lat' dir='ltr'>post</span> <span class='ocrx_word' id='word_1_368' title='bbox 1211 4161 1260 4215; x_wconf 62' lang='lat' dir='ltr'>isc.</span> <span class='ocrx_word' id='word_1_369' title='bbox 1282 4149 1476 4204; x_wconf 81' lang='lat' dir='ltr'>driodeeituuut</span> <span class='ocrx_word' id='word_1_370' title='bbox 1498 4149 1613 4218; x_wconf 78' lang='lat' dir='ltr'>aurium)</span> 
     </span>
     <span class='ocr_line' id='line_1_40' title="bbox 308 4225 1612 4298; baseline -0.003 -12"><span class='ocrx_word' id='word_1_371' title='bbox 308 4231 380 4286; x_wconf 83' lang='lat' dir='ltr'>virili</span> <span class='ocrx_word' id='word_1_372' title='bbox 403 4236 467 4298; x_wconf 78' lang='lat' dir='ltr'>toga</span> <span class='ocrx_word' id='word_1_373' title='bbox 489 4236 599 4298; x_wconf 78' lang='lat' dir='ltr'>stimplo</span> <span class='ocrx_word' id='word_1_374' title='bbox 620 4227 787 4282; x_wconf 82' lang='lat' dir='ltr'>militaribus</span> <span class='ocrx_word' id='word_1_375' title='bbox 807 4227 887 4280; x_wconf 88' lang='lat' dir='ltr'>donis</span> <span class='ocrx_word' id='word_1_376' title='bbox 908 4227 1049 4296; x_wconf 85' lang='lat' dir='ltr'>triumpho</span> <span class='ocrx_word' id='word_1_377' title='bbox 1061 4225 1186 4282; x_wconf 83' lang='lat' dir='ltr'>Caesaris</span> <span class='ocrx_word' id='word_1_378' title='bbox 1206 4226 1340 4283; x_wconf 80' lang='lat' dir='ltr'>Africano</span> <span class='ocrx_word' id='word_1_379' title='bbox 1361 4229 1479 4282; x_wconf 75' lang='lat' dir='ltr'>doristus</span> <span class='ocrx_word' id='word_1_380' title='bbox 1501 4236 1543 4283; x_wconf 85' lang='lat' dir='ltr'>est</span> <span class='ocrx_word' id='word_1_381' title='bbox 1559 4236 1612 4282; x_wconf 78' lang='lat' dir='ltr'>ote.</span> 
     </span>
    </p>
   </div>
   <div class='ocr_carea' id='block_1_14' title="bbox 306 4311 1612 4541">
    <p class='ocr_par' dir='ltr' id='par_1_15' title="bbox 306 4311 1612 4541">
     <span class='ocr_line' id='line_1_41' title="bbox 306 4311 436 4384; baseline -0.023 -18"><span class='ocrx_word' id='word_1_382' title='bbox 306 4311 436 4384; x_wconf 84' lang='lat' dir='ltr'>gemeiut.</span> 
     </span>
     <span class='ocr_line' id='line_1_42' title="bbox 370 4387 703 4462; baseline -0.012 -16"><span class='ocrx_word' id='word_1_383' title='bbox 370 4389 385 4431; x_wconf 78' lang='lat'>³</span> <span class='ocrx_word' id='word_1_384' title='bbox 406 4391 469 4462; x_wconf 81' lang='lat' dir='ltr'>Vgl.</span> <span class='ocrx_word' id='word_1_385' title='bbox 493 4389 538 4447; x_wconf 87' lang='lat' dir='ltr'>llr.</span> <span class='ocrx_word' id='word_1_386' title='bbox 553 4387 618 4444; x_wconf 75' lang='lat'>147.</span> <span class='ocrx_word' id='word_1_387' title='bbox 701 4393 703 4400; x_wconf 84' lang='lat'>&#39;</span> 
     </span>
     <span class='ocr_line' id='line_1_43' title="bbox 367 4467 1612 4541; baseline -0.001 -16"><span class='ocrx_word' id='word_1_388' title='bbox 367 4467 381 4510; x_wconf 78' lang='lat'><strong>⁴</strong></span> <span class='ocrx_word' id='word_1_389' title='bbox 405 4471 544 4526; x_wconf 82' lang='lat' dir='ltr'>Naturalis</span> <span class='ocrx_word' id='word_1_390' title='bbox 565 4467 680 4524; x_wconf 81' lang='lat' dir='ltr'>historia</span> <span class='ocrx_word' id='word_1_391' title='bbox 702 4467 887 4538; x_wconf 60' lang='lat' dir='ltr'>1X,1u=g30):</span> <span class='ocrx_word' id='word_1_392' title='bbox 909 4487 972 4524; x_wconf 86' lang='lat' dir='ltr'>nam</span> <span class='ocrx_word' id='word_1_393' title='bbox 995 4476 1023 4524; x_wconf 84' lang='lat' dir='ltr'>et</span> <span class='ocrx_word' id='word_1_394' title='bbox 1043 4470 1106 4541; x_wconf 76' lang='lat' dir='ltr'>alga</span> <span class='ocrx_word' id='word_1_395' title='bbox 1126 4477 1275 4525; x_wconf 76' lang='lat' dir='ltr'>vescuntur</span> <span class='ocrx_word' id='word_1_396' title='bbox 1295 4479 1323 4525; x_wconf 85' lang='lat' dir='ltr'>et</span> <span class='ocrx_word' id='word_1_397' title='bbox 1340 4469 1438 4526; x_wconf 78' lang='lat' dir='ltr'>ostreis</span> <span class='ocrx_word' id='word_1_398' title='bbox 1458 4478 1486 4527; x_wconf 84' lang='lat' dir='ltr'>et</span> <span class='ocrx_word' id='word_1_399' title='bbox 1508 4469 1574 4526; x_wconf 87' lang='lat' dir='ltr'>limo</span> <span class='ocrx_word' id='word_1_400' title='bbox 1585 4478 1612 4525; x_wconf 87' lang='lat' dir='ltr'>et</span> 
     </span>
    </p>
   </div>
   <div class='ocr_carea' id='block_1_15' title="bbox 305 4551 673 4688">
    <p class='ocr_par' dir='ltr' id='par_1_16' title="bbox 305 4551 673 4688">
     <span class='ocr_line' id='line_1_44' title="bbox 305 4551 673 4622; baseline -0.024 -9"><span class='ocrx_word' id='word_1_401' title='bbox 305 4556 422 4612; x_wconf 83' lang='lat' dir='ltr'>aliorum</span> <span class='ocrx_word' id='word_1_402' title='bbox 444 4551 562 4622; x_wconf 68' lang='lat' dir='ltr'>piscium</span> <span class='ocrx_word' id='word_1_403' title='bbox 585 4567 673 4604; x_wconf 75' lang='lat' dir='ltr'>cartre.</span> 
     </span>
     <span class='ocr_line' id='line_1_45' title="bbox 367 4623 592 4688; baseline -0.013 1"><span class='ocrx_word' id='word_1_404' title='bbox 367 4629 381 4674; x_wconf 81' lang='lat'><em>⁶</em></span> <span class='ocrx_word' id='word_1_405' title='bbox 403 4623 484 4688; x_wconf 79' lang='lat' dir='ltr'>Titus</span> <span class='ocrx_word' id='word_1_406' title='bbox 507 4631 530 4686; x_wconf 94' lang='lat' dir='ltr'>l.</span> <span class='ocrx_word' id='word_1_407' title='bbox 550 4629 592 4686; x_wconf 76' lang='lat'>15.</span> 
     </span>
    </p>
   </div>
   <div class='ocr_carea' id='block_1_16' title="bbox 0 0 1818 5192">
    <p class='ocr_par' dir='ltr' id='par_1_17' title="bbox 0 0 1818 5192">
     <span class='ocr_line' id='line_1_46' title="bbox 0 0 1818 5192; baseline 0 3"><span class='ocrx_word' id='word_1_408' title='bbox 0 0 1818 5192; x_wconf 95' lang='lat' dir='ltr'> </span> 
     </span>
    </p>
   </div>
  </div>
 </body>
</html>
