3625 5192
284 329 336 382 428
658 327 917 395 Gescbielrtsqucllcn
935 331 984 381 der
1004 329 1074 381 Prov.
1094 327 1217 382 Sacbsen.

284 477 347 540 nisi
377 476 460 557 quod
488 496 522 540 es
551 475 678 540 honoris
707 483 739 540 ct
763 476 898 560 pecunie
925 477 1020 560 paulu
1047 475 1172 542 avidior
1202 467 1236 541 ¹et
1258 475 1350 556 quasi
1379 476 1592 540 mercenarius

285 578 404 642 rabula.
446 579 557 659 ltaque
585 579 714 642 mutatis
739 579 846 643 verbis
866 580 912 642 ita
941 586 971 642 te
999 578 1088 643 alfari
1117 579 1205 644 licet:
1234 579 1341 662 Turpe
1367 577 1494 659 quidem
1522 598 1593 644 esse

283 679 384 743 nobili
404 687 436 744 et
455 680 589 764 patricio
612 681 794 744 Herebordo
816 688 847 745 et
869 681 1111 762 causas-agenti
1131 681 1197 760 ius,
1225 681 1256 742 iu
1278 699 1338 761 quo
1360 690 1518 761 versatur,
1545 681 1592 744 di-

284 781 431 846 vendere.
472 784 576 864 Atque
597 791 631 846 ut
651 782 832 846 omittamus
857 784 890 846 in
914 779 995 846 hanc
1016 783 1204 848 seutentiam
1227 781 1325 845 multa
1350 783 1530 846 memoriter
1554 803 1593 847 ac

281 881 422 947 dilucide
445 887 596 965 prolerre,
623 885 699 966 quid
722 884 821 967 precii
843 884 984 967 postulas
1014 905 1068 965 pro
1096 885 1314 968 responsione,
1343 903 1436 966 quam
1459 883 1593 967 flagito?

285 985 319 1048 Si
342 985 424 1049 bene
444 994 475 1049 te
496 987 582 1064 novi,
603 985 707 1050 dices:
737 986 902 1066 „Mutiano
923 987 1039 1066 gratis,
1069 987 1143 1051 aliis
1173 987 1302 1050 minime
1329 993 1393 1048 tam
1418 985 1594 1050 liberaliter

283 1087 495 1169 respondeb03
516 1097 665 1152 centenos
685 1107 799 1153 aureus
819 1087 874 1153 det
883 1095 1015 1172 oportet,
1037 1090 1089 1170 qui
1111 1107 1161 1152 me
1183 1087 1344 1152 causidico
1366 1086 1503 1153 iudicem
1524 1085 1601 1152 adi-⁸

284 1195 371 1252 turus
397 1191 475 1254 est.“
517 1189 603 1255 Esto.
654 1190 813 1272 Emunge,
840 1210 932 1275 rape,
959 1191 1064 1267 aul'er,
1092 1191 1184 1254 niodo
1212 1209 1325 1273 parcas
1351 1191 1461 1256 amico.
1508 1188 1592 1267 Quid

284 1290 406 1355 sentis?
455 1291 601 1356 Narrabo
624 1293 701 1356 lacti
727 1293 874 1375 speciem.
928 1293 1033 1357 Titius
1054 1292 1261 1357 hereditatem
1289 1292 1398 1356 liberis
1427 1291 1532 1356 llenio
1560 1299 1592 1355 ct

283 1393 357 1456 Seio
378 1393 520 1475 reliquit,
551 1395 573 1457 ii
599 1415 660 1460 uon
685 1402 881 1459 recesserunt
913 1415 933 1458 a
958 1396 1176 1461 commuuione
1203 1395 1404 1459 hereditaria.
1452 1394 1591 1476 Uterque

283 1504 414 1560 mortem
441 1515 531 1560 suam
562 1497 648 1562 obiit.
702 1496 843 1561 Meuiani
875 1505 986 1580 petunt
1018 1498 1198 1581 porcionem
1233 1497 1293 1561 sibi
1322 1495 1477 1574 debitam,
1512 1513 1592 1576 quos

282 1598 392 1662 Seiani
402 1598 647 1664 contradicendo
668 1600 856 1664 submovent
866 1599 1059 1664 adminiculo
1077 1599 1323 1683 prescriptionis.
1365 1597 1593 1681 Digladiantur

283 1701 365 1764 inter
385 1719 419 1763 se
441 1702 603 1782 utriusque
625 1702 724 1784 partis
741 1701 901 1766 advocati.
946 1701 1095 1786 Vespillo,
1116 1701 1329 1766 llleuianormn
1343 1699 1479 1773 tubicen,
1499 1700 1591 1763 humo

281 1801 373 1866 vafer
390 1809 422 1866 et
442 1803 586 1882 callidus,
608 1804 757 1887 proponit
769 1824 830 1866 non
852 1805 979 1867 obstare
991 1805 1057 1868 suis
1068 1803 1319 1867 adversariorum
1332 1801 1591 1886 prescriptionem

284 1912 461 1986 propterea,
483 1905 567 1986 quod
589 1907 689 1970 iustus
708 1907 792 1970 desit
814 1905 933 1970 titulus.
974 1905 1051 1970 Eius
1071 1915 1176 1970 autem
1196 1905 1294 1969 verba
1305 1913 1390 1968 sunt:
1412 1901 1512 1984 „Und
1532 1900 1592 1966 das

282 2005 430 2086 erbguter
447 2006 547 2070 under
566 2007 713 2091 gesiptcn
736 2009 783 2070 nit
804 2015 948 2072 versteen
970 2007 1051 2070 rraclr
1074 2007 1218 2072 variaren
1240 2007 1386 2087 mugen.“
1428 2005 1526 2069 Novit
1547 2024 1586 2068 ea
1637 2051 1640 2058 .

282 2126 343 2189 que
359 2108 534 2187 traduntur,
558 2129 627 2174 eum
649 2109 748 2174 aliubi
771 2119 834 2173 tum
848 2110 882 2174 C.
901 2108 942 2172 de
965 2109 1216 2192 prescriptione¹
1236 2108 1332 2172 XXX
1352 2099 1514 2186 annorum,
1535 2106 1591 2171 sed

281 2210 379 2273 veluti
401 2211 532 2275 Proteus
552 2211 689 2274 elabitur
709 2219 741 2274 et
761 2209 862 2275 effluit
881 2212 992 2293 plenus
1012 2211 1133 2276 scilicet
1160 2213 1307 2275 rimarum
1337 2221 1368 2275 et
1390 2210 1496 2280 varias
1517 2229 1589 2292 cap

281 2312 399 2376 tionum
422 2311 539 2378 lbrmas
560 2312 742 2400 pretendit.¹
768 2312 914 2378 Cohortis
946 2333 1018 2378 vero
1039 2314 1154 2378 Seiano
1179 2333 1271 2397 preco
1297 2313 1454 2396 persuasit
1480 2311 1590 2374 duum-

281 2413 359 2476 viris
388 2413 591 2479 decurionum
618 2422 718 2479 ratam
748 2435 818 2480 esse
845 2424 877 2480 et
904 2415 945 2480 ob
973 2415 1004 2480 id
1036 2416 1189 2480 adiuvare
1217 2435 1291 2480 suos
1320 2413 1589 2496 prescriptionem.

283 2514 357 2579 ldeu
376 2515 534 2580 duumviri
555 2516 734 2581 interlocuti
754 2525 827 2582 sunt
850 2517 1033 2582 boemodo.
1076 2518 1110 2581 Si
1122 2517 1264 2601 Vespillo
1283 2515 1430 2600 probabit
1450 2515 1589 2579 Meuium

280 2628 312 2680 et
332 2617 438 2681 Seium
460 2637 522 2682 non
542 2618 692 2684 divisisse
710 2621 944 2702 patrimonium,
967 2619 1160 2704 profuturum
1183 2620 1265 2704 parti
1288 2638 1343 2682 sue
1365 2618 1519 2701 petitrici,
1539 2618 1589 2682 siu

279 2728 383 2782 autem
401 2720 536 2802 probare
558 2721 744 2802 nequiverit,
765 2720 973 2786 herciscunda
992 2721 1116 2786 l'amilie
1137 2730 1270 2786 tractum
1293 2721 1391 2785 luisse
1414 2719 1585 2804 perlectum
1664 2761 1672 2780 t

280 2827 356 2885 tunc
376 2820 576 2888 adversarios
604 2824 806 2888 iureiurando
833 2841 990 2888 evasurus.
1033 2824 1083 2888 Ab
1105 2823 1165 2888 hac
1190 2823 1332 2906 Vespillo
1362 2823 1519 2886 sententia
1546 2841 1592 2886 re-

278 2924 389 2988 siliens
400 2923 576 3007 appellavit
587 2925 709 3008 iudices
720 2925 848 2989 maioris
861 2926 1014 2990 subsellii.
1047 2926 1122 2990 Vidi
1136 2926 1312 2990 mirabilem
1325 2924 1584 3008 provocacionem

279 3024 417 3089 hominis
438 3045 559 3091 summo
580 3027 791 3110 conscriptam
818 3027 960 3091 artificio.
1004 3028 1052 3092 De
1079 3048 1140 3110 quo
1166 3048 1268 3112 pauca
1293 3027 1415 3106 dicam,
1445 3027 1471 3090 si
1499 3025 1588 3110 prius

279 3137 310 3192 te
329 3127 521 3194 admonuero
542 3149 602 3192 nou
625 3128 783 3193 fidendum
805 3147 875 3194 esse
897 3139 1047 3213 precepto
1067 3131 1205 3195 iudicum
1225 3131 1386 3212 negativo,
1409 3138 1442 3193 ut
1463 3135 1587 3192 vocant.

279 3230 380 3294 Tuam
403 3238 508 3294 tamen
526 3231 638 3294 audire
654 3230 726 3295 volo
743 3231 775 3293 iu
798 3231 859 3295 hac
880 3233 1028 3314 tragedia
1047 3232 1260 3314 disciplinam,
1282 3251 1322 3296 an
1344 3232 1433 3312 bene,
1455 3250 1496 3294 an
1518 3249 1587 3313 per-

279 3352 386 3416 peram
409 3333 650 3417 pronunciatum
678 3352 749 3396 esse
769 3333 941 3400 arbitreris.
984 3335 1047 3400 Sed
1074 3354 1157 3400 rruno
1182 3335 1293 3414 accipe
1320 3333 1484 3397 vafriciem
1513 3340 1589 3394 nota

277 3434 419 3516 dignam.
461 3435 603 3518 Vespillo
624 3436 842 3520 patrocinatur
862 3437 963 3502 tribus
985 3435 1168 3516 clientibus,
1190 3435 1288 3500 tribus
1310 3434 1438 3516 inquam
1456 3441 1487 3496 et
1509 3433 1589 3516 petit

277 3537 341 3602 den
359 3538 531 3603 sesteuteil.
573 3537 678 3614 Quare
704 3556 766 3601 uon
788 3536 867 3602 dicit
887 3538 946 3602 das
977 3539 1108 3604 lralbteil
1137 3539 1198 3602 ires
1219 3537 1424 3619 grosvaters'l
1465 3535 1586 3598 Forsan

278 3641 382 3720 querit
402 3640 518 3704 nudum
541 3640 573 3702 iu
588 3642 735 3722 scyrpo‘2.
778 3627 897 3720 Credit,
920 3642 1041 3724 opinor,
1065 3640 1186 3704 indices
1205 3641 1312 3718 latere,
1334 3636 1460 3720 quando
1480 3656 1587 3701 succe-

277 3742 371 3808 datur
391 3744 424 3807 in
442 3743 574 3824 stirpes,
602 3741 730 3822 quando
752 3742 784 3806 in
813 3743 929 3827 capita.
974 3742 1130 3823 Ulpianus
1153 3750 1258 3807 noster
1278 3739 1405 3806 docem:
1436 3737 1586 3819 „Siquis

277 3844 407 3909 fratrum
430 3843 509 3907 druos
530 3843 611 3907 lilios
635 3842 754 3924 babuit,
777 3845 858 3910 alter
876 3865 983 3925 unum,
1004 3845 1210 3910 hereditatem
1235 3845 1265 3906 in
1288 3843 1345 3906 tris
1366 3842 1485 3924 parteis
1506 3837 1586 3902 divi-

275 3945 446 4011 dendam“.
487 3945 555 4008 Hoc
570 3946 749 4028 plusquam
772 3948 973 4012 manitestum
995 3966 1066 4012 esse
1086 3947 1157 4028 quis
1179 3947 1304 4029 ignorat
1325 3945 1358 4008 in
1380 3943 1466 4007 linea
1487 3952 1586 4006 trans·

276 4049 388 4112 versa?
429 4047 494 4112 Sed
516 4048 548 4110 in
570 4049 735 4133 proposito
757 4068 832 4114 casu
845 4057 1027 4134 spectamus
1047 4045 1398 4128 stemmadesoendens,
1419 4044 1470 4110 cui
1490 4043 1586 4109 debe·

339 4307 351 4351 l
373 4310 465 4367 Codex
486 4313 631 4373 Iustinian.
650 4315 715 4384 Vll,
733 4317 781 4369 39.

338 4387 488 4447 2Ειιιιίιιε.
528 4395 687 4450 Saturarum
705 4396 802 4454 retii
819 4413 873 4450 rec.
883 4395 1002 4452 Vahlen.
1044 4395 1070 4451 S.
1089 4397 1159 4451 162:
1181 4397 1325 4462 Quaerunt
1346 4397 1375 4450 in
1397 4396 1488 4468 scirpo
1508 4395 1584 4450 soliti
1693 4467 1701 4479 ·

278 4473 352 4544 quod
373 4473 465 4528 dicere
486 4477 596 4529 nodum.

338 4547 353 4594 ³
373 4551 491 4630 Digesta
507 4553 587 4630 XVI,
606 4555 635 4611 2.
655 4555 681 4610 ⁶.
