3625 5192
657 348 746 412 Brieio
764 353 884 412 Matiane
904 357 962 412 128.
982 357 1040 411 129,

417 504 464 570 De
485 523 583 587 grege
604 503 755 570 nudatum
777 485 907 590 protulit
929 501 983 570 ille
1003 511 1108 592 caput.

415 607 563 684 Mirabar¹
576 608 729 674 morraeho
750 608 865 674 cellas·
884 609 972 673 exire
994 608 1099 674 licere.

416 712 443 777 0
465 710 580 776 levitas
602 710 688 776 nullo
711 717 790 775 teste
811 711 977 795 probanda
999 712 1128 795 patens!

415 813 496 877 Tum
517 811 608 878 lateri
633 813 757 878 iunctus
778 817 932 878 causaml
953 813 1031 878 mihi
1052 822 1284 896 prompserat⁶z
1304 814 1393 879 Actis

416 914 576 1000 Oppidice
599 917 704 998 gentis
725 913 853 1000 semper*
871 915 1000 984 adhesit
1019 935 1140 982 amans.

417 1017 507 1098 Exul,
528 1024 644 1099 arator,
664 1037 771 1100 eques,
793 1017 938 1102 supplex,
959 1037 1055 1084 nurus
1075 1025 1171 1100 atque
1193 1018 1297 1102 puelle

417 1119 609 1200 Pretereant,
631 1122 779 1206 superatl
801 1125 909 1184 nostra
930 1120 1051 1203 forique
1071 1120 1157 1207 mula

419 1223 527 1304 lurgis
550 1223 723 1303 harbaries,
743 1229 852 1302 tumor,
875 1223 1066 1304 ignorantia,
1088 1223 1242 1303 Bacchus,

363 1307 371 1320 ’
419 1326 487 1403 Que
508 1325 589 1390 siut‘*
610 1311 749 1390 clericuli
770 1327 855 1390 t'aota
876 1325 1007 1409 pianda,
1028 1333 1129 1417 noms.

418 1427 530 1494 Gauda
550 1427 650 1510 salax,
671 1427 720 1502 lis,
743 1427 801 1508 vis,
826 1417 956 1503 lucrum,
979 1427 1143 1510 detractio,
1163 1431 1275 1509 tastua,

419 1529 488 1609 Quo
508 1531 572 1595 sint
592 1529 746 1596 causidici
769 1530 877 1596 munia
898 1549 975 1596 seva
997 1531 1101 1614 legis‘.

418 1633 478 1699 His
499 1640 604 1699 minen
625 1641 657 1700 st
675 1633 778 1698 fedis‘
800 1633 904 1716 pietas
924 1633 1075 1699 simulata
1091 1634 1246 1700 crucullum

419 1735 582 1802 Pretendit
602 1735 693 1800 viciis
714 1735 836 1800 cautior
855 1734 929 1818 ipsa
948 1735 1023 1802 suis.

289 1859 467 1914 sturnorum.
480 1861 498 1906 u
512 1860 558 1907 rou
576 1861 615 1909 rur.
626 1859 681 1908 sav
695 1883 714 1892 -
729 1861 788 1908 sur.
825 1863 899 1910 (rari.
923 1861 945 1917 ι)
955 1860 990 1907 nn
1000 1860 1054 1907 nn».
1067 1875 1124 1906 lov.
1135 1859 1156 1906 u
1169 1859 1209 1909 ur.
1247 1863 1273 1917 a>
1293 1861 1316 1908 u.
1326 1861 1360 1907 uz
1370 1863 1393 1909 s.
1405 1859 1439 1908 as
1459 1846 1526 1908 -se.

288 1959 374 2011 aLih.
395 1981 453 2012 rrov.
472 1966 548 2012 cellis.
596 1949 681 2014 1’1,11).
703 1984 759 2014 nov.
779 1983 891 2014 caussam
945 1961 1031 2013 cLib¹
1050 1981 1113 2030 rrov,
1128 1966 1178 2012 unul
1197 1967 1230 2012 T:
1249 1971 1393 2026 pronnsurat.
1437 1950 1526 2014 luit».

220 2051 277 2086 rrov.
298 2035 347 2082 111111
366 2037 398 2082 l'a
417 2042 544 2096 superant.
586 2031 655 2115 ι’ΤκΙ
670 2043 735 2085 aunt.
777 2022 859 2086 flaih.
881 2038 1006 2124 novaaad
1026 2038 1059 2082 Yz
1078 2037 1149 2096 togis.
1191 2030 1278 2085 inin.
1298 2053 1355 2084 nov.
1374 2037 1508 2084 obiectum.

774 2174 975 2185 μ-φμ-υ--ο-ω

220 2256 297 2324 ren.
320 2256 365 2340 n,
385 2273 431 2324 an
454 2255 588 2325 ornan.
1054 2271 1058 2280 ·
1101 2229 1525 2342 (autumnatione.)

291 2369 351 2416 hlut.
371 2368 497 2430 bespricht
516 2370 579 2416 rroclr
591 2368 682 2416 oiurnal
702 2369 746 2416 das
756 2367 890 2416 Gohalrruu
909 2369 979 2416 cirros
989 2369 1179 2417 &uredictinars
1197 2369 1237 2417 hui
1257 2369 1302 2415 der
1313 2367 1527 2414 Frortloiuhuanrs·

222 2438 361 2499 prou-caslon
387 2439 436 2486 und
459 2439 572 2486 schliesat
595 2439 681 2486 acinon
708 2439 778 2487 Brlel'
800 2441 846 2486 mit
864 2440 909 2486 dcr
928 2441 1067 2500 llolluung,
1093 2441 1150 2487 duas
1173 2441 1257 2486 l'rhau
1282 2439 1340 2485 bald
1363 2453 1408 2484 aus
1431 2437 1526 2486 saluom

128 2521 130 2524 ·
222 2509 291 2556 Erila
313 2509 509 2556 attractum-uteo
529 2511 618 2557 werde.

302 2607 455 2690 Magistro
484 2607 620 2674 Heurioo
654 2607 809 2674 Urbano
842 2607 954 2673 divina
984 2616 1017 2673 et
1046 2607 1185 2673 humana
1214 2606 1379 2672 literatura
1409 2606 1528 2687 insigni

221 2709 380 2776 llutianus
401 2710 508 2777 liutius.

302 2815 333 2878 S.
377 2813 445 2880 Etsi
467 2815 533 2880 seio
556 2815 716 2880 ultroneas
737 2823 848 2899 putere
869 2834 990 2880 meroes
1006 2821 1038 2878 et
1057 2835 1078 2878 a
1100 2812 1260 2896 plerisque
1281 2811 1469 2897 reprehendi
1493 2811 1527 2876 li-

224 2923 306 2982 teras
325 2937 427 3000 neque
449 2916 507 2982 tihi
530 2916 623 2982 utiles
645 2937 745 3000 neque
767 2916 844 2981 milri
862 2916 1068 2995 necessarias,
1090 2917 1252 3000 voluptate
1264 2924 1368 2979 tamen
1379 2913 1529 2992 adducor,

224 3029 257 3082 ut
278 3019 458 3084 hesternam
480 3020 647 3104 epistolam
668 3019 710 3084 ad
732 3027 763 3084 te
784 3019 921 3095 mittam,
950 3019 982 3084 in
1009 3039 1073 3102 qua
1095 3039 1155 3083 nou
1178 3037 1309 3084 exerceo
1331 3018 1423 3084 melle
1440 3018 1528 3082 litum

222 3121 365 3204 gladium
403 3141 504 3204 neque
541 3121 716 3188 doctrinam
749 3129 886 3198 ostento,
918 3122 974 3187 sed
1010 3121 1198 3204 simpliciter
1232 3121 1336 3185 t'odico
1364 3132 1528 3184 ventosum
1603 3155 1608 3162 ·

224 3224 370 3289 t'ratrem¹
392 3233 456 3290 tam
478 3225 574 3288 aulici
586 3225 755 3291 rumusculi
774 3243 867 3308 qnam
880 3225 1043 3310 popularis
1060 3224 1407 3308 glorioleoaptamrem.
1450 3222 1529 3301 Quis

224 3327 307 3393 euim
335 3328 414 3392 terat
437 3327 538 3391 vimm
570 3327 703 3394 ecclesie
741 3327 966 3410 pedissequum
999 3327 1163 3394 Benedicti
1194 3328 1372 3393 discursare
1399 3324 1528 3389 vicatim

224 3439 320 3512 atque
341 3429 515 3514 templatim
539 3430 649 3494 relicta
668 3430 792 3510 cellula,
814 3429 867 3494 ubi
880 3431 1050 3496 latitareet
1070 3449 1172 3495 rermu
1192 3428 1446 3514 prophanamm⁸
1462 3445 1530 3512 pre-

225 3541 318 3598 eunte
345 3532 482 3597 Domino
508 3533 633 3598 calcare
662 3541 693 3598 et
717 3533 819 3615 legem
842 3532 903 3597 Dei
930 3532 984 3598 die
1004 3541 1159 3615 noctuque
1180 3530 1327 3596 meditari
1349 3538 1381 3595 et
1400 3527 1480 3593 fleus
1498 3536 1531 3593 et

224 3655 355 3718 gemens
383 3634 566 3720 psalterium
596 3635 763 3700 lambendo
794 3635 903 3700 iudicii
932 3636 1017 3700 dicut
1045 3645 1213 3719 expectare
1234 3634 1372 3699 deberet.
1414 3631 1531 3697 Fateor

225 3739 403 3822 dignationi
426 3747 478 3802 tue
502 3759 563 3802 nou
586 3759 635 3803 me
656 3739 763 3805 t'averc
782 3737 868 3804 dicto
889 3738 975 3802 illius
995 3739 1027 3802 in
1050 3737 1344 3802 dehonestationem
1366 3743 1529 3819 poetarum

225 3839 371 3924 (tmuium.
420 3841 501 3906 Nam
531 3841 603 3905 boui
630 3847 722 3926 poeto
748 3842 874 3907 scholas
894 3849 1016 3906 ornant.
1061 3839 1108 3905 Ue
1129 3840 1223 3905 mulis
1243 3859 1305 3903 nou
1328 3845 1431 3921 potest
1451 3835 1555 3923 111111-ι

123 3999 124 4004 ,
225 3963 298 4009 cure
325 3944 385 4009 nisi
411 3944 531 4008 doetus.
580 3944 614 4009 Si
643 3964 717 4008 vero
745 3964 847 4010 mores
874 3953 979 4024 notat,
1004 3965 1065 4010 nou
1087 3942 1310 4021 eruditionem,
1331 3939 1422 4024 prius
1441 3958 1531 4004 suam

226 4053 393 4130 oonrpouat
419 4046 516 4111 vitam
547 4057 578 4112 ct
607 4047 670 4112 tum
699 4055 776 4129 agat
805 4067 978 4112 censuram.
1026 4046 1137 4124 Qualis
1163 4045 1223 4110 hec
1245 4043 1419 4116 dementia,
1441 4061 1531 4106 aarum

227 4168 333 4229 peram
356 4169 418 4215 non
430 4149 548 4228 videre,
570 4149 701 4216 aliorum
714 4149 882 4213 manticam
896 4149 1068 4232 explicare!
1111 4147 1144 4213 si
1162 4147 1258 4232 eulpa
1268 4154 1316 4210 est
1326 4143 1532 4210 momordisse

227 4250 429 4331 muruaohnm,
459 4251 555 4317 multo
581 4260 665 4317 certe
690 4253 790 4317 maior
817 4259 865 4316 est
892 4251 1070 4316 detruxisse
1091 4251 1266 4333 generatim
1290 4247 1403 4328 poetis.
1445 4247 1533 4310 Solet

297 4369 308 4394 ἢ
328 4375 396 4421 ,tacu
422 4389 503 4422 uertunt
529 4377 711 4435 prophanatum
736 4377 766 4422 lut
786 4383 858 4426 ciruitu
876 4377 1036 4438 ‹rurapjullcu,
1061 4370 1116 4422 uertet
1134 4373 1238 4420 retardent
1256 4374 1323 4419 cistert
1342 4371 1468 4420 ,tradem-k
1490 4371 1532 4418 ruit

226 4443 325 4494 oblitus

289 4619 299 4662 ¹
323 4621 387 4697 Vgl.
408 4624 461 4686 dou
482 4625 594 4704 vorigcn
616 4623 701 4680 Briof.
