3625 5192
629 342 720 401 Brieie
737 342 857 401 Matiana
874 341 917 399 47.
934 346 976 399 48.
994 344 1036 397 49.
1453 340 1488 393 ua

182 496 235 559 Ab
254 494 340 560 omui
362 502 452 577 parte
478 494 748 559 circumvenimur.
796 494 889 558 Domi
921 514 981 557 non
1011 494 1090 559 satia
1113 490 1218 570 valeo,
1243 489 1302 553 l'ori
1326 489 1422 553 vicini
1444 488 1488 553 la-

183 604 278 661 trant.
326 596 396 679 Ego
422 597 586 661 conniveo.
632 598 769 663 Omnino
795 597 847 660 l'ac
876 617 927 661 me
955 598 1133 674 certiorem,
1168 612 1208 657 an
1235 592 1336 657 iturus
1367 592 1413 657 sis
1445 591 1487 655 ad

183 700 304 765 Casscl.
344 700 425 764 lteru
453 707 486 765 et
512 718 553 763 an
574 699 796 783 llrphurdiam.
838 699 983 778 Scribas,
1011 704 1162 779 quantum
1183 695 1281 778 precii
1303 700 1415 778 poscat
1436 694 1490 759 bu-

181 808 296 886 tyrum.
338 802 452 886 (lappa
473 802 570 867 habet
581 804 614 867 in
625 822 706 867 ansa
716 800 821 865 Xllll.
863 799 949 877 Quid
972 800 1030 864 hoc
1045 798 1097 878 sit,
1118 798 1235 863 nescio.
1276 796 1489 863 Tuosaureos

179 906 249 971 dibi
270 904 396 970 debitos
417 905 509 969 alias.
550 903 599 968 uu
621 903 675 967 abi
693 904 836 969 reliciter.
878 903 946 967 Nos
968 898 1184 966 valetudinem
1210 898 1398 964 curabimus.
1440 898 1489 962 Ex

179 1006 295 1072 edibus
315 1006 449 1072 Matiani
471 1008 526 1071 tui.
569 1005 686 1071 anr.

216 1116 397 1164 Handscbriitl.
418 1117 438 1162 F
455 1115 495 1164 al.
515 1116 556 1163 t‘ol.
576 1116 632 1162 ils

179 1252 241 1325 49.
262 1252 307 1323 ll.
318 1272 366 1321 an
379 1252 513 1323 Urban.
1037 1248 1279 1335 (luthallbdi.
1301 1246 1489 1331 Februar.)

252 1364 312 1410 blut.
331 1366 446 1411 armabat
467 1364 509 1410 bai
531 1364 576 1409 der
599 1362 815 1410 bavorstclreudeu
839 1362 982 1409 Fastenzcit
1003 1362 1051 1409 den
1067 1362 1164 1423 Urban,
1185 1362 1279 1409 seiuem
1298 1360 1396 1419 Klirpar
1418 1360 1489 1405 nicht

181 1434 265 1480 zuviel
291 1442 453 1493 zuzumuteu,
481 1434 560 1479 darnit
584 1434 623 1478 din
646 1432 716 1479 nieht
740 1434 918 1480 arrsblailrendu
938 1432 1111 1492 Eraclrlutl'ung
1133 1432 1180 1477 vlam
1206 1431 1276 1477 liciat
1298 1430 1369 1475 nicht
1387 1430 1413 1475 in
1432 1428 1490 1475 Mir-

180 1504 347 1551 laidarurcbait
366 1505 435 1551 zialre
479 1504 565 1550 Urban
584 1506 644 1550 ¹«rollo
664 1505 727 1549 uurh
747 1505 833 1550 soinru
852 1504 915 1549 Plan
936 1502 1037 1549 bctrcfl's
1055 1502 1099 1549 dor
1118 1502 1204 1548 Plurrc
1224 1516 1272 1548 vcm
1294 1500 1488 1547 llolrcukirrlren

181 1589 227 1621 zur
244 1576 404 1633 Λιιειίῑὶιιιίιιιι,ι
423 1576 536 1633 bringan.

263 1673 408 1736 Humano
429 1671 584 1754 doctoque
605 1672 688 1755 patri
708 1670 844 1736 Henrico
867 1669 1038 1749 Urbano,
1066 1688 1214 1734 ceunomo
1236 1666 1410 1748 cenobiali,
1432 1686 1488 1732 auo

183 1774 356 1849 carissimo,
378 1773 538 1839 blutianua
558 1774 666 1839 Rullus.

263 1877 365 1941 Salus.
409 1875 522 1940 inedia
549 1876 796 1957 quadragesime
823 1895 908 1940 nuno
935 1873 1065 1959 appetit.
1107 1872 1156 1939 De
1183 1892 1246 1955 qua
1264 1872 1341 1955 quid
1362 1873 1491 1937 tradant

183 1976 285 2043 inflati
307 1979 472 2062 opinione,
499 1978 578 2043 satis
599 1976 659 2043 tibi
680 1985 883 2062 compertum.
927 1976 995 2061 Ego
1016 1985 1051 2041 ut
1075 1984 1176 2043 tecum
1198 1995 1267 2041 meo
1290 1996 1375 2041 more
1397 1976 1489 2048 iocer,

183 2082 327 2163 quiaquia
358 2100 427 2145 esse
456 2080 539 2163 frugi
568 2100 675 2145 amore
702 2080 780 2159 Dei,
800 2099 903 2162 nugas
921 2079 1068 2165 postulat.
1110 2078 1193 2143 Nam
1213 2078 1276 2143 ista
1297 2078 1492 2163 parsimonia

182 2184 299 2247 frustra
325 2183 433 2247 domat
459 2181 552 2248 modo
579 2182 743 2249 edomitos.
791 2182 960 2247 Belcarum
995 2182 1106 2247 l'eritas
1144 2180 1315 2246 esuritione
1346 2179 1491 2244 mitescit.

183 2284 432 2351 Mansuetissimi
460 2291 569 2368 patres
596 2306 659 2349 non
687 2292 782 2366 egent
802 2284 858 2349 tali
880 2283 1034 2361 remedio,
1062 2284 1124 2349 nisi
1153 2284 1244 2365 sequi
1265 2280 1352 2348 voles
1372 2280 1490 2347 Christi

182 2388 330 2471 uestigia.
377 2387 526 2471 Legimus
553 2387 649 2452 luisse
675 2395 853 2471 serpentem
878 2388 1010 2470 triginta
1031 2386 1219 2461 cubitorum,
1247 2384 1301 2468 qui
1323 2391 1488 2449 venatores

182 2490 275 2555 vivos
295 2489 474 2572 deglutivit,
494 2489 575 2555 alios
597 2489 698 2556 cauda
720 2488 844 2555 atilixit.
892 2488 926 2555 Is
948 2490 979 2555 vi
1009 2497 1041 2555 et
1068 2496 1135 2554 arte
1157 2486 1285 2553 tandem
1311 2494 1423 2571 eaptus
1445 2486 1488 2551 ad

184 2590 375 2657 Ptolemeum
395 2592 428 2656 in
448 2590 676 2656 Alexandriam
701 2591 848 2657 defertur.
889 2592 1058 2677 Spectatus
1085 2598 1133 2655 est
1152 2610 1209 2674 pro
1228 2589 1395 2669 miraculo,
1419 2608 1488 2673 pre·

184 2694 292 2758 sertim
314 2692 399 2776 quod
424 2694 535 2759 levitas
557 2700 645 2759 tante
665 2694 756 2758 belue
777 2714 834 2777 per
855 2694 1041 2759 tenuitatem
1069 2692 1132 2758 cibi
1153 2692 1311 2758 remissior
1333 2692 1375 2757 sit
1394 2692 1488 2757 lacta.

182 2794 237 2859 Sic
258 2794 408 2860 domandi
430 2803 502 2860 sunt
522 2796 690 2861 facinorosi
713 2801 746 2861 et
765 2796 915 2861 minaces.
957 2796 1096 2861 unvero
1117 2794 1198 2860 nibil
1218 2793 1394 2878 serpentini
1410 2794 1489 2859 viri·

182 2897 305 2962 babens
332 2897 478 2972 cavebis,
507 2918 547 2961 ne
576 2917 688 2982 corpus
716 2898 833 2963 ieiunio
854 2898 980 2964 santius.
1023 2897 1095 2963 Sint
1117 2896 1215 2976 vires,
1241 2915 1302 2977 oure
1323 2894 1436 2960 studiis
1458 2901 1490 2960 et

182 2998 345 3064 laboribus
365 3000 427 3064 tuis
448 2998 615 3065 sulficiant.
655 2998 792 3082 Reliqua
811 2999 896 3065 dicet
918 2999 1104 3081 Spalatinus
1129 3004 1248 3080 noster,
1276 2998 1330 3081 qui
1351 2998 1489 3065 notariil

184 3100 304 3187 publici
329 3121 496 3185 personam
517 3102 651 3187 accepit.
693 3101 826 3166 Factum
854 3103 888 3167 id
913 3122 981 3167 meo
1003 3121 1115 3177 arrasa,
1136 3106 1170 3165 ut
1190 3100 1280 3183 orgia
1302 3107 1333 3165 et
1353 3100 1489 3165 initiaci-

183 3223 260 3268 ones
279 3209 383 3269 vestre
403 3194 606 3269 tabellionem
636 3204 782 3269 babeant.
825 3204 964 3268 Bedam‘2
986 3210 1018 3267 et
1034 3203 1226 3285 ,Ηιιιςοιιιιιιι3
1252 3201 1328 3267 mihi
1351 3202 1489 3267 indultos

183 3304 341 3371 dedissem
353 3305 530 3389 Spalatino,
552 3308 614 3371 nisi
637 3326 716 3371 unus
732 3307 843 3371 luisset
858 3307 979 3371 viribus
992 3306 1103 3389 impar.
1146 3305 1190 3370 lli
1205 3304 1341 3385 Urbane,
1366 3304 1489 3388 perfice,

183 3406 267 3489 quod
288 3406 329 3471 de
350 3406 409 3471 ede
432 3406 639 3473 Honkirchii4
660 3428 866 3492 conceperas,
892 3428 932 3473 ne
954 3408 1044 3473 vobis
1066 3414 1097 3472 et
1116 3407 1223 3471 honori
1245 3428 1315 3471 meo
1336 3408 1488 3473 malorum

182 3510 279 3575 tactio
299 3509 485 3592 vigilantior
505 3529 575 3575 essc
596 3509 751 3576 videatur.

253 3614 264 3640 ²
284 3620 309 3664 F
322 3620 397 3666 virus.

247 3778 325 3839 lDa
350 3783 539 3857 Georgenthal
565 3786 604 3839 im
629 3784 747 3841 Gabiete
772 3785 822 3839 dos
848 3785 1016 3841 Kurfrirsten
1043 3804 1096 3841 von
1119 3785 1240 3841 Sachsan
1263 3786 1322 3858 lag,
1346 3784 1420 3841 kann
1439 3789 1489 3842 dor

185 3864 260 3919 ulter
278 3866 363 3923 nebat
378 3864 639 3937 Amtsbefugnissen
652 3866 728 3921 eines
748 3865 928 3922 liffentlicben
945 3866 1045 3923 Notans
1065 3884 1117 3921 nur
1136 3885 1191 3921 von
1206 3868 1255 3921 der
1269 3866 1488 3923 kuriiiratlicheu

184 3944 310 3999 Behiirde
335 3963 530 4018 ausgcgangen
554 3947 622 4001 sein.
665 3946 773 4000 Mutiau
792 3946 860 4001 wird
888 3948 975 4001 durch
997 3947 1072 4002 seina
1093 3948 1183 4002 viclcn
1204 3947 1399 4019 Beaiehungeu
1426 3967 1488 4003 zum

184 4024 402 4082 kurliiratliehen
423 4026 497 4081 Hofe
519 4027 577 4081 dies
599 4026 685 4081 leicht
705 4027 898 4097 durclrgesatzt
918 4028 1017 4083 baben.

244 4101 258 4143 ²
279 4105 397 4161 Walche
419 4105 525 4161 Sclrrift
544 4109 592 4161 des
611 4106 689 4161 Beda
708 4106 874 4161 venerabilis
895 4106 1003 4163 blutian
1025 4108 1085 4163 sich
1105 4107 1234 4179 gelichen
1255 4108 1319 4178 hat,
1339 4108 1408 4162 llisst
1429 4109 1489 4163 sich

186 4186 257 4239 anclr
278 4202 328 4240 aua
348 4188 452 4241 andern
473 4186 586 4242 Bria-fen
608 4186 687 4241 nicht
705 4188 884 4244 entnehmcn.

245 4260 336 4321 ³Der
355 4267 611 4323 mittelalterlichen
628 4264 830 4322 Schriftatcller
851 4267 904 4321 mit
914 4268 1021 4323 Numan
1042 4268 1125 4339 Hugo
1145 4268 1224 4341 giebt
1245 4284 1274 4323 es
1295 4268 1373 4324 viale.
1414 4268 1487 4323 Wen

184 4344 291 4401 Mutian
312 4346 444 4419 gemeint,
464 4348 501 4401 ist
520 4348 599 4403 nicht
619 4347 788 4402 ersichtlich.

240 4421 255 4464 ⁴
277 4426 352 4481 Dori
369 4445 403 4482 an
424 4428 474 4482 der
493 4426 668 4499 Apfelstlidt,
696 4424 902 4501 2¹128tunden
932 4446 985 4482 von
1015 4428 1116 4485 Gotha.
1158 4428 1195 4482 Es
1221 4428 1335 4483 banduli
1360 4428 1419 4483 sicli
1441 4445 1487 4481 um

185 4506 228 4559 dic
250 4506 348 4562 Pfarre
368 4509 458 4563 dieses
481 4507 570 4578 Orias,
587 4509 696 4562 nrelche
717 4508 824 4563 Mutian
846 4510 909 4563 dem
924 4510 1047 4580 Spalrrtiu
1070 4508 1218 4565 var-achatii
1240 4511 1335 4563 wiaacu
1360 4510 1417 4563 will
1432 4510 1489 4563 und

185 4591 279 4657 apaten
298 4588 371 4643 auch
393 4588 518 4643 vvirkliclr
539 4588 687 4645 vuraclralii.
706 4590 764 4643 bat.
