3625 5192
334 347 368 400 92
710 347 969 416 Geschichtsqncllcn
987 348 1036 402 der
1052 347 1127 402 Prcv.
1146 346 1270 402 Sachsen.

334 496 430 560 acida
446 494 582 579 quedam
599 502 631 558 et
646 498 761 561 acerba
773 499 907 576 negocia
918 499 1031 562 secisse
1042 496 1236 562 stomachum
1252 497 1428 580 preceptori
1442 514 1509 560 suo.
1553 495 1643 574 „Est

335 618 374 662 ne
398 599 504 662 Conon
528 598 583 663 ille
606 604 676 661 tuus
699 598 835 678 doctor‚“
856 599 995 681 inquam,
1017 599 1089 681 „qui
1112 618 1239 663 uxorem
1261 599 1352 662 duxit
1372 598 1552 678 Zonariam‚
1573 617 1644 681 pro-

335 701 490 800 piuquusl
513 699 662 764 videlicet
677 702 754 765 clari
775 701 911 766 hominis
927 701 1372 784 Engelmannicoquiuarii‘?“
1407 702 1506 782 „lta‚“
1528 702 1642 782 innuit.

226 793 230 802 ’
333 806 447 869 Postea
468 826 543 869 vero
564 805 728 871 interiecto
754 806 947 888 quadriduo,
974 827 1044 871 cnm
1071 806 1111 870 de
1132 806 1313 870 sanctuario
1339 804 1466 868 domurn
1495 802 1644 883 redirem,

335 909 487 974 salutavit
505 927 554 971 me
566 907 759 994 obiter-unns
773 908 922 973 exulum2
938 914 969 972 et
988 907 1155 992 deplorata
1174 907 1330 972 communi
1352 906 1536 970 miserorum
1560 914 1644 970 sorte

335 1011 421 1092 cepit
437 1009 478 1074 de
498 1009 681 1091 Margaritis
698 1018 729 1073 et
748 1010 913 1092 presertim
933 1009 973 1074 de
991 1017 1022 1074 tc
1041 1009 1136 1090 loqui.
1172 1009 1299 1082 Audiri,
1317 1014 1351 1072 ut
1361 1007 1458 1088 soleo,
1476 1008 1645 1091 patienter.

336 1112 496 1177 lateralia
507 1113 650 1175 narrarit
661 1110 887 1189 Herebordum,
908 1132 1023 1176 novum
1040 1111 1216 1194 syndicum,
1235 1111 1330 1174 nimis
1345 1129 1451 1173 amare
1463 1111 1644 1193 pecuniam.

333 1214 439 1295 ,‚Hoe“
462 1213 601 1295 inquam,
622 1214 773 1294 ‚uulgare
795 1214 912 1277 vicium
935 1221 984 1277 est
1000 1212 1238 1276 causidicorum.
1280 1211 1357 1277 ldeo
1374 1213 1470 1277 rubra
1486 1219 1581 1295 tyara
1596 1214 1644 1277 in·

333 1315 486 1397 signitus,
515 1323 549 1379 ut
569 1316 638 1380 sine
660 1321 734 1378 nota
756 1315 948 1398 peculiarem
969 1315 1179 1380 substantiam
1208 1316 1381 1397 inaugeret.
1422 1313 1551 1378 Deinde
1571 1315 1644 1379 sub-

332 1417 436 1482 iunxit
462 1425 491 1481 te
517 1436 702 1500 oppugnare
728 1417 870 1482 t'ortunas
898 1417 1046 1483 Cononis.
1094 1417 1269 1481 Mirabatur
1298 1417 1351 1480 ille
1379 1416 1532 1496 stabnt,
1558 1417 1644 1498 quod

332 1521 408 1584 item
429 1540 489 1602 ego
510 1520 612 1583 miror.
655 1519 740 1597 Quid
768 1519 826 1584 tibi
854 1538 924 1584 cum
955 1519 1101 1583 sordibus
1127 1527 1160 1583 et
1188 1503 1355 1584 avaricia?
1394 1521 1514 1583 Aurum
1535 1520 1645 1584 multis

332 1623 431 1686 multa
452 1622 553 1685 suasit
574 1641 742 1705 perperam
792 1621 945 1686 Succedis
966 1621 1088 1687 duobus
1113 1620 1190 1684 mali
1216 1622 1273 1685 t'ati
1295 1621 1496 1686 advocatis-²³.
1539 1624 1644 1704 Atque

333 1725 452 1788 utinam
474 1723 609 1788 feliciter
629 1742 735 1788 eorum
757 1723 905 1805 virtutes,
932 1744 995 1788 non
1024 1723 1126 1787 eciam
1153 1723 1345 1804 rapacitates
1372 1730 1405 1787 et
1430 1723 1542 1788 sordes
1569 1743 1644 1789 vere

331 1825 505 1891 illiberales
524 1833 639 1907 tuaque
659 1831 754 1908 gente
776 1833 807 1890 et
829 1833 859 1891 te
880 1825 1033 1906 indiguas
1054 1826 1216 1890 emuleris!
1258 1824 1384 1889 Adhibe
1405 1824 1531 1890 modum
1554 1826 1643 1890 illum

334 1929 463 2013 Ulpiani
490 1929 587 1992 nostri
614 1928 654 1992 de
682 1927 850 2011 captandis
877 1929 927 1992 vel
956 1928 1132 1992 honorariis
1150 1928 1208 2016 ¹vel
1237 1927 1376 1990 xeniisl:
1408 1926 1501 2007 „Nec
1536 1928 1645 1992 omnia

332 2051 391 2096 nec
411 2031 530 2113 passim
558 2049 616 2094 nee
637 2030 679 2094 ab
701 2029 877 2094 omuibus.“
918 2029 970 2093 Ad
992 2033 1073 2093 banc
1093 2028 1233 2093 libellam
1255 2036 1287 2093 te
1307 2049 1429 2094 revoco.
1472 2030 1538 2094 Sed
1564 2031 1643 2096 iliud

332 2154 382 2198 me
407 2133 512 2214 magis
540 2132 717 2208 conturbat,
746 2132 831 2212 quod
858 2126 1076 2214 Eugelmanno
1103 2139 1135 2196 et
1162 2131 1228 2194 suis
1253 2132 1402 2196 molestus
1440 2133 1542 2213 luisti,
1574 2135 1643 2197 viro

332 2235 518 2317 Mogontino
545 2253 727 2317 summeque
748 2242 812 2298 tum
835 2233 1055 2298 benevolentis
1076 2253 1153 2315 erga
1180 2240 1211 2297 te
1237 2241 1301 2297 tum
1329 2234 1430 2298 eciam
1459 2235 1642 2318 prudencie.

332 2339 406 2403 Sive
427 2359 503 2420 ergo
524 2340 651 2401 causam
674 2333 767 2416 egisti
787 2333 947 2417 publicam
965 2334 1050 2397 iussu
1066 2332 1270 2396 decurionum
1286 2333 1355 2397 siue
1369 2335 1469 2397 iratus
1490 2337 1642 2418 peccasti,

333 2448 406 2524 peto
427 2461 447 2504 a
468 2448 509 2521 te,
531 2446 565 2503 ut
586 2437 779 2503 amicissimo
800 2445 832 2500 et
853 2436 934 2500 benc
945 2435 1077 2500 merenti
1088 2434 1272 2515 coquinario
1291 2441 1323 2499 te
1337 2455 1454 2517 purges
1472 2445 1504 2500 et
1521 2437 1554 2500 in
1572 2458 1644 2521 per-

332 2550 429 2626 petua
448 2541 559 2622 gracia
580 2547 612 2604 et
632 2539 694 2603 lide
714 2537 844 2602 Martini
864 2538 1033 2611 consistas,
1060 2537 1149 2601 cuius
1178 2536 1320 2616 gladium
1346 2547 1438 2620 pater
1466 2539 1570 2618 gerit5
1598 2539 1642 2602 ad

332 2645 483 2708 malorum
506 2661 619 2725 penam
641 2649 673 2706 et
696 2641 845 2706 bonorum
866 2640 1050 2723 presidium.

413 2744 618 2828 Exploratum
639 2741 717 2806 mibi
739 2751 787 2806 est
809 2761 870 2806 non
891 2742 995 2806 minus
1019 2759 1112 2826 posse
1132 2748 1164 2805 te
1185 2759 1279 2822 quam
1301 2740 1383 2804 velle
1404 2743 1502 2806 nostri
1519 2742 1643 2807 ordinis

334 2847 514 2912 bominibus
537 2845 699 2930 prodesse,
729 2845 786 2909 sed
808 2845 942 2908 tortasse
963 2845 1080 2908 misera
1100 2843 1177 2906 iuris
1197 2843 1368 2925 peritorum
1395 2851 1427 2908 et
1449 2845 1549 2909 nimia
1569 2845 1640 2909 dili-

333 2951 447 3033 geneia
467 2949 545 3014 facit
571 2957 601 3012 te
628 2948 767 3013 alienum
798 2967 817 3010 a
844 2947 969 3011 nostris.
1011 2946 1083 3009 Non
1109 2944 1280 3010 offendaris
1310 2945 1370 3009 bac
1396 2966 1469 3010 mea
1496 2946 1641 3013 veritate.

333 3055 402 3118 Nou
414 3054 643 3118 malevolencia
654 3059 685 3116 te
695 3050 844 3129 obtundo,
868 3049 923 3113 sed
941 3050 1042 3112 amice
1058 3049 1191 3130 corrigo.
1233 3050 1339 3114 Nolim
1357 3049 1440 3111 enim
1457 3047 1566 3112 dicant
1580 3050 1640 3113 riri

332 3157 416 3224 docti
443 3156 658 3221 llerebcrdum
684 3152 850 3217 insolentis
875 3171 945 3215 esse
975 3159 1101 3223 nature.
1135 3160 1170 3215 ut
1197 3153 1313 3234 gignas
1341 3150 1466 3214 tibimet
1493 3151 1555 3234 ipsi
1585 3167 1642 3216 aut

333 3267 544 3340 contemptum
567 3268 622 3321 ant
643 3255 807 3319 iuvidiam.
851 3253 927 3317 Esto
949 3255 1047 3317 cornis
1073 3261 1105 3317 et
1132 3253 1271 3318 affabilis
1298 3257 1331 3316 et
1356 3253 1522 3318 humanus.
1567 3254 1642 3337 lpsa

332 3381 372 3423 no
395 3359 504 3425 Suenda
527 3358 654 3441 qrridcm
677 3356 792 3421 rectius
814 3355 872 3420 tibi
889 3354 1046 3419 suaderet.
1087 3353 1273 3419 Eobanum6
1293 3354 1422 3433 adiuva,
1444 3362 1478 3419 ut
1497 3356 1642 3422 obtineat

335 3629 383 3678 tiit.
426 3623 525 3692 Hrsgg.
547 3640 570 3672 ν.
592 3621 628 3674 ll.
650 3621 847 3675 Weissenborn
872 3622 906 3673 11.
919 3621 971 3675 Th.
993 3621 1011 3676 S
1034 3619 1112 3677 ‘2‘2‘2l
1136 3620 1215 3674 fuhrt
1236 3620 1264 3673 in
1286 3621 1335 3673 der
1355 3619 1422 3672 'athi
1443 3621 1494 3674 der
1512 3620 1641 3675 Summer

338 3705 411 3758 1501
444 3701 706 3758 lrnrnatriknlierten
733 3702 812 3754 einen
835 3701 979 3762 dobannes
1002 3701 1065 3754 Kiin
1092 3701 1126 3754 de
1147 3700 1297 3771 bloguncia
1317 3699 1563 3763 t?Lirnweudorfft
1583 3701 1641 3756 aui.

336 3787 400 3840 blan
422 3781 485 3836 ‹lnrf
504 3781 532 3832 in
561 3781 617 3832 ihm
649 3782 719 3834 wolrl
747 3781 869 3835 dissolbe
895 3781 1118 3862 l'ersbrtliclrlreit
1135 3781 1282 3834 ‘erkeuneu
1309 3779 1365 3834 und
1386 3782 1434 3834 das
1455 3782 1640 3836 zwcifolbafle

335 3861 535 3918 Lirnwmrdorff
549 3862 590 3914 als
610 3861 733 3915 verlesen
754 3879 804 3914 aurs
826 3861 981 3916 Nuendorff
999 3862 1156 3914 lriustellen.

395 3941 406 3982 1
428 3942 513 3999 lleide
534 3948 668 3994 starnmeu
687 3942 758 3996 aueh
780 3942 851 3996 ruuch
872 3941 1032 3996 demselben
1055 3941 1128 3995 Orte.

397 4021 410 4063 ‘2
434 4023 513 4078 Vielc
541 4021 665 4076 exiliertc
691 4022 816 4076 Erfnrter
846 4022 979 4076 Patrizier
1005 4023 1102 4076 hatten
1131 4022 1209 4075 ibren
1237 4021 1384 4076 Wobnsita
1416 4021 1445 4074 iu
1472 4019 1567 4075 Golha
1592 4041 1642 4093 ge-

331 4123 470 4160 uommeu.

394 4181 408 4224 3
430 4183 561 4253 lleuning
582 4181 676 4250 Gilda,
702 4183 822 4237 wcleher
841 4200 891 4236 aus
911 4182 1012 4236 Anlass
1033 4184 1081 4234 des
1102 4180 1380 4236 Gerneineanfstands
1403 4181 1480 4234 1509
1500 4181 1642 4253 godobert,

332 4266 387 4319 und
411 4266 566 4332 Bobcumn,
589 4263 707 4318 welches·
727 4281 776 4317 vor
795 4263 904 4320 kurzcrn
928 4262 1116 4334 hirigeriebtet
1138 4261 1248 4315 worden
1271 4280 1331 4318 war.

392 4341 405 4383 ⁴
427 4346 544 4416 Digesta
564 4344 585 4395 l.
602 4343 643 4395 lli.
657 4345 683 4398 li.
1299 4355 1303 4361 ⁴

392 4421 407 4462 5
431 4427 478 4480 uls
499 4423 705 4478 vicedominus.

394 4502 407 4540 ὓ
432 4501 463 4558 ln
490 4505 579 4559 seiner
600 4504 726 4574 Stellung
752 4504 792 4556 als
813 4503 1031 4572 Grosssyndieus
1059 4504 1116 4555 und
1142 4503 1266 4573 zngleieh
1294 4504 1336 4557 als
1362 4504 1507 4559 Professor
1532 4504 1643 4561 lronnte

331 4605 362 4640 er
383 4603 417 4640 an
441 4583 653 4656 massgebender
672 4583 758 4639 Stella
778 4584 824 4638 fiir
846 4583 952 4639 Hessus
971 4583 1026 4637 vicl
1047 4583 1159 4637 wirkeu.

584 4839 600 4868 φ
