3625 5192
628 325 717 380 Briele
736 325 858 380 blutians
881 325 1013 380 185.186.
1033 324 1092 378 187.
1464 323 1513 375 261

205 474 296 554 Quod
318 495 420 558 nuper
442 473 553 559 scripsi
576 473 616 540 de
637 473 918 540 calumniatoribus
939 473 1113 539 communis
1133 472 1247 550 studii,
1274 472 1333 537 etsi
1354 491 1462 536 verum
1483 479 1515 536 et

206 578 325 644 amoris
345 597 420 658 ergo
433 577 623 660 patetactuur
636 613 672 622 —
689 577 848 642 nonenim
866 595 927 640 non
944 575 1031 659 potui
1043 575 1158 655 dicere,
1179 593 1240 657 que
1262 573 1318 639 tibi
1335 572 1514 640 viderentur

206 682 309 744 tuturo
333 688 473 762 tempore
494 679 724 744 neeessaria—
737 685 840 743 tanrcu
862 678 1037 742 occultabis
1046 684 1078 742 et
1090 677 1208 741 nemini
1230 677 1407 742 committes
1422 695 1513 740 arca-

207 802 289 849 num.
332 781 466 846 Gracias
486 780 538 862 egi
560 787 593 846 et
612 781 731 846 merito.
776 781 872 844 Vetus
893 789 942 844 est
962 779 1193 863 apophtegmu⁸
1213 781 1353 844 omnium
1364 797 1435 844 esse
1445 777 1512 843 dul-

205 884 363 949 cissimum
389 883 550 968 accipere,
573 903 763 966 quamquam
785 903 844 964 ego
865 882 1014 946 donantis
1043 883 1181 946 animum
1211 882 1315 962 magis
1346 881 1419 945 boni
1442 901 1513 946 cou-

206 986 282 1051 sulo.
325 987 456 1050 Munera
478 1005 539 1049 uon
561 1004 667 1068 quero.
712 987 780 1050 Stet
796 985 1041 1068 syncerusinter
1055 1004 1110 1048 uos
1123 1003 1211 1048 amor
1231 985 1300 1048 sine
1320 983 1514 1048 adminiculo

205 1097 343 1153 externo.
387 1087 536 1170 Vulgaris
559 1087 704 1152 amicicia
728 1094 851 1151 constat
872 1087 1034 1167 obsequiis
1057 1093 1089 1150 et
1110 1086 1310 1157 munusculis,
1335 1091 1444 1150 nostra
1464 1085 1512 1148 tir-

206 1191 284 1254 mior
305 1197 369 1268 est,
394 1208 487 1270 quam
516 1198 549 1253 ut
569 1184 611 1252 sit
632 1188 801 1254 tuicienda.
851 1189 1000 1252 Preterea
1028 1208 1089 1252 non
1117 1192 1220 1251 terunt
1249 1187 1434 1252 claueularii
1459 1189 1513 1252 ob·

206 1299 397 1371 treetatores,
420 1291 446 1356 si
469 1309 518 1354 me
542 1290 684 1355 obsoniis
695 1290 874 1355 donaveris.
918 1290 1033 1354 Putant
1054 1299 1086 1355 te
1107 1289 1182 1353 mibi
1206 1289 1334 1372 palpum
1346 1289 1515 1355 obtrudere

206 1401 238 1459 et
267 1393 416 1458 litorariis
446 1392 614 1461 blandiciis
642 1391 819 1458 deurulcere
849 1399 953 1474 caput.
1002 1392 1139 1455 Proinde
1166 1411 1375 1464 nemereus,
1406 1411 1503 1474 queso

206 1494 288 1560 banc
306 1495 471 1578 anagyrim
525 1495 595 1558 Non
617 1501 722 1558 tamen
745 1495 910 1559 aberrabis
931 1515 952 1557 a
972 1495 1083 1571 ianua,
1108 1494 1136 1557 si
1157 1494 1281 1575 quoties
1302 1494 1436 1575 bouitas,
1463 1516 1513 1559 me

206 1597 409 1662 consulueris.
452 1596 660 1678 Respondebo
688 1603 720 1660 et
747 1593 831 1674 αὐτῷ
857 1601 903 1674 τῷ
930 1583 1031 1678 perpe
1051 1598 1206 1661 remetiar.
1257 1597 1322 1662 tlee
1350 1598 1434 1664 euim
1463 1618 1512 1662 res

206 1699 370 1780 coniungit
390 1698 499 1764 doctos
521 1706 552 1761 et
573 1698 695 1762 iunctos
715 1706 822 1762 servat
843 1699 971 1762 amicos.
1014 1698 1103 1763 Vale.

285 1800 379 1865 xvrt
401 1800 561 1866 Calendas
582 1801 720 1866 Sextiles
742 1799 879 1864 MDXll.

277 1924 456 2040 ldiarrdschriltl.
477 1925 496 1969 F
510 1924 558 1970 251
581 1923 747 1971 tol.1utv-
762 1924 834 1971 leur.
889 1924 964 1970 (tour.
984 1924 1007 1970 b.
1025 1924 1060 1970 ‘l’z
1077 1925 1100 1972 S.
1116 1923 1160 1971 187
1185 1941 1228 1969 roa
1250 1925 1372 1976 bluaarrlo.
1391 1926 1456 1972 scias
1476 1926 1513 1972 tta

206 1996 271 2042 lectu
307 1995 386 2054 ignua.

276 2091 287 2118 Ι
306 2088 330 2132 F
346 2088 501 2148 apohtegms.

761 2156 958 2164 ————--

207 2223 281 2294 187.
303 2221 348 2294 ll.
369 2240 414 2288 nn
436 2221 571 2292 Urban.
1127 2220 1367 2306 (coenatore.
1404 2221 1509 2306 lull.)

276 2349 336 2394 blut.
358 2348 482 2394 bericbtet
500 2363 550 2394 von
569 2347 649 2394 einem
671 2347 796 2403 Pronoean,
823 2346 848 2392 in
868 2347 985 2392 reeleborn
1005 2362 1032 2392 er
1049 2347 1121 2392 nebat
1141 2345 1193 2392 droi
1213 2346 1325 2392 anderen
1345 2349 1381 2392 uls
1399 2347 1511 2394 Selriorls-

208 2417 299 2464 riclrter
319 2418 441 2477 lungicrtu
460 2418 510 2464 und
529 2418 625 2464 korumt
644 2418 748 2462 alsdunn
768 2417 813 2462 aul
830 2416 1396 2477 diolortwitbrondenUmtriebozuapreebon,
1416 2419 1511 2466 welcbo

207 2489 325 2548 Ktiteling
343 2489 394 2534 und
415 2487 500 2534 llorelr
521 2489 656 2538 anzetteln.
676 2502 716 2533 um
736 2487 791 2532 cirre
811 2487 922 2532 Plrl‘rude
942 2502 971 2532 zu
991 2488 1135 2534 arba-rebem

287 2586 424 2651 Henrico
462 2585 639 2666 Urbano,
679 2585 846 2666 magistro,
881 2602 1045 2666 economo,
1083 2586 1149 2648 viro
1187 2585 1366 2650 reverentia
1401 2585 1509 2669 digno,

208 2687 365 2752 blutianus
386 2688 493 2752 Rul'us.

288 2789 319 2852 S.
362 2789 486 2869 Facias,
508 2796 541 2852 ut
562 2796 593 2852 te
608 2788 709 2868 decet,
732 2799 763 2852 et
782 2789 880 2852 bonos
896 2809 934 2853 ao
954 2789 1064 2852 docum
1085 2791 1168 2852 orrrrri
1189 2789 1243 2852 via
1262 2789 1354 2854 nobis
1376 2791 1512 2855 insinua.

209 2893 289 2956 Nam
316 2891 375 2956 bec
402 2891 560 2975 possessio
581 2890 614 2952 in
636 2909 799 2954 commune
824 2899 962 2974 paratur,
983 2910 1044 2954 non
1064 2890 1141 2954 mibi
1162 2893 1266 2971 magis
1286 2911 1380 2974 quarn
1403 2892 1514 2956 tibist

208 2992 317 3058 bonorl
338 2999 369 3056 et
392 2993 544 3077 voluptati
566 2993 678 3057 lutura.
722 2991 812 3070 Quod
834 3002 939 3058 autem
958 3012 1008 3057 me
1030 2993 1100 3075 plus
1123 3013 1216 3074 quam
1240 2994 1395 3076 teipsum
1416 3015 1514 3076 ames,

206 3096 265 3162 etsi
288 3097 321 3160 id
344 3094 489 3174 nimium,
517 3095 611 3160 credo
636 3101 757 3174 tamen,
784 3113 854 3158 cum
876 3103 906 3158 et
935 3096 1004 3179 ipse
1029 3095 1087 3159 tibi
1112 3093 1214 3158 tidelis
1235 3095 1293 3158 sim
1316 3114 1396 3177 eque
1416 3104 1512 3178 atque

206 3206 331 3280 egomet
352 3197 429 3262 mibi
449 3197 615 3279 soleasque
634 3196 782 3262 secundis
804 3197 898 3261 rebus
912 3197 1027 3262 nostris
1045 3215 1106 3259 non
1122 3197 1274 3276 invidere,
1294 3197 1351 3260 sed
1363 3197 1513 3281 gaudere,

206 3299 350 3365 adversis
371 3318 433 3364 nou
459 3298 567 3378 letari,
595 3299 651 3364 sed
672 3299 801 3363 tristari.
844 3297 1150 3388 scelestusbotius1
1173 3317 1231 3361 sna
1251 3299 1363 3363 fraude
1383 3300 1512 3364 traudes

206 3401 344 3468 omnium
367 3408 547 3484 exuperat⁸.
591 3399 672 3466 Dum
695 3398 865 3481 blanditur,
887 3400 1056 3465 insidiatur
1076 3408 1108 3464 et
1122 3409 1171 3464 est
1184 3399 1373 3465 verbotenus
1391 3410 1512 3466 tantum

206 3503 338 3568 Durouii
363 3508 491 3566 anricus.
534 3501 610 3566 Erat
629 3502 680 3568 hic
699 3510 789 3586 pater
810 3509 925 3582 noster,
946 3522 967 3566 a
989 3521 1050 3583 quo
1073 3501 1235 3584 digressus
1254 3504 1379 3571 assecla
1393 3503 1512 3568 Musar·
1538 3505 1540 3508 ’

206 3605 265 3669 dus
295 3625 344 3669 ure
372 3604 462 3667 adiit.
511 3605 636 3669 Interea
662 3603 814 3688 poscebat
840 3623 931 3668 suum
957 3604 1082 3668 Lotium
1108 3611 1141 3666 et
1167 3603 1363 3685 consimiles,
1394 3612 1429 3669 ut
1456 3625 1512 3670 suo

207 3729 291 3772 urrrre
312 3705 504 3791 palponibus
524 3705 678 3771 arrideret
728 3706 795 3771 Hoc
818 3716 945 3788 postero
963 3705 1015 3770 die
1037 3705 1161 3784 audivi,
1184 3713 1350 3789 postquam
1371 3707 1513 3775 abiisset.

206 3809 352 3874 Narrabo
385 3809 503 3873 laetum
532 3807 651 3873 ordine.
701 3806 903 3872 Fridericus‘2
938 3827 1107 3872 economus
1137 3815 1169 3874 et
1199 3808 1294 3873 aulici
1324 3809 1513 3877 Glichenses

206 3920 339 3993 quatuor
354 3909 418 3975 litis
436 3929 492 3975 sue
504 3911 639 3974 arbitros
654 3910 846 3990 delegerunt.
888 3911 1002 3987 Queris
1014 3911 1163 3975 nomina?
1192 3910 1344 3993 norunt,
1365 3911 1399 3976 C.
1413 3912 1513 3978 Bone·

150 4081 155 4093 ,
207 4013 359 4095 burgium,
382 4012 556 4077 blutianum
579 4021 611 4077 et
632 4021 786 4096 pretorem
807 4011 898 4076 buius
919 4010 1092 4076 eivitutnle.
1134 4013 1246 4078 Oravit
1264 4031 1321 4095 pro
1336 4013 1512 4080 Glichensi·

208 4115 265 4180 bus
289 4114 455 4199 presbyter
475 4115 618 4196 Gotzgen
643 4115 735 4194 satis,
758 4133 815 4198 per
840 4113 1021 4190 Herculem,
1044 4114 1199 4198 apposite.
1248 4113 1331 4179 Huic
1351 4117 1514 4200 respondit

277 4232 288 4258 ²
307 4238 340 4283 Ta
358 4243 496 4296 exsuperat.

270 4398 281 4440 ¹
304 4402 420 4476 Ludwig
438 4402 581 4474 Kbteliug.
622 4405 686 4476 vgt.
702 4401 747 4457 Br.
760 4401 797 4456 50
817 4402 842 4459 S.
855 4401 893 4456 64
915 4401 1000 4460 Aum.
1014 4404 1039 4457 4.

269 4477 283 4522 ²
302 4483 365 4557 Vgt
376 4483 424 4540 Br.
435 4482 473 4538 29
495 4482 520 4538 S.
532 4481 570 4538 40
591 4483 674 4540 Anm.
687 4483 714 4539 2.

268 4557 282 4603 ³
303 4563 422 4637 vg1.Br.
434 4562 468 4617 ll
492 4561 518 4619 S.
535 4563 571 4617 16
594 4563 676 4620 Aum.
693 4562 720 4620 5.
