3625 5192
307 335 340 387 lu
668 338 927 404 Gcschicbtsqucllen
946 338 995 390 der
1016 295 1087 389 Prbv.
1109 337 1231 390 Sachscn.

387 486 409 545 S
460 481 564 549 Salem
588 486 739 550 urbanum
762 493 794 548 et
815 485 923 548 dulces
944 485 1083 550 tircecias
1105 485 1242 550 habuere
1270 494 1322 550 tue
1349 485 1437 548 litere
1458 492 1553 566 atquc
1574 503 1611 546 eo

306 590 432 651 nonriue
452 589 633 669 gratissime
654 587 731 651 milri
754 589 894 667 luerunt,
923 588 983 651 nisi
1006 587 1088 668 quod
1112 589 1279 672 propinqui
1303 588 1346 650 tui
1368 587 1496 651 exilium
1519 587 1612 670 paulo

307 690 523 773 impatientius
544 691 678 754 i'crebas
719 690 894 752 Adamum¹
921 697 1016 764 tuum,
1038 709 1166 776 puerum
1190 690 1282 753 valde
1304 689 1516 768 emendatum,
1544 687 1611 750 ridi

307 792 442 855 libenter
481 792 578 856 llulto
590 801 647 870 est,
668 812 746 875 pace
760 800 815 855 tna
830 791 948 855 dictum
963 792 1065 870 velim,
1088 791 1269 874 Nepotiano
1280 791 1444 875 placidior,
1467 791 1612 871 quarnvis

305 895 570 976 ingeniosissimo.
613 895 676 958 Sed
704 894 888 959 desummo
915 893 975 958 fide
996 902 1027 957 et
1051 894 1226 959 eruditione
1256 894 1449 976 preceptoris
1473 893 1610 955 Vuratis-
1668 907 1674 926 ’

210 995 219 1012 “
306 997 458 1060 laviensis
488 997 565 1059 nihil
597 999 656 1060 crit
681 999 905 1076 dubitandum,
944 999 1019 1078 quin
1050 1007 1178 1078 uterque
1204 997 1260 1059 liat.
1289 997 1457 1060 amabilior
1484 1004 1516 1058 el
1543 1014 1608 1076 per-

305 1099 422 1162 i'ectior.
469 1099 526 1162 Est
559 1100 643 1162 enirn
678 1101 710 1162 in
746 1099 901 1163 lllatthia²
933 1099 1155 1180 ludimagistro
1186 1100 1318 1181 egregia
1354 1099 1500 1184 voluntas
1533 1097 1611 1159 bene

306 1199 446 1264 merendi
468 1200 508 1264 de
531 1202 681 1266 studiosis
702 1202 871 1268 literarum.
903 1202 1141 1282 Estsingularis
1164 1222 1238 1264 nura
1261 1209 1292 1265 et
1306 1201 1485 1266 sollicitudo
1503 1199 1610 1263 tuendi

306 1302 435 1384 pudoris
457 1311 488 1366 et
513 1303 668 1385 pudicicie
699 1324 832 1368 suorum.
875 1304 931 1367 aa
961 1312 1104 1386 preterea
1131 1305 1258 1386 politior
1287 1305 1341 1367 illa
1372 1303 1517 1366 doctriua
1551 1321 1611 1364 non

306 1404 405 1468 solum
427 1404 663 1487 copiosissima,
684 1405 739 1469 sed
761 1407 857 1469 etiam
880 1406 1096 1485 sanctissima,
1126 1416 1159 1469 ut
1181 1418 1274 1470 uatrrs
1303 1406 1378 1469 milri
1403 1403 1611 1468 videaturad

305 1505 492 1570 tradendum
526 1507 725 1572 scholasticis
756 1509 877 1589 ingenii
910 1510 1026 1574 cultum
1060 1518 1090 1572 et
1125 1509 1323 1590 splendorem
1354 1508 1488 1571 virtutis.
1530 1506 1613 1568 Huic

305 1616 337 1672 tu
366 1610 484 1692 optimo
506 1609 625 1673 doctori
653 1619 735 1674 recte
763 1610 1035 1674 commendaveris
1064 1611 1143 1675 duros
1168 1612 1306 1674 Adamas
1329 1611 1557 1699 Asciburgios3
1580 1617 1612 1670 et

305 1711 424 1774 filium⁴
445 1712 561 1774 sororis
583 1712 640 1774 tibi
668 1715 778 1776 nrerito
813 1713 1001 1776 carissimos.
1045 1712 1210 1777 Proficieut
1237 1724 1292 1776 tua
1319 1713 1451 1793 scripta,
1482 1730 1611 1792 cuorum

305 1813 472 1877 subtilitati
495 1815 581 1877 cedit
602 1815 835 1878 literatissimos
857 1817 1006 1896 ortisque,
1029 1815 1207 1898 proficient,
1227 1817 1370 1896 iuquam,
1392 1822 1424 1878 et
1446 1814 1611 1896 plurimum

307 1917 458 1980 valebunt
480 1917 512 1978 io
535 1936 632 1980 causa
654 1918 744 1980 trium
768 1937 944 2000 puerorum,
966 1938 1035 1980 cunr
1058 1920 1102 1981 tui
1126 1919 1167 1981 sit
1188 1938 1299 1981 aureus
1322 1915 1488 1992 Matthias,
1510 1915 1610 1978 eciam

306 2017 445 2080 Muciani
467 2020 511 2080 tui
532 2018 700 2093 studiosus,
723 2028 756 2082 ut
777 2021 880 2084 ordini
903 2029 1010 2084 nostro
1030 2040 1150 2100 semper·
1172 2021 1213 2084 sit
1234 2020 1416 2083 servandus.
1449 2019 1482 2080 ln
1499 2001 1637 2082 cadem¹

306 2119 436 2183 civitate
458 2140 592 2201 magnus
614 2128 645 2184 et
668 2122 816 2185 honestus
836 2131 884 2185 est
904 2124 1078 2187 communis
1100 2124 1219 2187 anricus
1243 2122 1437 2202 Gregorius⁵
1453 2119 1611 2200 Agricola,

306 2224 355 2285 vir
375 2242 514 2286 summus
535 2229 567 2284 et
587 2223 871 2305 eloquentissimos,
893 2225 935 2286 ad
948 2245 1049 2306 cucur
1070 2233 1242 2306 occupatus
1262 2225 1399 2288 scribere
1420 2243 1481 2286 uon
1501 2221 1612 2293 audeo,

307 2344 346 2388 ne
367 2325 634 2406 castigatissimae
652 2345 744 2390 aures
772 2327 859 2390 rudis
879 2326 1020 2392 offendat
1042 2327 1187 2409 epistola.
1231 2326 1379 2389 Detinet·
1408 2344 1456 2387 me
1478 2324 1612 2388 clrorusl

307 2434 339 2490 et
362 2429 537 2491 ociosorum
563 2447 681 2510 preces.
724 2429 822 2491 Totos
844 2429 913 2493 dies
941 2429 1127 2511 supersticio
1149 2428 1209 2492 sibi
1233 2427 1383 2492 vindicat.
1425 2425 1547 2488 Trahor
1570 2423 1612 2488 ad

306 2549 380 2593 aras
400 2530 498 2593 veluti
519 2530 648 2592 victima
663 2530 864 2595 immolanda.
896 2532 971 2599 Tibi
987 2531 1094 2594 datum
1111 2539 1159 2594 est
1171 2531 1240 2612 plus
1258 2531 1329 2594 ocii.
1362 2529 1463 2592 Dicto
1479 2529 1611 2592 salutent

306 2636 338 2695 et
365 2632 522 2715 persuade
552 2630 669 2696 bomini
703 2633 945 2711 humanissimo,
982 2643 1015 2695 ut
1046 2632 1254 2712 Thuringiam
1283 2630 1455 2712 aliquando
1487 2629 1614 2708 invisat,

307 2741 340 2797 ut
361 2733 438 2816 edes
459 2741 566 2816 nostre
587 2742 674 2799 tauto
697 2736 820 2818 hospite
841 2736 1041 2800 adornentur.
1086 2736 1135 2797 Da
1156 2755 1294 2817 operam,
1318 2741 1351 2796 ut
1370 2733 1486 2796 valcas.

388 2836 520 2901 Decimo
536 2836 697 2901 Calendas
709 2835 840 2916 Aprilis,
861 2854 923 2915 quo
939 2834 991 2898 die
1005 2833 1148 2897 Christus
1170 2833 1243 2896 alirn
1260 2831 1319 2894 sub
1335 2831 1472 2894 Caesare
1484 2829 1613 2895 Tiberio

308 2939 340 3002 in
362 2959 486 3002 crucem
508 2938 651 3002 sublatus
673 2937 794 3001 elilavit
815 2938 955 3000 animaru
978 2935 1196 2998 MDVlXX³⁶.

379 3085 558 3131 llaudschriltl.
579 3085 599 3130 1⁴¹
618 3084 667 3130 277
690 3084 723 3128 sul
753 3082 946 3132 liar-laer,
988 3080 1062 3127 chr.
1085 3080 1109 3125 b,
1128 3079 1162 3124 ΤΖ
1185 3081 1207 3126 S.
1223 3078 1372 3126 lae-lau
1411 3077 1441 3122 ln
1465 3077 1551 3123 caulem
1578 3077 1615 3123 bis

305 3171 358 3201 arim
377 3157 485 3202 &trimae
620 3155 623 3160 ’

377 3277 561 3329 *roselina
634 3265 697 3325 bra
717 3281 788 3326 raras.
859 3272 870 3298 ⁰
890 3279 915 3322 a
929 3277 978 3324 rino
997 3277 1030 3322 ua
1048 3277 1202 3324 urnruxx.

374 3527 384 3568 ¹
407 3531 530 3584 Adaruus
550 3529 667 3582 Publius
687 3536 777 3580 zucrst
797 3527 825 3578 iu
847 3525 982 3577 Dicrrston
1006 3523 1128 3590 Urbano,
1155 3523 1227 3574 duno
1254 3521 1377 3574 llurians
1399 3521 1537 3574 Farrrulus.
1581 3519 1616 3572 Er·

308 3611 344 3664 ist-
365 3610 501 3664 identisclr
523 3609 574 3661 rnit
599 3610 661 3660 dem
684 3607 810 3661 01512
839 3604 1099 3657 irnrnatrilrulierlcn
1120 3603 1208 3656 Aulum
1234 3601 1313 3655 lluolr
1343 3603 1376 3654 dc
1398 3601 1614 3672 Fisclreullurgo.

308 3692 369 3744 Dcn
394 3690 499 3742 Numen
523 3689 641 3741 Publius
662 3689 711 3740 hal
732 3688 838 3740 lllutiarr
860 3703 910 3737 aurs
933 3683 1013 3736 Buob
1035 3683 1165 3754 gobildct

372 3767 385 3807 ²
407 3771 470 3840 Vgl.
493 3768 606 3824 Beati
629 3769 648 3822 S
667 3768 723 3820 363
747 3766 871 3820 11111112.

369 3848 387 3908 ,3
409 3851 439 3902 lu
462 3850 541 3904 Brief
556 3847 614 3901 358
637 3848 702 3901 wird
725 3865 776 3900 nur
798 3847 874 3899 einer
895 3845 984 3899 dieses
1006 3844 1126 3898 Naurons
1149 3843 1281 3900 cruiilmt.

369 3927 382 3967 ⁴
404 3931 577 4000 Nepotianus
597 3935 674 3982 sonst
694 3936 823 3999 genennt

369 4007 383 4049 5
404 4011 467 4081 Vgt.
490 4010 535 4062 Br.
549 4009 606 4061 278
629 4008 654 4061 S.
667 4009 725 4061 365
747 4008 819 4060 Anm
844 4007 865 4060 1.

369 4087 458 4145 ⁶Die
489 4090 658 4160 Aenderung
686 4089 723 4142 ist
754 4088 845 4158 niitig,
885 4088 947 4142 weil
981 4085 1055 4138 1513
1090 4085 1225 4140 Kuurulcr
1257 4085 1316 4139 sich
1358 4085 1430 4137 noclr
1463 4084 1489 4136 iu
1522 4081 1617 4135 Erfurt

309 4171 418 4228 befaud.
