3625 5192
319 334 374 396 368
693 316 954 412 Gesebiehtuqucllen
973 341 1022 399 der
1039 330 1113 399 Pron.
1131 336 1255 401 Saubsen.

319 490 426 559 horres
456 491 574 574 pellere
604 511 667 557 non
703 500 851 575 possunt,
884 490 1077 557 insidiantur
1115 500 1147 557 et
1177 494 1258 559 clam
1297 512 1354 577 per
1391 493 1497 559 dolum
1530 494 1627 560 exilio

319 595 471 659 mulctare
494 594 644 658 nituntur.
685 593 878 659 Existimant
904 594 993 659 nulla
1014 616 1047 659 re
1067 595 1161 661 citius
1182 596 1325 681 superari
1345 615 1454 681 posse,
1482 615 1576 678 quarn
1599 596 1626 661 si

319 696 417 762 alium
432 695 575 761 eiusdem
590 702 676 761 secte
696 696 738 760 ad
753 697 971 761 sustinendum
991 697 1141 781 impeturn
1167 698 1381 782 opposuerint.
1424 697 1478 762 Sic
1499 697 1628 763 lacessit

318 798 501 864 Tiloninum
514 797 635 863 Cordus
645 797 815 881 sophorum
832 798 965 862 natricis
980 793 1168 864 subornatus
1180 799 1331 865 taciturus
1343 799 1569 883 proculdubio,
1592 837 1626 845 -

241 908 251 941 ’·
319 920 382 966 nou
402 901 487 965 enirn
508 899 584 965 licet
603 901 637 963 in
659 918 847 983 quemquam
857 902 950 965 mites
967 921 1090 965 armare
1101 900 1259 965 Camenas
1274 902 1385 965 -nisi
1405 902 1625 982 magistrorum

319 1002 456 1069 stimulis
476 1010 622 1085 ageretur
643 1002 686 1066 ad
705 1001 968 1066 maledicendum.
1011 1002 1111 1066 Huius
1133 1004 1178 1067 rei
1201 1002 1411 1067 coniecturam
1429 1002 1523 1085 taeio,
1543 1002 1627 1085 quod

319 1126 426 1172 macer
453 1106 507 1171 ille
536 1106 727 1171 semivivus¹
750 1105 878 1169 dicebat
904 1105 945 1169 de
965 1104 1159 1169 Eisenaebo:
1193 1105 1306 1168 lletten
1332 1106 1391 1169 vvir
1417 1125 1479 1188 eyn
1506 1105 1626 1169 anderu

319 1217 434 1294 poeten
453 1207 554 1271 wider
574 1206 704 1281 Tilonu,
725 1210 783 1271 aul'
799 1206 859 1271 dae
878 1226 914 1271 er
935 1208 983 1271 nit
1003 1206 1097 1271 dorfft
1116 1227 1230 1289 sagon:
1257 1206 1301 1271 Es
1321 1226 1389 1271 vvur
1410 1206 1546 1291 heyner,
1571 1206 1628 1271 der

319 1310 380 1375 mir
398 1311 478 1375 hunt
496 1311 710 1374 antwurten“.
752 1308 847 1388 Quid,
865 1308 1090 1374 Pistoriensis?
1130 1309 1216 1373 Audi
1228 1306 1446 1374 incredibilem
1457 1309 1626 1383 maliciam.

319 1412 407 1478 lnter
426 1413 492 1476 alia
512 1411 554 1474 ad
576 1431 641 1475 me:
671 1410 814 1492 „Doctor
835 1410 984 1493 Henning
1006 1410 1059 1474 wil
1084 1429 1143 1475 uus
1164 1411 1298 1477 hell'eu.“
1339 1411 1430 1475 Tune
1455 1418 1627 1476 commotus

319 1514 483 1597 respondi:
504 1513 584 1595 „rlh,
605 1534 640 1577 er
661 1512 726 1577 lran
747 1512 790 1577 im
810 1513 895 1577 selba
916 1513 1004 1577 nicht
1020 1513 1153 1577 helsen.“
1195 1512 1260 1577 llec
1280 1513 1410 1593 iaciunt,
1430 1519 1465 1575 ut
1485 1512 1628 1597 suspicer

269 1666 272 1673 .
319 1617 476 1681 Petreium
502 1616 655 1679 adherere
674 1614 826 1698 sophistis
855 1622 888 1678 ut
912 1614 1058 1679 clientem
1079 1614 1249 1697 Heuniugi.
1291 1615 1390 1687 Cave,
1420 1615 1462 1678 mi
1489 1614 1627 1693 Urbane,

320 1736 360 1782 ne
382 1719 533 1801 proferas.
575 1716 675 1795 Quem
698 1716 796 1798 igitur
816 1714 912 1779 lidum
930 1716 1027 1780 habet
1039 1725 1204 1801 patronum
1218 1716 1407 1780 'lilouinus'd
1449 1716 1625 1781 Neminem.

318 1821 369 1884 An
402 1827 435 1882 tu
472 1819 552 1883 bene
588 1818 752 1882 arbitraris
778 1819 894 1881 sentire
927 1818 1169 1883 Bubezcanum?
1221 1818 1324 1882 Erras.
1377 1818 1454 1883 Odit
1486 1818 1626 1901 philoso-

320 1921 477 2004 phastros,
497 1920 778 2005 oditllenningum
793 1906 991 1984 Bubezcan2.
1037 1918 1110 1984 ldeo
1125 1923 1209 1984 l'ovet
1222 1920 1403 1984 Tiloniuum
1425 1919 1467 1983 ad
1486 1920 1626 1985 dolorem

319 2019 441 2083 ordinis
463 2018 685 2102 philosophici.
727 2020 763 2083 lu
790 2022 903 2091 eadem
925 2041 999 2087 vero
1019 2023 1073 2086 via
1093 2034 1166 2087 sunt
1188 2022 1225 2086 H.
1246 2032 1278 2086 et
1300 2022 1334 2085 B.
1376 2021 1458 2085 Nam
1488 2021 1515 2086 si
1536 2040 1628 2086 secus

320 2129 417 2202 esset,
446 2120 673 2213 persuaderent
687 2121 851 2204 Tilonino,
878 2132 912 2186 ut
932 2125 1049 2189 scolam
1072 2126 1148 2187 iuris
1170 2125 1311 2203 intraret,
1333 2124 1386 2187 uhi
1409 2124 1479 2187 sine
1495 2125 1628 2189 tumultu
1730 2174 1733 2181 r

321 2242 401 2305 pace
421 2232 453 2287 et
473 2222 543 2287 ocio
564 2216 724 2287 trueretu‘r.
767 2224 830 2288 Sed
854 2226 979 2306 nolunt,
999 2234 1084 2291 certe
1105 2227 1228 2305 nolunt,
1257 2233 1291 2288 ut
1311 2226 1389 2289 iuris
1409 2225 1527 2289 alumni
1549 2226 1628 2289 liant

319 2324 502 2406 eloquentes
555 2323 634 2410 lllud
655 2325 781 2408 volunt,
808 2336 842 2390 ut
862 2326 1042 2411 philosophi
1069 2336 1235 2408 vexentur,
1261 2337 1293 2392 et
1321 2327 1432 2392 ludunt
1459 2328 1499 2392 de
1522 2327 1627 2391 alieno

320 2427 415 2491 corio.
457 2425 526 2503 Que
547 2446 617 2491 curn
638 2427 685 2492 ita
706 2427 785 2509 siut,
812 2428 1119 2495 consulendum'erit
1140 2430 1247 2494 multis
1268 2429 1308 2495 de
1329 2430 1436 2494 causis
1457 2428 1626 2494 eommuni-

321 2528 380 2593 bus
407 2528 521 2592 studiis
547 2536 579 2592 et
607 2527 719 2593 honori
745 2531 980 2613 commodisque
1005 2526 1156 2595 Tilonihi.
1206 2531 1326 2613 Primo,
1358 2532 1386 2595 si
1415 2526 1637 2614 Erphurdiam
1724 2540 1728 2547 '

300 2630 497 2711 reliquerit,
528 2630 710 2694 clamabunt
739 2630 916 2696 adversarii
943 2634 1106 2715 expulsum
1139 2641 1383 2717 superatumque
1413 2642 1553 2716 poetam,
1592 2652 1636 2698 se,

320 2740 426 2796 autem
459 2730 593 2795 victoria
629 2731 738 2816 potiri,
773 2734 841 2816 pari
870 2734 1016 2817 exemplo
1048 2745 1169 2799 eeteros
1196 2735 1313 2798 latinos
1341 2744 1372 2799 et
1398 2735 1528 2797 Parvuli
1554 2754 1626 2799 eon·

319 2841 490 2917 temptores
510 2833 687 2914 ignominia
710 2835 867 2900 notandos
886 2843 920 2899 et
939 2836 1008 2900 loco
1029 2835 1211 2900 movendos.
1253 2835 1397 2900 Manebit
1417 2855 1455 2899 ea
1478 2838 1563 2899 l'arna
1583 2836 1626 2901 ad

321 2936 442 3001 Gothos
467 2942 499 2999 et
526 2936 559 2998 in
586 2934 692 3000 Valles
701 2938 722 2995 ³.
774 2936 923 3002 lrridebit
951 2956 1007 3001 uos
1033 2936 1151 3017 Morus,
1179 2936 1324 3002 irridebit
1350 2936 1530 3001 Fridcricus
1558 2958 1627 3003 cur-

204 3029 206 3033 ’
320 3056 431 3103 numus
451 3045 483 3103 et
502 3036 617 3119 quibus
636 3049 668 3101 tu
689 3044 721 3102 et
739 3056 800 3118 ego
820 3037 888 3101 noti
911 3057 1017 3103 sumus
1038 3038 1211 3121 culpabunt
1229 3039 1459 3103 nostrastudia.
1502 3038 1627 3105 Deinde

320 3148 445 3223 partam
469 3138 529 3203 sibi
551 3138 684 3220 gloriam
707 3138 908 3205 Herebordus
929 3142 1066 3221 amittet3
1098 3160 1158 3205 non
1190 3141 1253 3219 ita,
1282 3146 1317 3205 ut
1342 3138 1461 3222 floruit,
1493 3140 1627 3222 florebit,
1672 3156 1677 3169 ·

320 3241 509 3307 interveniet
532 3240 663 3319 ¹uioium
695 3247 735 3304 et·
762 3240 929 3306 calamitas
965 3252 997 3307 et
1029 3242 1097 3307 lilia
1130 3242 1252 3307 diaboli
1290 3242 1450 3307 calumnia
1486 3243 1627 3307 turbabit

320 3363 443 3409 cursum
463 3343 550 3408 illius
566 3343 742 3408 lectionum.
786 3344 880 3409 Dicet
900 3346 983 3410 euim
1007 3344 1179 3408 Martinus⁴
1200 3353 1232 3409 et
1253 3344 1344 3409 Cotio
1372 3352 1403 3409 et
1422 3345 1473 3408 cui
1494 3344 1625 3409 nimium

319 3446 421 3511 credit
439 3446 477 3511 U.
498 3445 670 3510 Cerberus:
697 3444 840 3526 „Vident
867 3455 901 3511 ut
921 3446 1001 3511 nibil
1025 3447 1165 3530 prodest,
1199 3447 1262 3510 imo
1286 3455 1320 3511 ut
1347 3436 1625 3529 noeet'elegancia

320 3548 493 3614 sermonis?
532 3547 646 3611 Pulsus
661 3558 710 3612 est
722 3548 888 3614 Tilouinus
910 3550 1077 3613 lamiliaris
1099 3558 1131 3614 et
1151 3547 1282 3633 coepulo
1302 3557 1383 3613 tuns.
1425 3548 1511 3613 Situ
1531 3549 1627 3630 igitur

320 3652 420 3735 sapis,
435 3650 516 3714 nihil
536 3650 578 3713 sit
597 3650 656 3715 tibi
678 3670 749 3715 eum
770 3652 930 3717 Cicerone.
972 3650 1026 3715 Sic
1046 3650 1185 3733 loquaris
1208 3659 1240 3715 ut
1258 3649 1424 3716 Bartholus
1445 3658 1478 3715 et
1499 3650 1627 3730 llaldns,

320 3753 376 3835 qni
403 3752 490 3816 velut
516 3771 625 3833 regum
646 3772 737 3835 reges
758 3752 875 3835 ubique
896 3753 1097 3817 dominantur
1116 3760 1148 3817 et
1166 3752 1283 3833 lasces,
1310 3772 1402 3836 opes,
1424 3752 1627 3833 magistratus

321 3854 441 3919 iuristis
467 3854 534 3917 suis
560 3854 709 3919 tribuunt.
758 3854 841 3933 Quid
869 3854 1029 3921 blutiauus
1054 3854 1126 3920 est?
1167 3854 1255 3918 Nihil
1277 3860 1341 3934 est,
1368 3854 1469 3941 nescit
1489 3854 1627 3918 scribere

320 3955 464 4020 consilia.
506 3956 573 4019 Nos
597 3958 677 4037 lora,
699 3957 788 4035 lites,
814 3955 927 4021 divina
951 3966 984 4020 et
1003 3956 1142 4021 humana
1164 3956 1294 4038 negotia
1313 3959 1517 4021 tractarnus“.
1560 3954 1627 4019 Heu

321 4067 417 4140 atque
450 4057 529 4121 talia
559 4057 736 4139 nugivendi
766 4060 855 4121 latua
886 4057 974 4141 pleni
1007 4059 1188 4123 coniectura
1221 4064 1253 4120 et
1288 4055 1388 4121 inflati
1422 4058 1627 4140 opinionibus

321 4222 521 4232 .-----.-

385 4330 393 4371 ¹
417 4333 529 4388 Jobann
549 4332 713 4405 Kircbberg.
754 4332 872 4405 Vngr.
886 4332 943 4387 277
967 4332 993 4388 S.
1005 4332 1063 4387 364
1084 4332 1167 4390 Anm.
1181 4332 1206 4397 ,1.

383 4409 541 4467 ²Erfurter
562 4412 787 4484 Grosssyndieus,
804 4414 925 4469 nelcher
947 4414 1023 4467 1514
1045 4414 1089 4467 ein
1111 4414 1197 4469 bdclrt
1217 4416 1352 4486 trauriges
1373 4412 1450 4467 Ende
1471 4412 1546 4469 fund.

380 4488 395 4532 ³
416 4493 495 4548 Naeb
516 4492 711 4565 Georgentbal,

382 4569 396 4612 ⁴
418 4574 519 4629 Martio
540 4592 594 4629 von
614 4574 663 4629 der
686 4573 821 4631 Martben.
