3625 5192
622 351 711 410 Briele
729 345 849 408 Mutisns
870 347 930 408 177.
950 351 1001 406 178
1027 351 1085 406 tto.
1453 346 1507 403 253

201 504 279 576 rus.
301 503 345 574 rr.
368 523 413 570 an
436 461 618 570 uerendus
633 500 901 572 nunonem.
1101 499 1234 586 (uerna
1246 496 1505 582 moa-1510).

272 617 334 662 Mul.
353 616 474 672 bekannt,
493 615 550 660 dass
570 615 615 659 dur
628 613 812 673 jltbsWeulrsel
823 613 968 671 dorDingo,
988 613 1095 658 welebcr
1112 611 1165 658 slelr
1183 612 1209 658 in
1227 611 1277 656 den
1286 609 1505 658 verschiedensten

203 687 319 733 Idndsrn
338 686 411 745 zeigt,
430 685 473 730 ilru
494 685 539 730 aul
555 685 617 730 Gott
635 683 710 731 ullein
729 689 864 729 vertruusn
884 683 969 729 troisse.

283 769 463 834 Herebordo
487 767 706 849 Margarito
729 765 890 830 Mutianus
910 766 1018 830 Rufus.

282 871 317 934 Si
339 870 427 932 vales
448 877 480 932 et
500 869 578 932 iuris
597 868 701 932 studio
712 867 942 944 assiduitatem,
963 867 1248 950 perseveranciam,
1269 865 1423 943 ardorem,
1441 867 1506 930 ala-

202 973 345 1037 critatem
368 970 516 1044 adbibes,
547 970 626 1034 bene
647 978 704 1032 est.
754 968 822 1050 Ego
850 967 979 1050 quidem
1009 970 1102 1033 valeo
1130 979 1163 1032 et
1191 989 1253 1032 nou
1280 970 1383 1050 magis
1407 969 1508 1033 sacris

202 1075 360 1139 Musarum
382 1092 475 1154 quarn
487 1071 604 1135 Christi
625 1070 760 1135 assideo.
803 1069 941 1134 Cottidie
962 1071 1198 1154 conspiciuntur
1217 1069 1364 1154 exempla
1384 1071 1507 1134 fortune

201 1175 367 1254 variantis,
390 1173 479 1238 cuius
499 1173 749 1238 vicissitudinem
771 1180 802 1235 et
824 1171 1156 1254 incursusDuriugia¹
1178 1171 1507 1250 sustentatricem

200 1279 297 1343 ltalia
318 1277 358 1341 ob
379 1276 628 1340 inconstanciam
649 1283 681 1339 et
702 1275 863 1338 levitatem
878 1275 966 1338 mlii·
987 1275 1032 1338 itu
1053 1276 1158 1355 sentit,
1179 1280 1214 1337 ut
1233 1275 1454 1357 obstupescam
1476 1279 1508 1338 et

204 1401 265 1446 nou
287 1379 424 1462 amplius
444 1377 538 1442 rebus
559 1375 720 1457 humanis,
736 1378 793 1440 sed
814 1377 873 1440 soli
895 1375 964 1439 Deo
985 1374 1150 1440 corridum.
1193 1375 1242 1438 'Pu
1263 1395 1337 1440 vero
1358 1375 1507 1456 lucifugis

202 1482 348 1548 addictus
368 1481 505 1544 medium
527 1479 650 1542 fortune
679 1479 822 1561 pollicem
845 1478 1007 1542 ostendis³
1033 1485 1065 1541 et
1092 1497 1193 1558 neque
1220 1477 1378 1541 acclamas
1405 1497 1507 1560 neque

203 1585 356 1649 reclamas
377 1585 467 1664 quasi
488 1582 598 1645 doctus
620 1601 640 1644 a
661 1581 754 1644 clroro
775 1580 969 1643 initiatorum
992 1570 1141 1659 precante
1162 1598 1224 1643 nou
1245 1579 1356 1654 semel,
1389 1589 1422 1642 ut
1442 1580 1507 1644 dis·

203 1705 310 1750 caurus
331 1685 512 1747 laventibus
534 1682 673 1746 celicolis
694 1699 845 1764 prospera
867 1680 975 1744 mundi
1002 1679 1166 1764 despicere
1192 1689 1224 1744 et
1250 1681 1337 1745 nulls
1362 1680 1431 1746 eius
1450 1681 1506 1745 ad-

203 1805 296 1850 versa
313 1786 490 1850 formidare.

266 1907 452 1980 'llundscluriitl
472 1907 491 1952 l*
505 1906 555 1953 442
577 1907 617 1954 sol.
633 1906 713 1958 Ὴθν,

273 1996 284 2021 “
302 2001 330 2045 In
349 2001 393 2046 Ilot
410 1999 467 2045 ulter
485 1999 537 2045 dem
555 1999 750 2058 uruprlr'rrplr'rben
768 1997 798 2042 N.

204 2146 278 2212 lto.
300 2145 343 2215 ll.
366 2164 410 2210 urr
434 2144 566 2214 Urbnu.
1088 2141 1231 2231 ¹(llotlrn
1247 2141 1506 2228 lbos-1511).

275 2271 329 2316 ldut
356 2271 463 2329 srultlrlt,
486 2269 532 2314 wis
551 2285 578 2314 er
594 2283 634 2314 arn
653 2269 857 2316 kursbelrsiselren
878 2270 1001 2327 Hoilnger
1018 2271 1206 2329 susgsrronrmon
1226 2272 1276 2317 und
1296 2272 1375 2317 tddelt
1393 2272 1438 2317 das
1449 2273 1508 2317 Vor-

205 2343 290 2388 lrsltou
309 2341 434 2400 Spoletinus
454 2340 509 2385 dem
528 2341 597 2384 ultan
617 2339 770 2398 prinzliclrsrr
792 2341 907 2386 Eruinlrsr
925 2341 1072 2400 gsgsnllber.

285 2437 420 2502 Heorico
442 2437 599 2500 Urbano
622 2437 780 2500 blutianus
801 2437 906 2503 Rullus.

285 2539 316 2605 S.
360 2540 454 2602 Visus
475 2548 523 2602 est
543 2539 618 2601 milri
641 2558 718 2621 puer·
740 2546 771 2602 et
793 2541 894 2603 l'orma
914 2547 946 2604 et
965 2540 1211 2623 indoleoptirno,
1232 2541 1389 2605 lohannes
1401 2541 1509 2606 Fride-

204 2642 318 2714 risnel,
342 2643 435 2705 unica
456 2661 529 2725 spes
552 2641 662 2724 patric.
706 2640 787 2704 Num
811 2651 922 2724 patruo
944 2650 1075 2723 etpatrc
1090 2644 1268 2707 volentibus
1291 2645 1357 2706 vidi
1381 2655 1411 2706 et
1429 2646 1508 2724 dixi,
1569 2634 1573 2640 ’

204 2762 265 2825 quc
286 2743 371 2808 volui
394 2742 593 2805 auscultante
615 2743 724 2820 sene5,
745 2761 836 2821 quem
859 2743 1044 2826 Spoletinus
1065 2745 1227 2825 perturbat
1249 2765 1307 2808 sua
1329 2747 1507 2810 insolentia.

204 2845 314 2908 l’rocul
337 2845 433 2908 dubio
455 2845 661 2925 probissimus
683 2851 739 2923 est,
762 2845 818 2908 sed
840 2863 981 2909 morosus
1002 2856 1034 2910 et
1056 2847 1154 2911 bostis
1166 2846 1335 2928 literarum,
1356 2859 1507 2928 quantum

205 2946 357 3027 intelligo.
402 2945 514 3008 Verum
541 2947 583 3009 sit
612 2945 682 3027 ipsu
714 2947 892 3026 morositas,
920 2947 1106 3030 Spoletinus
1133 2968 1194 3010 non
1230 2949 1358 3012 deberet
1385 2950 1509 3014 irritare

205 3066 322 3126 senem,
344 3047 474 3110 honeste
495 3047 719 3128 obsequeretur·
740 3056 772 3112 et
786 3049 1121 3130 patereturimpcrium
1138 3051 1302 3129 grandevi.
1344 3050 1510 3115 Admissus

206 3150 238 3213 iu
261 3150 403 3213 intimam
427 3148 577 3212 Friderici
600 3149 795 3212 mensionem
819 3148 911 3224 plura
933 3151 1068 3228 narravi,
1090 3151 1239 3232 quoniam
1261 3152 1344 3213 sensi
1369 3172 1418 3216 me
1439 3171 1509 3216 esse

205 3250 421 3316 favorabilem.
463 3249 551 3312 luter
575 3249 640 3312 alia
668 3249 751 3312 dixit
772 3250 919 3332 prinecps
942 3251 1024 3313 velle
1045 3271 1079 3314 se
1106 3269 1236 3333 puerum
1256 3252 1508 3334 wittenburgum

206 3355 344 3432 mittere,
371 3352 424 3416 ubi
447 3361 554 3433 posset
575 3350 759 3432 Spoletinus
781 3370 844 3413 una
865 3370 935 3414 oum
958 3372 1053 3435 puero
1073 3372 1188 3417 vacare
1216 3353 1330 3418 studiis
1378 3358 1511 3419 Amatur

207 3455 248 3516 ab
270 3463 400 3535 utroque
422 3453 544 3516 duccet
557 3459 667 3515 tamen
695 3449 793 3514 fletet
814 3452 1010 3517 lamentatur.
1052 3455 1509 3521 Omiserum‘bonruutioueml

206 3555 315 3619 Mirari
337 3557 416 3618 satis
438 3575 498 3617 nou
521 3573 664 3637 possum,
693 3553 774 3616 uude
796 3557 838 3616 sit
863 3562 953 3621 tantu
978 3557 1188 3640 impatientia.
1236 3555 1408 3622 Providens
1434 3561 1511 3640 suis,

208 3660 242 3716 ut
267 3653 442 3735 hospicium
474 3652 690 3732 babeantpro
713 3649 862 3714 Vallibus.
905 3652 1023 3733 Credo,
1053 3666 1154 3719 mater·
1184 3665 1217 3721 et
1246 3659 1343 3722 irater
1363 3663 1509 3738 orutiant,

206 3773 386 3837 quanquam
407 3761 520 3817 nutura
542 3753 584 3816 sit
606 3750 730 3816 debilis:
772 3753 860 3832 V'ale,
881 3753 1017 3819 domine.

278 3862 458 3910 Handschriitl.
479 3863 498 3907 l*
513 3862 561 3908 211
583 3862 624 3909 sol.
644 3860 747 3908 145r-
759 3863 835 3907 llsv.
878 3863 954 3910 Gsdr.
973 3864 997 3910 b.
1018 3865 1052 3910 'l'z
1070 3867 1086 3913 S
1107 3866 1155 3912 122
1175 3882 1222 3914 von
1237 3869 1309 3916 Visus
1329 3875 1366 3916 est
1384 3869 1421 3917 tta
1438 3877 1511 3919 tunm

207 3933 373 3993 impatientia.
1317 3943 1320 3947 ²

273 4111 283 4153 ¹
307 4115 339 4168 lu
361 4113 469 4181 Erfurt,
497 4113 734 4186 gewissermussen
755 4115 804 4169 der
824 4113 994 4187 Hauptstadt
1014 4109 1204 4191 i'bdringens,
1230 4126 1316 4178 mittet
1333 4125 1384 4179 der
1405 4124 1515 4198 Rumpf

209 4195 346 4250 emischen
368 4195 504 4249 Gemeine
526 4197 582 4247 und
604 4194 742 4250 Patriaiat
774 4195 829 4266 Vgl
857 4197 902 4251 Br.
921 4197 976 4250 126
997 4198 1023 4253 S.
1039 4201 1090 4251 181
1112 4217 1138 4258 u,
1156 4219 1181 4255 a.
1200 4221 1238 4262 m.

271 4275 285 4314 ²
304 4277 349 4332 An
371 4277 424 4329 den
440 4275 502 4328 Tod
511 4274 660 4329 Wilhelms
680 4275 876 4330 deslllittler·orr
895 4277 1034 4348 kniipften
1055 4279 1373 4354 sicerurwickeluugeu
1387 4287 1512 4358 mannig-

210 4355 306 4410 fueher·
325 4357 384 4410 Art.
418 4356 480 4425 lr'gl.
502 4353 547 4409 Br.
566 4353 620 4407 173
643 4355 669 4411 S.
682 4354 739 4406 246
763 4357 846 4410 rium.
860 4359 884 4410 1.
1098 4365 1103 4375 ·

272 4433 287 4473 3
308 4435 370 4506 vgl.
391 4435 520 4488 Erasmus
540 4435 649 4505 Adugia
669 4453 696 4504 p.
710 4434 777 4487 486.

270 4510 285 4554 ⁴
306 4515 364 4569 Der
384 4519 493 4586 spitere
515 4514 655 4568 Kursuirst.

272 4589 368 4668 ⁶Vgl.
389 4594 434 4650 Br.
447 4593 514 4648 122.
527 4594 582 4648 123
604 4613 630 4653 u.
651 4613 675 4652 a.

771 4675 971 4688 -—-,.—
