3625 5192
310 369 364 423 228
684 363 946 440 (iesobiolrtsquellen
965 375 1014 429 dor
1032 365 1106 428 Prov.
1124 368 1247 428 Saobsen

311 525 344 583 et
360 517 582 584 Valentinnm¹
605 517 773 586 dissensio.
814 521 895 586 Sunt
915 523 1023 588 etalii
1044 523 1199 605 oapitosi‚
1221 523 1366 603 garriunt
1386 542 1443 586 suo
1466 543 1562 602 more,
1582 543 1617 588 se

311 629 422 685 amant
447 639 565 686 omnes.
606 622 688 686 Aliis
714 621 859 688 invident
882 624 998 688 omnia.
1040 624 1191 690 Scriboni
1216 625 1351 688 eonsilia
1375 631 1408 688 et
1434 625 1618 706 profitentur

312 723 457 807 exemplo
478 723 678 804 Baldorumi,
704 727 768 789 imo
788 725 969 792 Balborum.
1011 726 1199 809 Quanquam
1228 745 1302 809 spes
1322 727 1446 790 sitnon
1468 726 1566 792 dubia
1585 735 1616 792 te

311 827 377 892 lore
403 825 558 911 prelatum
586 827 807 892 eanonieornm
828 827 1182 910 Wittenbungensiuw,
1207 828 1235 893 si
1261 829 1525 912 perseveraveris.
1568 829 1616 892 ln-

310 929 419 994 stitute
444 935 517 993 sunt
540 928 624 992 enim
650 929 840 1010 multiiuget
868 931 1053 1013 preieoture.
1095 929 1145 993 Ad
1166 931 1271 994 aulam
1293 949 1368 994 vero
1395 930 1534 1013 pertinet
1553 950 1616 995 non

311 1029 439 1095 omnino
460 1029 506 1094 ito
524 1029 647 1111 vivere,
672 1037 706 1095 ut
725 1031 818 1095 vivis.
857 1031 956 1096 Totos
975 1031 1046 1097 dies
1060 1031 1177 1106 ,sedere
1198 1033 1280 1097 iuter
1303 1051 1431 1114 pueros,
1456 1050 1615 1114 nunquam

310 1133 397 1198 exire
418 1131 557 1214 dareque
578 1132 680 1197 ocium
702 1131 943 1215 reprehenditur
961 1154 982 1198 a
997 1134 1128 1199 nasutis.
1169 1133 1279 1216 Regat,
1300 1134 1440 1209 obsecro,
1459 1135 1614 1219 pappas³.

308 1235 491 1318 Priuoipum
513 1233 571 1298 tilii
592 1235 685 1316 longe
707 1235 771 1298 alia
790 1235 852 1310 via,
875 1235 969 1316 quiam
991 1244 1025 1299 tu
1047 1237 1134 1314 reris,
1155 1235 1311 1299 lbrmandi
1334 1243 1415 1300 sunt.
1457 1235 1530 1300 Non
1552 1237 1615 1301 sint

309 1337 466 1403 monaehi.
509 1336 626 1401 Vereor
645 1336 793 1416 nimium,
822 1356 860 1400 ne
885 1337 957 1420 plus
982 1337 1088 1406 orieris
1116 1357 1224 1402 sumas
1247 1356 1342 1419 quarn
1370 1338 1451 1402 l'erre
1472 1339 1613 1403 valeas&

309 1439 345 1506 Si
372 1439 490 1504 siooum
512 1445 544 1502 et
564 1437 712 1518 trigidum
735 1438 912 1516 cerebrum,
940 1458 1001 1502 non
1030 1439 1107 1504 sinit
1126 1448 1157 1503 te
1178 1439 1335 1522 ampliora
1356 1437 1494 1519 discere,
1519 1440 1551 1503 in
1576 1459 1614 1504 eo

308 1561 371 1624 quo
392 1561 436 1621 es,
458 1547 541 1605 statu
554 1558 752 1622 permaneas,
774 1539 1166 1606 neeadasinveeordiam.
1209 1540 1310 1604 Nosse
1332 1542 1491 1624 seipsum
1512 1544 1614 1626 prima

308 1643 463 1722 lausum,
488 1660 550 1706 non
571 1640 736 1724 superbire
754 1641 1002 1716 seeunda,.uou
1028 1662 1098 1708 esse
1118 1643 1375 1725 supersticionum
1401 1645 1504 1709 tertia.
1547 1643 1613 1708 ileo

309 1746 370 1810 tria
399 1745 453 1827 qui
480 1765 542 1809 non
568 1744 765 1826 expendunt,
793 1763 869 1827 sepe
898 1744 975 1807 liunt
998 1745 1119 1823 insani,
1155 1744 1371 1810 intolerabiles
1391 1753 1424 1809 et
1442 1746 1484 1812 ob
1505 1745 1613 1809 auxie-

308 1855 416 1928 tatem,
437 1865 530 1928 quum
552 1842 833 1924 uoedianrvoeant,
856 1844 993 1926 theologi
1007 1865 1133 1928 prorsus
1144 1845 1278 1910 ridiouli.
1319 1846 1368 1910 Tu
1389 1855 1500 1913 nature
1522 1847 1613 1912 bonis

309 1957 396 2014 utere
417 1955 448 2013 et
469 1945 601 2012 valebis.

379 2055 560 2186 saepsisse.
581 2069 599 2115 ι·
615 2068 647 2116 eo
666 2069 707 2115 or.
724 2067 880 2116 err-ssi.
917 2069 992 2118 osor.
1012 2071 1035 2117 ι.
1053 2069 1087 2115 ιι
1107 2072 1130 2118 s.
1146 2069 1175 2116 si
1186 2070 1257 2119 -so
1280 2087 1324 2118 m
1341 2073 1430 2119 sauss
1447 2080 1475 2118 ιι
1492 2071 1529 2118 ou
1546 2086 1613 2132 pros

308 2157 349 2190 sua
368 2141 448 2188 ridicu
459 2141 475 2188 i.

377 2241 390 2268 ⁸
409 2248 442 2293 'l'z
460 2245 725 2306 Wittenbergousium.
798 2229 810 2266 b
829 2247 861 2292 Ta
880 2247 1040 2306 multivagus.

306 2457 383 2528 lbi».
403 2453 449 2520 ll.
470 2473 517 2524 un
537 2453 671 2523 Urbani.
726 2511 728 2516 ,
918 2500 923 2508 -
1293 2496 1295 2499 -
1351 2454 1611 2544 (sorbamus).

306 2652 322 2698 fi
342 2652 357 2698 d
376 2579 490 2662 lintist
509 2580 616 2628 don-iiber·
634 2582 798 2641 unguiralten,
822 2581 878 2628 dnus
897 2581 1011 2642 spalatin
1033 2580 1087 2627 si‘ob
1108 2581 1136 2627 in
1158 2580 1226 2627 aeine
1245 2579 1471 2642 Erzioborstellung
1489 2583 1560 2629 nieht
1581 2599 1611 2629 zu

324 2669 340 2698 n
360 2665 391 2698 on
411 2665 488 2698 weiss.
774 2658 777 2665 ’

386 2749 523 2814 Henrieo
547 2749 706 2814 Urbano
728 2750 887 2814 blutianus
907 2748 1015 2814 Rullus.

386 2851 418 2917 S.
460 2851 632 2917 Carissimo
667 2853 727 2916 viri
774 2852 962 2916 Tuniculam
991 2850 1072 2914 hane
1102 2849 1231 2913 Rufinus
1259 2848 1452 2914 reddendam
1479 2851 1611 2930 curavit,

275 3025 277 3030 ,
306 2954 488 3037 priusquam
520 2962 595 3020 ante
629 2954 730 3018 luoem
762 2955 822 3020 iter
853 2955 980 3018 laceret.
1033 2952 1185 3030 Querelas
1216 2951 1349 3016 Νοιίιί5
1379 2952 1547 3036 pervideas
1580 2961 1612 3018 et

305 3057 411 3122 statim
447 3055 562 3138 perdes
590 3057 666 3139 igni.
723 3055 811 3120 Nihil
850 3055 1023 3120 luctuosius
1055 3061 1104 3118 est
1135 3054 1166 3116 iu
1208 3053 1358 3119 universa
1395 3063 1495 3135 terra,
1531 3053 1612 3118 nibil

307 3155 485 3222 infirmioris
512 3157 626 3222 aniane.
673 3157 769 3222 Euius
801 3157 911 3221 laudat
936 3175 1033 3237 equos
1061 3162 1095 3221 et
1114 3155 1274 3235 equestria
1294 3156 1407 3220 studia.
1454 3156 1538 3234 Quid
1562 3157 1640 3222 nii.

306 3257 411 3342 uques
436 3261 625 3324 veteranust
645 3259 801 3324 tironibus
822 3257 973 3342 preoipit,
993 3258 1070 3322 l'auit
1090 3257 1227 3321 oliieium
1250 3277 1349 3322 suum.
1392 3257 1487 3322 Ridet
1505 3278 1611 3322 eoram

306 3360 419 3446 pueris.
461 3365 510 3426 An
538 3361 642 3427 ridere
660 3363 855 3426 dominorum
876 3369 925 3423 est
945 3359 1090 3424 tantum?
1132 3359 1226 3424 Putat
1252 3360 1335 3423 enim
1360 3362 1455 3425 miset
1477 3360 1611 3424 Noricus

306 3469 395 3547 tttrpe
417 3463 478 3528 sibi
501 3481 580 3542 esse,
603 3464 627 3529 si
653 3463 709 3528 tali
730 3461 857 3527 domiuo
879 3462 1007 3540 serviat,
1030 3462 1080 3526 oui
1102 3461 1250 3545 disoipuli
1272 3461 1421 3526 studeant
1435 3461 1610 3544 plus-quam

304 3566 465 3646 magistro.
508 3565 607 3630 Addit
628 3584 662 3629 se
683 3584 752 3630 esse
774 3563 1027 3628 inelusissiurum.
1069 3563 1132 3628 Cur
1157 3583 1219 3628 non
1242 3564 1403 3645 spaoiutur
1430 3561 1611 3626 interdum?

303 3666 383 3745 Quis
411 3669 525 3734 retinet
551 3687 621 3734 eum
653 3666 685 3732 in
714 3666 885 3732 oenaenlo?
927 3665 1085 3743 Quantum
1116 3665 1274 3748 intelligo,
1301 3665 1452 3749 superbit,
1481 3664 1610 3729 subesse

304 3777 436 3858 reeusat,
458 3771 652 3850 imaginatur
675 3769 797 3835 lubrioa
822 3768 952 3833 vallium
981 3775 1132 3849 tanquam
1157 3767 1261 3834 seroia
1282 3768 1445 3833 lutulenta,
1496 3766 1611 3832 Valeas
1658 3851 1666 3864 ·

304 3879 335 3939 ot
355 3873 483 3939 abbatis
504 3871 733 3956 omnipotentie
755 3890 806 3936 me
828 3872 1021 3935 oommenda

338 3983 519 4031 Hsndsehriitl.
538 3983 557 4029 lt*
581 3981 628 4031 105
649 3981 691 4028 iol.
712 3979 766 4027 'lbv

367 4137 378 4179 ¹
401 4140 495 4197 Ueber
512 4139 588 4194 diese
608 4137 819 4209 Wittenberger
839 4137 1064 4192 Persb‘uliobkeit
1083 4153 1160 4209 wege
1180 4137 1225 4193 ioh
1247 4139 1329 4195 lieiue
1346 4139 1529 4211 Vermutung.

370 4213 384 4259 ²
405 4219 570 4276 Nachtreter
590 4221 638 4274 dea
658 4217 761 4272 Buldus
781 4219 817 4273 de
837 4217 961 4273 Ubnldis.
1001 4217 1066 4288 vgt.
1087 4215 1133 4271 Br.
1149 4217 1186 4270 86
1208 4217 1233 4274 S.
1247 4220 1303 4273 126
1324 4221 1407 4276 Anni.
1419 4221 1444 4275 l.

364 4293 378 4338 ³
399 4298 464 4370 vgl.
485 4299 531 4354 Br.
545 4297 609 4353 122.
716 4293 730 4335 ⁴
752 4297 815 4368 vgt.
839 4297 1052 4368 hauptsliohlioh
1074 4295 1204 4355 Βι.122.

268 4431 274 4446 ,
369 4373 557 4450 '’Spalatins,
593 4379 690 4431 dossen
719 4375 888 4432 Geburtsort
915 4376 995 4448 b'palt
1029 4378 1058 4432 in
1090 4379 1139 4432 der
1165 4377 1247 4434 Niihe
1269 4399 1322 4435 von
1350 4379 1609 4451 Niirnbergliogt.

305 4459 368 4528 vgt.
392 4459 462 4512 iiber
482 4457 688 4528 seine'Klagen
710 4457 923 4526 hauptsilehlioh
945 4457 990 4513 Br.
1015 4459 1078 4512 122.

366 4533 380 4574 ὓ
402 4537 465 4608 vgt.
487 4536 556 4591 iiber
575 4537 628 4590 den
649 4537 734 4591 Alten
756 4535 800 4590 Br.
823 4535 890 4590 122.

853 4659 1054 4672 --.-..-,-.,
