3625 5192
613 352 703 408 Briele
720 352 841 408 Motibus
859 351 919 409 208.
938 351 999 410 209.
1017 351 1078 408 210.
1450 352 1503 408 285

193 501 290 566 simili
315 501 433 585 pietate
456 501 555 568 beues
578 512 830 586 prosequemur⁸.
872 500 1031 578 Quantum
1059 520 1133 565 vere
1154 501 1308 585 profuerit
1327 501 1502 586 scripsisse,

193 605 300 670 moltis
319 605 378 670 tibi
401 604 506 669 verbis
527 623 732 687 exponerem,
754 602 780 668 sl
802 603 904 668 eoium
926 611 1019 668 esset.
1060 603 1191 682 Peneis,
1212 603 1288 685 quid
1310 604 1428 670 dietum
1450 608 1503 687 sit,

193 707 366 772 estendam.
407 699 671 771 Perrlrnoldum¹
695 713 833 770 nestrum
853 703 977 770 reddite
999 706 1059 770 fuit
1080 705 1216 788 epistola
1231 707 1332 787 Lotio,
1351 713 1502 790 uuquam

194 810 236 874 dd
257 829 292 873 se
314 811 410 872 missa
432 809 550 874 ferisset.
593 807 690 873 beera
711 816 759 873 est
776 799 872 874 More.
914 808 1027 872 Glosse
1051 806 1210 872 diabolice
1228 809 1335 874 stetim
1357 821 1430 874 sunt
1449 831 1501 876 ex-

193 912 340 994 eogitate.
382 909 463 990 Ohe,
486 917 606 993 quanta
623 909 771 986 ludibria,
794 918 912 992 quante
936 909 1078 974 lisedesl
1119 909 1255 975 Omnino
1276 910 1373 975 derisi
1394 931 1501 980 sumus

194 1015 239 1079 uti
266 1021 368 1099 poete.
417 1013 499 1076 Nam
518 1033 587 1096 per
616 1011 905 1096 ὃιιιίιιιιιιοορίιιιιι2
936 1014 1039 1076 laetus
1067 1031 1135 1076 sum
1162 1013 1277 1078 eertior
1307 1013 1354 1077 ite
1379 1014 1501 1081 dixisse

192 1116 332 1202 Letium:
355 1115 452 1195 „Wes
467 1113 640 1179 Fruunde“
662 1114 716 1178 rel.
759 1111 825 1178 Hee
846 1119 877 1178 et
898 1113 978 1178 tolie
998 1119 1031 1176 et
1050 1114 1325 1179 contumeliosiora
1342 1117 1392 1180 vir
1403 1118 1500 1184 seele-

192 1227 280 1283 ratus
307 1237 408 1301 neque
437 1224 522 1281 tuum
544 1235 646 1300 neque
668 1235 771 1281 meum
799 1235 915 1280 errans
939 1214 1186 1280 admonitionem
1209 1217 1408 1298 impudenter
1428 1239 1499 1286 ere

191 1323 308 1386 muisse
334 1320 457 1386 dieitur.
507 1319 598 1396 Quod
629 1327 734 1383 sutem
765 1338 814 1383 me
845 1317 960 1382 erutiut
992 1324 1067 1384 ente
1097 1319 1216 1382 omniu:
1249 1321 1410 1404 pepuleris
1442 1329 1499 1387 est.

192 1423 340 1488 Promisit
360 1422 481 1486 viearie
502 1421 633 1503 librum,
654 1421 801 1500 calicem,
828 1429 933 1484 restes
953 1418 1145 1484 sseriliesles
1166 1427 1198 1484 et
1217 1421 1339 1502 grande
1360 1423 1499 1506 legatum

192 1544 232 1590 ex
251 1531 446 1588 testamento.
487 1523 636 1588 Pretereu
655 1522 753 1587 hebet
775 1521 977 1604 Heuningum
1002 1529 1036 1585 et
1058 1523 1155 1586 vertit
1179 1522 1212 1586 iu
1236 1542 1287 1586 me
1314 1524 1431 1607 seriptu
1457 1525 1500 1590 ed

193 1625 387 1692 (lotionem3⁸
430 1625 498 1703 Que
520 1623 600 1689 bene
621 1623 823 1690 eonsiderete
851 1623 1041 1688 timidiorem
1070 1643 1121 1688 me
1141 1624 1271 1689 sueiunt.
1313 1625 1501 1709 Ostultomg

193 1749 212 1792 e
232 1727 390 1811 perditum
404 1733 569 1810 patronum
581 1725 759 1791 Cetionem!
800 1727 850 1790 lta
869 1745 920 1790 me
936 1733 1033 1805 emat,
1053 1716 1169 1790 its'me
1183 1725 1300 1807 diligit,
1321 1735 1355 1792 ot
1376 1730 1499 1812 produt,

192 1836 226 1893 ut
242 1829 426 1894 edversario
446 1827 529 1893 leret
548 1848 649 1911 opem.
692 1827 745 1891 Sie
767 1827 861 1893 dieit:
884 1827 1015 1908 ,‚Dem“
1037 1827 1116 1892 rel‘.
1158 1826 1228 1909 Ege
1247 1850 1309 1894 nen
1329 1830 1375 1894 ito
1390 1830 1499 1913 detuli,

194 1937 315 1997 tantum
343 1931 504 1996 nominavi
526 1929 706 1997 (indiarum
736 1925 902 2012 hospitem.
944 1928 1030 2007 Quid
1057 1930 1154 2010 igitur
1180 1929 1255 1994 liet?
1294 1930 1334 1997 ln
1360 1934 1499 2016 per-leole

138 2041 141 2046 “
194 2053 261 2098 sum
282 2039 313 2099 et
334 2034 452 2098 meiere
481 2027 575 2115 quem
604 2051 741 2114 unquam
771 2031 852 2096 mole
881 2049 1014 2114 premor.
1062 2032 1114 2095 lte
1140 2030 1188 2111 lit,
1221 2039 1256 2096 ut
1276 2033 1521 2116 preeludsturl'

191 2135 266 2200 aule
287 2141 318 2200 et
339 2135 436 2200 euris.
477 2134 515 2200 ln
537 2135 595 2200 illa
615 2133 755 2215 (ledum,
782 2135 814 2197 in
838 2132 1083 2209 baessotienem
1105 2134 1241 2198 timebo
1273 2134 1341 2212 Quo
1362 2155 1432 2201 eom
1454 2138 1500 2202 its

96 2299 99 2306 ,
192 2239 264 2320 sint,
284 2236 347 2302 due
365 2239 517 2322 petimus:
540 2235 1022 2318 utsllequarisSommeringum
1034 2254 1176 2317 onusque,
1197 2242 1231 2299 ut
1245 2235 1326 2302 eelet
1346 2239 1499 2323 epistolas

193 2357 304 2420 meque
325 2339 605 2419 tundemexeuset,
626 2336 751 2420 deinde,
772 2338 1072 2416 utseribasiterom‚
1090 2338 1147 2402 sed
1165 2338 1371 2404 breviterlree
1389 2342 1498 2420 medo:

193 2439 229 2505 Si
249 2439 374 2505 reddita
396 2448 444 2506 est
459 2441 610 2525 epistole,
632 2439 712 2506 bene
734 2446 790 2505 est.
833 2439 902 2522 Ege
926 2440 1001 2521 quie
1023 2439 1115 2504 vobis
1135 2440 1238 2520 faveo,
1258 2461 1319 2506 nen
1343 2443 1431 2526 potui
1454 2444 1497 2524 id,

191 2541 274 2623 qued
296 2541 466 2623 admonui,
495 2562 557 2608 nen
586 2541 764 2608 admonere.
814 2541 887 2607 Seio
916 2543 1001 2607 enim
1020 2541 1195 2606 Matianum
1224 2562 1286 2606 non
1316 2564 1424 2610 eerere
1449 2554 1498 2610 etr

192 2644 297 2708 multis
317 2651 349 2709 et
370 2645 495 2726 magnis
517 2644 629 2708 amieis
654 2644 793 2709 suo-sibi
816 2643 921 2709 studio
945 2646 1054 2727 partis.
1096 2643 1262 2726 Reliquum
1283 2652 1347 2723 est,
1375 2647 1417 2710 mi
1440 2647 1498 2712 Ur-

192 2745 283 2820 bane,
304 2759 338 2811 ut
355 2745 496 2810 eoulidss
517 2766 567 2811 me
589 2745 668 2810 nihil
689 2755 805 2810 temere
826 2749 1102 2830 presumptoromf.
1142 2745 1249 2811 Valet.

262 2891 440 2940 Hsndselrriltl.
460 2889 545 2937 rere
565 2892 606 2938 101.
625 2887 817 2938 trev-retr.
867 2891 943 2938 Gedr.
962 2890 986 2939 b.
1004 2891 1038 2936 'l'n
1056 2892 1079 2939 S.
1098 2890 1249 2940 126-121.
1295 2885 1441 2954 Vollrtdruldp
1461 2895 1498 2942 eis

190 2961 240 3020 eus
253 2962 293 3008 die
310 2962 422 3010 Adresse.

260 3079 326 3131 'Te
345 3085 522 3144 prosequimur.
579 3068 644 3131 bl'e
662 3090 708 3131 ste.
762 3079 929 3132 eDiell'erte
949 3101 995 3131 eon
1011 3085 1051 3132 Sie
1068 3086 1106 3132 ln's
1122 3087 1167 3134 rel.
1178 3085 1264 3145 selden
1281 3088 1320 3134 lm'
1338 3090 1377 3137 Tz.
1431 3071 1497 3136 ‘¹5¹2

191 3155 358 3215 precludatur.
414 3154 511 3200 ‘reule
529 3155 566 3200 lei
584 3155 625 3203 l'z.
679 3143 739 3202 ¹l'2
757 3165 931 3202 rerumrerum.
984 3148 1087 3202 ‘kelle
1104 3156 1142 3202 dei
1158 3157 1197 3205 r’e.

192 3429 272 3503 210.
295 3431 339 3498 ll.
359 3450 403 3498 uu
426 3375 561 3533 Urbnn.
825 3431 958 3516 (lletlre
975 3433 1069 3505 1512.
1101 3432 1240 3514 dnlung
1259 3431 1495 3520 September.)

261 3557 323 3604 Mne.
342 3557 392 3603 will
412 3553 573 3605 den'einmsl
592 3559 816 3618 sulgeneruruenon
836 3559 932 3619 Kumpl
950 3574 1031 3618 gegeu
1049 3560 1169 3619 Kdtoling
1192 3560 1263 3606 nieht
1281 3561 1425 3622 einstollon,
1448 3577 1495 3609 vor

190 3628 258 3674 sllen
276 3627 376 3687 Diogen
398 3628 458 3674 uber
476 3628 538 3675 Gett
557 3645 598 3675 urn
617 3629 737 3675 Beislend
759 3643 839 3689 gegen
857 3630 945 3676 seinen
962 3630 1043 3676 Feiud
1060 3630 1185 3676 andeben.
1523 3639 1526 3642 ’

270 3724 371 3789 Deete
393 3731 424 3787 et
444 3724 591 3808 prudenti
611 3725 763 3808 magistre
784 3723 920 3791 Henriee
946 3726 1119 3807 Urbane,
1139 3745 1306 3808 eoenemo,
1328 3726 1397 3793 fleri
1418 3732 1495 3794 smi-

189 3846 304 3908 eerum,
325 3826 484 3890 Matienus
504 3825 610 3892 Rul'ns.
786 3831 793 3839 “

211 4055 748 4153 ὟΜΜΜΜΜΜ.

251 4176 265 4218 2
287 4179 452 4235 Kenenikus
470 4199 516 4242 ,sm
539 4181 663 4237 Gellrser
683 4182 859 4238 Mer-lenstilt.
898 4183 961 4254 Vgl.
980 4182 1092 4248 Tenzel,
1111 4183 1184 4240 Hist.
1200 4183 1286 4242 Geth.
1307 4203 1334 4255 p.
1350 4183 1396 4241 48.
1438 4185 1493 4242 Die

189 4260 315 4316 Erfurter
335 4259 619 4317 Studentenmstrilrel
641 4263 744 4317 meldot
765 4280 817 4317 ven
836 4263 907 4332 ihm,
930 4265 993 4317 dese
1013 4281 1043 4318 er
1063 4264 1148 4320 Mieh.
1172 4263 1247 4317 1472
1269 4265 1494 4323 irnrnstrikuliert

189 4341 243 4410 (uls
269 4341 333 4396 Joh.
359 4340 552 4412 Schindrkepi
574 4341 846 4412 de·Wsltershusen)
875 4344 933 4397 und
954 4343 993 4397 im
1018 4343 1145 4398 Sommer
1167 4343 1243 4397 1474
1273 4346 1326 4400 den
1351 4346 1420 4403 Rest
1444 4349 1494 4403 der

189 4420 342 4477 Gobiihren
363 4421 451 4493 erlegt
474 4422 556 4477 loebe.
598 4422 640 4476 lrn
665 4423 823 4493 liegistrum
845 4423 961 4478 subsidii
982 4424 1020 4495 (p.
1033 4423 1083 4493 96)
1104 4424 1172 4478 wird
1192 4443 1223 4480 er
1242 4426 1284 4479 uls
1303 4425 1425 4483 Inhaber
1444 4429 1493 4483 der
1527 4457 1531 4464 ·

191 4501 320 4572 „Vieuriu
340 4501 369 4554 in
389 4502 497 4572 eupells
516 4501 611 4557 Sancti
627 4501 758 4574 Gangelli
780 4509 855 4558 extra
876 4522 968 4558 mures
988 4498 1084 4576 oppidi
1104 4503 1278 4559 Getheneis“
1299 4506 1470 4579 uufgeliihrt.

70 4585 74 4592 '
249 4593 752 4673 rmmmsmmm.
