3625 5192
205 364 208 367 -
312 334 365 388 416
683 337 945 418 Gcschichtsqucllen
965 338 1014 393 der
1033 338 1107 394 Prov.
1126 341 1249 396 Sechson.

296 483 465 564 ‚Reuchliu
486 485 591 561 adhuc
611 487 716 567 nragis
736 486 888 552 audacter
915 488 1027 553 scribit
1048 487 1088 553 de
1109 490 1248 555 Axeuis¹
1271 492 1371 556 tactos
1393 493 1552 574 Saxones,
1578 493 1617 558 de

311 586 412 671 Mysis
442 587 638 672 Hysneuses.
691 589 728 652 Si
759 609 852 654 verus
882 598 931 655 est
961 567 1101 672 authen,
1141 592 1290 658 mentitur
1326 593 1422 676 plane
1453 594 1618 660 Cornelius

309 690 455 770 Tacitus,
483 691 537 772 qui
565 689 663 756 tradit
683 692 859 758 Germanos
886 711 957 758 esse
987 692 1185 775 indigenas2,
1208 693 1267 758 hoe
1290 702 1365 775 est,
1384 701 1419 760 ut
1439 696 1479 761 de
1500 697 1617 762 Atticis

308 793 465 871 scribitur,
487 793 767 865 autmlthonasrt
809 794 892 858 Nam
915 795 999 876 Mysi
1020 803 1052 860 et
1071 795 1177 860 Aseni
1196 796 1239 860 ad
1262 796 1407 863 Cimbros
1426 799 1498 863 illos
1520 800 1615 883 perti-

308 903 398 970 nent,
427 915 506 976 quos
528 895 714 960 Cimmerios
736 895 889 961 Homerus
916 905 1095 980 nuncupat,
1120 917 1199 980 quos
1225 899 1259 964 iu
1279 899 1449 966 Thraciam
1480 902 1618 967 referunt
1708 979 1710 984 Ι

308 998 466 1080 historici,
487 998 544 1063 alii
567 998 609 1063 ad
631 986 777 1080 Schytas.
817 1000 920 1081 Audi,
943 1019 1053 1081 queso:
1083 1001 1186 1084 Fuere
1207 1002 1331 1085 populi,
1354 1003 1405 1084 qni
1428 1003 1617 1068 dicebantur

308 1101 494 1185 Capnobate
519 1120 540 1165 a
564 1101 658 1164 l'umc.
699 1103 804 1165 Aseni
831 1112 938 1167 autem
968 1111 1000 1168 et
1023 1103 1116 1168 Abiie
1147 1104 1228 1168 tales
1256 1107 1343 1171 tuere
1369 1114 1400 1171 et
1428 1107 1511 1194 sicut
1540 1108 1615 1172 olim

307 1205 448 1269 fumosas
477 1203 635 1290 imagines
666 1203 828 1285 colebant,
862 1205 910 1269 ita
935 1226 1018 1270 nuuc
1045 1224 1168 1288 quoque
1197 1204 1307 1272 tarent
1338 1208 1423 1274 fumo
1451 1216 1483 1273 et
1510 1211 1616 1274 colunt
1668 1193 1675 1204 ⁹

308 1305 420 1370 lanum
430 1305 595 1379 Reucblin
617 1306 672 1387 qui
692 1309 873 1381 Axeuornur
894 1308 969 1372 duci
988 1307 1152 1373 Friderico
1171 1309 1413 1376 Constantinum
1434 1311 1615 1394 magnum,
1636 1349 1637 1352 =

307 1427 388 1492 opus
411 1428 524 1483 rarum,
546 1406 717 1473 dedicavit
1252 1397 1254 1402 ¹

386 1509 453 1574 Hec
475 1531 535 1592 ego
555 1511 671 1575 cursim
691 1518 766 1576 ante
788 1510 955 1594 prandium
977 1513 1118 1578 exaravi.
1160 1513 1248 1578 Vale.

309 1635 522 1751 ddllandschriftl.
547 1636 568 1681 F
594 1635 641 1682 1⁶21
669 1636 710 1682 sol.
734 1635 792 1682 arr.
850 1637 927 1684 Gedr.
954 1637 979 1684 b.
1006 1637 1040 1684 Ta
1063 1638 1088 1684 S.
1113 1637 1225 1684 95--96
1255 1651 1302 1683 uon
1326 1638 1421 1698 Hebes,
1450 1639 1551 1684 Urbnne
1579 1637 1615 1684 bis

327 1706 443 1758 uicerit.
983 1747 985 1752 .
1196 1727 1202 1737 ·

377 1806 389 1833 ²
407 1812 441 1858 ra
459 1818 538 1859 auur.
593 1796 648 1857 bs
663 1813 852 1859 successeras.
888 1807 899 1833 ⁰
919 1813 953 1859 ra
971 1813 1023 1859 aus

306 2019 385 2086 322.
405 2017 450 2084 ll.
471 2036 518 2084 an
539 2017 674 2091 Urbau.
1004 2017 1139 2101 (Gotho
1149 2017 1245 2090 1513.
1274 2017 1413 2102 rnrang
1429 2019 1613 2103 tlktolrer.)

375 2145 436 2191 Mun
460 2144 493 2190 ist
513 2145 578 2190 noch
595 2144 667 2190 nicht
685 2145 760 2204 sortig
778 2145 825 2190 mit
843 2145 911 2205 dem,
930 2159 981 2191 wne
1001 2160 1028 2190 er
1046 2147 1085 2190 liir
1104 2145 1225 2190 llouelrlin
1245 2144 1373 2191 bostimmt
1391 2146 1442 2190 lrnt.
1480 2145 1513 2190 Er
1536 2144 1614 2191 hittot

304 2215 549 2332 gegrtulslrhlalnnstatt
571 2215 654 2262 seinor
674 2230 704 2260 zu
729 2215 870 2262 schreiben.
917 2215 1037 2262 Dasselbo
1063 2217 1142 2262 sollcn
1169 2214 1298 2261 Hcrcbord
1322 2231 1346 2266 v.
1369 2215 1392 2262 d.
1417 2215 1533 2262 Mortlren
1562 2215 1612 2261 und

384 2384 522 2450 Henn'co
544 2371 701 2450 Urbano
720 2403 788 2449 suo.

384 2487 416 2552 S.
457 2486 579 2553 Hilaris
598 2485 775 2550 Hilarinm⁵
796 2486 922 2570 accepi,
946 2492 1065 2565 cetera,
1092 2507 1161 2552 cum
1183 2486 1312 2554 redierit
1331 2486 1520 2569 Campcgus.
1561 2485 1612 2548 Ad

304 2589 499 2672 Oapnionem
527 2589 599 2654 ideo
627 2588 708 2652 nihil
733 2589 929 2673 inpresentia
961 2589 1114 2668 scribam,
1149 2588 1231 2672 quod
1261 2587 1399 2652 nondum
1428 2587 1611 2671 expeditum

303 2692 354 2770 sit,
376 2690 461 2773 quod
482 2709 578 2755 conor
595 2696 626 2753 et
647 2690 701 2755 ille
722 2675 891 2756 desiderat
936 2690 1072 2775 impedit
1097 2690 1198 2755 eciam
1213 2689 1384 2755 vindemia.
1427 2690 1476 2753 Tu
1490 2681 1612 2755 scribas

302 2775 356 2857 tuo
378 2813 478 2874 more,
503 2812 565 2874 quo
588 2791 667 2856 nihil
688 2792 864 2857 absolutius
885 2791 1124 2875 perfectiusque.
1167 2791 1247 2856 Vale
1266 2798 1297 2856 et
1317 2790 1361 2856 da
1383 2791 1509 2856 reniam
1532 2791 1611 2855 nihil

302 2895 464 2976 scribenti.
515 2894 642 2959 Scribat
668 2894 781 2959 Crotus
807 2901 838 2959 et
866 2894 1075 2969 Herebordus.
1126 2893 1186 2958 Hic
1212 2893 1260 2957 sui
1292 2893 1414 2958 ordinis
1446 2913 1609 2958 assensum
1649 2944 1661 2962 .

303 3004 335 3061 et
355 2996 492 3062 olficium
514 2997 721 3081 repromittat,
747 2997 807 3060 iste
828 3016 902 3061 vero
924 2995 1111 3088 Hartmanni
1133 2995 1263 3060 domini.
1307 2995 1394 3061 Vale.

276 3174 278 3177 v
373 3120 553 3167 Handsehrittl.
573 3119 658 3167 Fl26
679 3120 720 3168 sol.
735 3119 794 3171 991,

257 3316 262 3324 ⁸
300 3336 382 3404 323.
407 3335 451 3403 ll.
474 3355 521 3403 an
543 3335 679 3402 Urbau.
994 3331 1127 3418 (Gotho
1137 3332 1235 3400 1513.
1268 3331 1406 3416 drrfang
1423 3332 1607 3420 Oktober.)

270 3473 276 3482 ·
370 3463 433 3510 Mat
451 3463 589 3510 verbreitet
606 3462 661 3508 sicli
680 3455 742 3507 iiber
760 3460 835 3506 einen
853 3459 1075 3507 Schrrrkeustrciclr
1100 3459 1144 3504 des
1164 3459 1294 3517 Megisters
1313 3457 1399 3504 Rhodo
1421 3458 1471 3504 uud
1495 3457 1608 3504 wlinsclrt

196 3535 200 3540 ’
300 3534 353 3581 sich
373 3531 428 3580 clue
445 3534 525 3580 Heihc
543 3548 592 3579 nou
611 3532 788 3587 crsrhicnener
807 3531 912 3576 Btielror.
951 3530 984 3575 Er
1003 3529 1108 3587 erledigt
1130 3527 1420 3588 einigesGcsclriiltlielre
1438 3528 1587 3574 mitllrban.

380 3632 517 3696 Domino
545 3630 680 3695 chrico
707 3628 870 3693 Urbano
898 3635 962 3691 tarn
989 3626 1162 3692 domestice
1187 3645 1281 3708 quam
1303 3625 1408 3690 civilis
1435 3625 1606 3710 prudencie

187 3806 191 3814 ,
299 3734 542 3815 consultissimo,
562 3734 632 3796 viro
654 3729 842 3815 philosopho
863 3736 895 3794 et
917 3729 1009 3810 quasi
1030 3729 1200 3810 insigniter
1220 3726 1368 3792 amando.

363 3945 374 3987 ¹
396 3948 460 4019 Vgl.
480 3946 530 4001 t'ol.
552 3944 739 4000 aar-adv
760 3945 789 3998 in
810 3945 872 3999 dem
893 3941 1091 3998 Constantinus
1112 3941 1238 4012 Magnus.

358 4024 545 4084 tdermania
565 4044 588 4080 e
605 4025 637 4082 2:
659 4025 739 4094 Ipsos
760 4024 915 4094 Germanos
932 4023 1078 4094 indigenas
1099 4022 1271 4102 crediderim.
1617 4082 1620 4089 ¹

359 4105 450 4163 ³Die
477 4107 614 4161 attischen
635 4105 745 4159 Redncr
770 4107 827 4159 und
849 4104 967 4158 Dichter
995 4103 1095 4157 weieen
1115 4101 1236 4157 riclfech
1256 4101 1308 4155 mit
1330 4101 1405 4156 Stolz
1424 4103 1525 4156 darauf
1545 4103 1604 4159 bin.

297 4192 361 4262 Vgl.
391 4190 435 4244 die
460 4187 659 4259 gessmmclten
684 4185 790 4240 Stellen
813 4185 853 4238 irn
874 4185 1033 4238 Thesaurus
1058 4199 1173 4252 graecam
1201 4184 1321 4253 linguae.
1362 4183 1540 4253 Thucydides
1558 4199 1605 4254 ge-

296 4271 416 4327 braucht
445 4269 499 4323 den
520 4265 669 4322 Ausdruck
695 4266 774 4320 nicht
798 4263 834 4339 (Ι,
854 4264 901 4334 2),
930 4263 1040 4318 obwohl
1061 4261 1160 4318 Strabo
1173 4262 1279 4333 v111,1
1306 4262 1365 4316 ihm
1387 4263 1538 4318 denselben
1558 4281 1605 4317 zu-

295 4351 426 4407 schreibt.

356 4427 371 4469 4
389 4431 453 4502 Vgl.
464 4429 508 4484 Br.
520 4428 577 4482 303
601 4426 628 4482 S.
644 4426 700 4479 391
723 4424 806 4481 Anm.
818 4425 844 4479 3.
1660 4491 1666 4502 ¹

358 4507 372 4550 5
394 4511 459 4583 Vgl.
480 4509 551 4564 iiber
568 4508 613 4562 die
635 4507 754 4561 iiltestcu
774 4505 925 4576 Ausgaben
952 4523 1006 4560 ron
1027 4502 1167 4559 Schriften
1192 4505 1241 4559 des
1262 4503 1386 4558 Hilarius
1411 4523 1464 4559 rou
1485 4505 1604 4560 Poitiers

300 4592 385 4662 uun,
407 4591 518 4661 crepere
538 4589 591 4648 uo.
613 4585 829 4642 sees-ecee.
