3625 5192
334 341 385 398 180
705 343 965 416 Gcschielrtsquellen
985 345 1034 400 der
1053 341 1128 400 Pron.
1146 341 1270 402 Saebsen.

333 491 416 557 Nam
438 492 467 558 si
487 493 636 558 Urbanus
665 515 726 560 non
749 503 848 577 esset,
879 495 1039 560 Duronius
1065 515 1127 560 non
1147 493 1297 559 erederet.
1340 492 1377 558 Si
1397 492 1558 558 Matienus
1578 513 1640 558 non

329 605 504 674 amaretur,
531 594 673 662 Petreius
703 597 886 664 retinuisset
906 584 1064 681 L'ngaros.
1111 598 1311 681 Quapropter
1337 594 1555 662 admonendus
1581 596 1642 659 erit

331 699 452 764 amieos
474 698 635 783 prodigus,
657 705 691 764 ut
711 707 774 765 stet
795 701 960 785 promissis
981 720 1037 766 ceu
1060 701 1308 765 bonnmnomen.
1350 697 1392 762 Et
1412 697 1518 779 faciet,
1536 696 1640 776 credo,
1717 739 1720 744 -

331 800 488 884 fidemque
515 802 625 868 solvet.
667 802 782 868 Rarum
810 810 859 870 est
888 804 934 869 ita
962 803 1089 869 credere
1114 803 1174 868 snb
1202 804 1349 868 cautione
1379 800 1642 884 ehirograpbaria

331 923 395 968 nou
415 903 563 970 adhibita
585 904 634 969 rel
655 905 888 988 pignoraticia¹⁸
915 907 966 971 vel
992 906 1192 970 lideinssoria
1211 906 1262 970 vel
1284 903 1450 986 iuratoria,
1475 903 1639 988 presertim

331 1006 414 1089 quod
430 1007 607 1088 'oenomaus
628 1008 669 1072 sit
687 1014 809 1074 tautum
831 1009 976 1074 usuarius
1000 1027 1063 1073 noo
1092 1007 1206 1073 similis
1231 1007 1409 1072 laudatoria
1434 1013 1489 1070 ant
1508 1003 1639 1088 emphy-

330 1109 416 1189 tiote‚
437 1108 491 1190 qui
514 1107 632 1175 babent
653 1109 730 1174 utile
741 1109 924 1176 dominium.
951 1111 1065 1194 Spero
1076 1110 1282 1176 nihilominus
1293 1117 1418 1174 auctum
1430 1108 1468 1172 iri
1481 1108 1638 1191 peculium

330 1211 480 1291 hominis,
501 1211 570 1280 ,uisi
596 1210 800 1276 fraterculus¹
831 1218 863 1276 et
890 1213 1041 1278 uxorcula
1062 1219 1095 1276 et
1122 1211 1219 1276 liliola
1248 1210 1421 1276 beneficum
1448 1210 1576 1275 fratrem
1605 1211 1637 1274 in

330 1311 491 1396 dispendii
513 1311 677 1395 scopulum
699 1313 833 1393 irrident,
854 1314 939 1399 qrrod
960 1334 1024 1379 non
1044 1315 1115 1378 sine
1136 1333 1234 1379 causa
1253 1314 1376 1378 metuis.
1421 1311 1508 1378 Vale.

401 1444 582 1491 Handscbrll'tl.
603 1445 667 1494 uae
687 1446 727 1492 l'ol.
739 1447 824 1492 ilr-
835 1447 864 1492 71
874 1462 896 1492 v.
934 1447 1010 1493 (iodr.
1030 1446 1053 1493 b.
1064 1446 1097 1492 Tz
1111 1447 1135 1494 b
1145 1445 1179 1492 84
1199 1462 1244 1492 roo
1262 1445 1317 1512 Nori
1337 1451 1388 1491 tam
1407 1443 1508 1491 crebras
1525 1443 1563 1490 bie
1579 1457 1638 1490 snae

331 1525 451 1575 debiturn.

400 1623 412 1654 ⁸
433 1632 458 1678 F
471 1631 639 1692 pignoriticis.

294 1721 295 1726 Ἰ
330 1779 410 1848 lao.
432 1779 477 1852 u.
498 1799 545 1848 arr
566 1779 701 1853 Urbun.
1263 1778 1507 1864 (uotualooa.
1539 1777 1636 1866 ilai.)

374 1964 378 1976 .
399 1927 461 1974 Mur.
476 1927 532 1976 teilt
550 1929 606 1974 dem
627 1927 951 1988 inLeipaig-balindlielren
960 1929 1045 1976 Urban
1060 1924 1367 1987 allerlrandNeuigkeitcn
1383 1926 1428 1972 mit
1446 1926 1497 1972 und
1517 1927 1637 1985 wilnaeht,

229 2023 233 2030 ·
330 1999 386 2046 dass
406 2014 432 2044 er
450 1999 597 2046 demnitchst
615 1999 664 2046 den
684 1999 864 2060 Magistergrud
885 2001 994 2060 arbalte,
1018 2001 1081 2046 auch
1104 1999 1158 2045 sich
1176 1997 1306 2058 energiceb
1330 1997 1374 2043 dea
1392 1996 1570 2043 Grieebiselren
1594 1995 1636 2042 be·

330 2067 442 2129 fleisaige.

410 2187 591 2254 Venerabili
620 2189 757 2254 Henrieo
781 2189 935 2254 Urbano
963 2188 1108 2254 doctrina
1134 2198 1165 2253 et
1193 2188 1346 2270 reiigione
1372 2187 1508 2269 insigni,
1534 2188 1637 2251 amico

214 2303 217 2310 ’
330 2311 429 2376 prope
450 2291 616 2372 singulari,
638 2290 799 2357 Mutianus
820 2291 928 2357 Rullus.

409 2407 442 2470 S.
484 2405 621 2472 Libitum
644 2413 691 2471 est
711 2406 906 2473 excolentem
928 2414 959 2472 te
979 2407 1094 2472 studiis
1109 2416 1141 2473 et
1152 2408 1185 2472 in
1196 2407 1313 2472 exedra
1328 2406 1469 2490 quietum
1489 2406 1637 2486 excitare,

329 2514 363 2572 ut
384 2507 508 2572 eliciam
530 2506 607 2571 mibi
629 2506 738 2574 literas
761 2518 846 2590 tuas,
875 2529 955 2591 quas
976 2510 1121 2592 equidem
1148 2509 1202 2574 diu
1225 2508 1408 2574 desideravi
1431 2516 1538 2592 utpote
1560 2509 1636 2572 arni-

328 2609 447 2674 cissimi
470 2615 502 2674 et
523 2610 688 2675 tersissimi
711 2609 855 2677 hominis.
898 2612 1081 2697 Propositus
1100 2612 1273 2678 Vestalium
1282 2613 1306 2689 ²,
1327 2611 1376 2675 vir
1396 2612 1564 2676 sanctitate
1585 2611 1635 2676 vei

329 2712 434 2794 potius
455 2711 661 2796 simplicitate
684 2713 816 2794 nobilis,
837 2715 873 2788 ,in
896 2713 1039 2779 ordinem
1060 2733 1080 2778 a
1101 2722 1192 2799 patre
1213 2721 1340 2778 coactus
1361 2721 1424 2793 est3
1446 2733 1509 2779 non
1530 2721 1635 2779 tanuen

328 2813 469 2896 gregalis
490 2814 605 2897 sactus,
636 2813 693 2882 sed
716 2815 899 2881 honestatos
921 2816 1009 2880 clrori
1030 2814 1169 2898 quadam
1191 2816 1377 2900 proiectura.
1418 2815 1494 2898 Agri
1516 2815 1637 2898 aliquot

327 2915 482 2998 grandine
502 2919 627 2984 excussi
649 2925 722 2983 sunt
743 2921 774 3006 in
794 2916 855 2983 bac
873 2919 1013 3002 regione.
1054 2918 1243 2984 Audivimus
1262 2918 1370 3001 frigidi
1393 2919 1495 2982 ruinas
1507 2917 1634 2983 Saturni

327 3025 496 3086 errectos
523 3019 583 3084 diri
617 3021 792 3084 murmuris.
842 3020 904 3085 Tui
930 3040 992 3084 non
1023 3028 1119 3104 egent
1149 3021 1377 3086 consolacione.
1428 3019 1559 3084 Plenum
1587 3027 1637 3085 est

327 3121 473 3186 immenti
495 3122 694 3204 granarium,
721 3122 818 3206 plena
839 3129 912 3186 sunt
933 3122 1059 3200 horrea,
1090 3122 1208 3188 habent
1229 3141 1304 3187 suas
1329 3121 1474 3204 delitias,
1501 3141 1581 3204 quas
1602 3124 1634 3186 in

328 3221 387 3286 hac
408 3223 590 3288 calamitate
611 3233 706 3308 poeta
727 3224 1112 3308 Tibullusietllagitaret.
1154 3225 1222 3290 Hoc
1243 3224 1344 3310 ipsius
1364 3245 1491 3290 carmen
1512 3235 1574 3290 est:

567 3383 668 3448 Glans
691 3383 771 3448 aluit
791 3391 915 3448 veteres
934 3391 966 3449 et
988 3385 1109 3468 passim
1130 3405 1255 3470 semper
1273 3392 1433 3450 amarunt:

528 3481 620 3562 Quid
634 3486 740 3550 nocuit
761 3485 865 3551 sulcos
885 3505 948 3551 non
973 3487 1252 3576 habuisseosatos‘l

526 3585 618 3666 Tum,
639 3586 752 3668 quibus
773 3587 938 3670 aspirabat
956 3590 1062 3668 Amor,
1084 3588 1239 3672 prebebat
1259 3597 1369 3672 aperte

527 3688 614 3753 Mitis
636 3690 668 3752 in
690 3688 838 3754 umbrosa
858 3689 979 3773 gandia
1000 3691 1083 3755 r'alle
1101 3691 1214 3756 Venus.

527 3790 641 3856 Nullus
661 3798 729 3855 erat
750 3797 865 3873 custos,
885 3793 973 3857 nulla
994 3792 1162 3858 exclusura
1181 3792 1326 3859 dolentes

486 3955 488 3960 ,
527 3892 634 3957 lanua
677 3893 712 3958 Si
732 3893 781 3957 lae
796 3891 859 3972 est,
881 3914 958 3974 mos,
981 3914 1101 3978 precor,
1122 3894 1175 3959 ille
1197 3894 1294 3961 redi.“

389 4139 398 4180 ¹
421 4141 488 4204 Seirrv
510 4141 596 4198 Name
619 4143 654 4198 ist
673 4143 805 4214 Steplran.
847 4145 884 4199 Er
904 4145 1014 4200 scheint
1039 4165 1068 4201 es
1088 4147 1257 4202 rortrefflielr
1286 4151 1451 4203 nerstunden
1480 4167 1511 4203 au
1533 4150 1634 4220 baben,

327 4222 421 4276 seinen
453 4222 630 4294 gntmiitigen
661 4223 767 4280 Bruder
801 4227 997 4281 arrsarrbenten.
1053 4227 1159 4282 Mul-ian
1193 4230 1300 4299 spriclrt
1334 4231 1394 4305 sicin
1421 4231 1569 4286 mebrrnals
1605 4233 1633 4284 in

326 4303 429 4356 diesem
453 4303 539 4358 Sinnc
561 4304 630 4358 iiber
653 4303 701 4358 ilrn
724 4323 781 4364 aus.

325 4483 351 4537 Α
386 4400 480 4536 ἳξθτ
498 4405 649 4460 Vorsteher
678 4407 726 4460 das
748 4407 968 4464 Krerrzlrlosters.
1011 4410 1074 4478 Vgl.
1097 4411 1140 4465 Br.
1163 4411 1199 4465 74
1228 4413 1254 4468 S.
1273 4411 1328 4466 107
1350 4413 1464 4469 Anna-i
1491 4414 1546 4469 und
1569 4413 1633 4472 S‚5

352 4503 408 4538 nm.
442 4529 448 4542 .

385 4581 399 4626 ³
421 4585 550 4643 Tibullus
562 4589 628 4660 11,3
648 4609 671 4646 r.
688 4591 825 4646 otu-74.
863 4547 866 4555 r
