3625 5192
640 334 730 391 Brieie
746 335 867 391 Matiana
883 335 945 391 229.
964 335 1024 390 230.
1043 336 1103 391 231.
1324 366 1330 379 .
1473 334 1525 389 309

301 483 401 547 lucidi
423 483 455 547 in
474 504 524 549 res
540 484 670 549 Italicas
693 504 793 567 nuper
814 490 932 566 gestas.
972 484 1049 551 dom
1064 484 1231 551 concilium
1247 484 1396 550 Pisanum
1410 482 1527 548 Medio-

218 584 283 649 lani
295 586 585 670 fuissetiuceptum,
596 586 698 653 abbas
710 586 898 653 clarevallis
911 588 1115 653 concionatus
1126 595 1175 651 est
1186 587 1217 651 in
1233 587 1343 650 lulium
1355 586 1526 651 secundum

219 695 252 753 et
267 688 403 771 ecclesie
416 688 556 770 Romane
571 710 674 754 mores
689 689 921 772 perditissimos
937 689 1092 755 acerrima
1103 690 1240 754 dictione
1252 688 1414 753 laceravit.
1446 688 1527 752 Ecce

218 789 264 853 tui
275 790 397 854 ordinis
411 797 501 873 pater
524 798 557 853 et
575 789 728 854 Remardi
750 810 913 855 successor
930 791 1080 855 iucundis
1100 792 1222 870 enituit,
1241 797 1275 854 ut
1292 792 1429 872 elogium
1448 790 1528 854 illud

220 892 285 955 iure
312 900 450 975 repetas:
473 892 591 971 „Clare
618 898 691 956 sunt
710 892 825 971 valles,
852 892 910 957 sed
938 892 1032 957 claris
1055 892 1193 957 vallibus
1216 892 1318 957 abbas
1338 893 1452 957 clarior
1478 892 1528 957 his

217 994 336 1058 clarium
359 1014 470 1058 nomeu
494 994 525 1057 iu
547 994 640 1059 orbe*
661 993 779 1059 deuitf‘
824 994 901 1059 Vale
923 1001 954 1058 et
976 994 1083 1058 titulos
1104 994 1252 1059 librorum
1276 996 1407 1059 remitte.
1455 1034 1459 1047 ι

297 1096 394 1161 Festo
412 1096 540 1160 Martini
562 1095 714 1181 episcopi.

247 1220 472 1337 bulgaglrdscbrittl.
495 1221 516 1265 F
539 1218 589 1266 249
617 1221 659 1268 sol.
681 1219 874 1267 rosv-itte.
929 1220 1005 1267 Gedr.
1031 1220 1055 1267 b.
1077 1218 1111 1265 'l'z
1128 1222 1152 1267 S.
1178 1220 1224 1269 186
1255 1236 1301 1267 von
1322 1220 1404 1267 Incidi
1437 1221 1463 1267 in
1491 1220 1527 1268 tis

219 1306 247 1337 or
315 1290 374 1337 cit

288 1391 343 1443 Ἐ
355 1397 382 1444 ln
402 1397 462 1445 orbo
481 1413 580 1444 nomeu.

775 1484 975 1493 m

217 1599 296 1671 2:31.
318 1599 363 1665 li.
385 1618 430 1667 arr
452 1600 587 1671 Urban.
966 1600 1113 1683 (botta)
1132 1600 1230 1672 loll.
1262 1599 1464 1667 November
1474 1600 1522 1671 11.

288 1725 375 1771 Darnit
393 1725 479 1772 Urbau
503 1726 529 1771 in
547 1726 659 1771 zarkuntt
682 1726 752 1771 nicht
770 1725 862 1771 wieder
885 1726 930 1771 mlt
954 1726 1035 1773 cirtem
1054 1726 1183 1773 Grcscberr
1203 1726 1306 1785 sicgelc‚
1330 1724 1437 1771 sclrenlrt
1460 1724 1523 1771 Mur.
1580 1788 1583 1795 Δ

218 1794 270 1841 ibm
291 1795 331 1842 cin
350 1796 430 1855 Siegel
448 1795 494 1841 mit
513 1796 594 1842 cirtem
613 1795 704 1842 halben
723 1796 792 1841 liade
809 1798 846 1842 als
864 1795 972 1841 Zeicbsu
991 1796 1071 1843 dario.

298 1893 436 1957 ilenrico
458 1892 633 1973 Urbano,
660 1893 816 1958 sacerdoti
846 1894 900 1977 pio
926 1902 958 1958 et
983 1892 1106 1959 erudito
1137 1902 1168 1958 et
1194 1893 1376 1975 magisterio
1406 1892 1524 1975 insigni

216 2016 281 2075 suo,
303 1995 465 2060 Matienus
485 1996 590 2059 Rufus.

296 2102 330 2162 S.
372 2098 477 2178 Croto,
497 2097 639 2161 venatori
659 2097 828 2178 Musarum,
850 2098 981 2179 erogavi
1004 2100 1120 2163 cornu¹
1143 2100 1192 2163 sui
1213 2096 1336 2163 decoris
1351 2105 1383 2161 et
1401 2096 1523 2162 bonori-

213 2199 343 2266 ticencie
364 2208 472 2263 notam
492 2200 710 2283 spectabilem,
731 2200 953 2282 Spatatinum2
974 2200 1077 2265 cilicio
1093 2200 1222 2286 pietatis
1234 2199 1390 2281 insignem
1403 2200 1521 2263 donavi

214 2301 352 2374 ciconia,
386 2300 475 2365 ouius
500 2300 650 2384 pietatem
674 2300 818 2365 Plinius³
844 2308 876 2365 et
904 2302 997 2366 Greci
1028 2301 1190 2367 celebrant
1216 2309 1248 2366 et
1275 2320 1346 2365 cum
1373 2300 1521 2367 Urbanus

213 2411 333 2483 noster,
357 2401 453 2467 decus
472 2402 659 2481 amicornm,
686 2401 848 2483 publicum
876 2403 1002 2485 signum
1030 2403 1147 2487 privati
1172 2404 1249 2467 iuris
1270 2404 1388 2471 iaceret
1408 2403 1448 2467 ob
1468 2403 1519 2467 de-

212 2505 327 2569 tectum
346 2504 515 2588 peculiaris
535 2503 742 2583 emblematis,
762 2523 942 2569 succurrere
963 2505 1048 2570 volui
1072 2514 1103 2569 et
1121 2514 1186 2570 rote
1202 2505 1389 2570 dimidium⁴
1411 2525 1519 2590 ampu-

212 2607 288 2673 tavi.
330 2606 437 2671 Habes
459 2605 576 2688 igitur·⁸
591 2606 729 2687 sigillum
750 2618 943 2690 perpetuum,
962 2628 1001 2671 ne
1024 2608 1067 2671 uti
1090 2608 1277 2673 nomismate
1298 2608 1331 2673 in
1353 2606 1521 2691 signandis

212 2709 356 2794 epistolis
375 2710 508 2790 cogaris.
549 2709 629 2772 Tria
649 2708 846 2791 potissimum
867 2711 1040 2792 pensitavi:
1069 2711 1205 2775 Primum
1228 2711 1303 2793 quia
1323 2710 1468 2775 detracta
1488 2716 1520 2775 et

211 2813 331 2877 viciata
360 2830 434 2875 cera
457 2810 591 2893 quilibet
619 2817 743 2892 poterat
768 2811 880 2874 iterum
911 2812 1039 2892 signare
1065 2813 1187 2895 prolato
1208 2810 1351 2876 Hallensi
1376 2810 1416 2876 de
1436 2831 1518 2877 mar·

212 2914 317 2997 sapio,
342 2911 481 2977 secundo
507 2912 583 2993 quia
605 2911 720 2976 civitas
746 2913 808 2975 ista
825 2920 858 2977 et
878 2914 1020 2997 episcopi
1044 2914 1106 2978 duo
1135 2921 1201 2977 turn
1223 2914 1425 2997 lloguntiuus
1451 2922 1516 2979 tum

212 3015 468 3097 osnabrugensis
484 3014 516 3077 id
531 3012 625 3091 signi,
647 3012 680 3077 id
699 3021 756 3090 est,
781 3014 915 3079 solidam
938 3024 1037 3078 rotam
1060 3025 1222 3099 usurpant,
1244 3016 1336 3081 tertio
1353 3016 1428 3097 quia
1441 3016 1517 3097 legi-

212 3137 282 3183 mus
296 3118 329 3181 in
343 3116 433 3180 libris
451 3116 519 3180 divi
532 3114 684 3179 Beruavdi
699 3113 851 3178 aurissum
869 3115 920 3177 vel
942 3116 1150 3198 depravatum
1170 3117 1243 3181 olim
1265 3118 1361 3182 titisse
1376 3117 1516 3199 sigillum

212 3220 304 3284 buius
331 3218 523 3283 cruentissimi
556 3219 663 3303 patris.
712 3216 790 3282 ideo
818 3217 991 3282 modestius
1023 3239 1093 3285 esse
1123 3220 1232 3304 putavi
1260 3229 1516 3301 argenturacum

211 3320 374 3384 cacumine
415 3338 509 3401 quam
550 3320 678 3383 anulum
715 3320 922 3400 signatorium
965 3320 1084 3402 largiri.
1144 3320 1225 3386 Nam
1262 3322 1310 3385 ius
1354 3322 1517 3386 anulorum

210 3422 391 3506 superbiam
413 3442 469 3506 pre
489 3440 525 3485 se
545 3422 604 3485 fert
624 3430 657 3486 et
677 3421 708 3485 in
728 3421 854 3500 legibus
875 3420 1024 3487 Romanis
1046 3422 1213 3506 plurimum
1235 3423 1361 3504 negocii
1389 3422 1519 3488 exhibet

281 3541 345 3591 ''l'z
363 3560 428 3605 ergo.
499 3528 556 3589 blt'
570 3544 665 3591 Osnab.

275 3770 286 3811 ¹
308 3772 496 3827 DiesesHorn
517 3773 590 3844 zcigt
611 3774 659 3827 das
672 3770 1045 3843 praehtvolloWappcrrbild
1060 3770 1218 3827 desCrotus
1239 3773 1267 3825 in
1291 3772 1339 3826 der
1351 3772 1517 3827 Studentou-

212 3854 341 3909 matrilrel
368 3853 419 3908 wie
445 3854 518 3908 auch
539 3854 567 3907 iu
588 3853 732 3907 eiuiacher
750 3852 833 3906 Form
863 3854 912 3907 der
935 3853 1020 3906 Liber
1040 3852 1177 3907 rationum
1198 3872 1252 3906 vou
1270 3852 1372 3907 Erfurt
1414 3854 1519 3925 Kamp-

212 3933 320 3988 sohulte
339 3933 396 4002 ldie
415 3934 589 3989 Universitiit
608 3933 703 3986 Erfurt
722 3933 744 3987 1.
766 3930 794 3987 S.
810 3932 879 4001 ⁶258)
901 3932 1008 4003 spriclrt
1029 3951 1082 3987 von
1104 3934 1166 3987 dem
1189 3934 1395 4003 „riitselbaftcu
1416 3933 1518 3989 Horn“

212 4014 260 4068 des
281 4012 394 4069 Crotusl

273 4090 435 4165 ‘²Spalatin
464 4094 513 4148 bat
537 4094 596 4148 vier
620 4093 816 4148 verschiedenc
837 4092 929 4164 Siegel
950 4093 978 4146 iu
1001 4092 1149 4147 Gebraucb
1169 4093 1287 4163 gehabt‚
1314 4094 1363 4149 das
1385 4093 1437 4147 mit
1456 4095 1519 4148 dem

140 4190 147 4195 ·
213 4171 329 4229 Storcbe
352 4175 428 4245 aber,
450 4175 500 4229 der
519 4174 581 4228 eine
596 4172 734 4245 Schlange
755 4173 794 4226 im
804 4172 943 4227 Scbnabcl
964 4174 1034 4243 biilt,
1054 4192 1098 4227 am
1117 4171 1275 4244 hiiufigrten
1295 4174 1416 4228 benutat
1456 4174 1520 4245 Vgl.

213 4253 325 4323 Tarmel,
349 4254 495 4325 Reliquiae
516 4253 694 4325 epistolarum
717 4253 836 4307 Mutiani
856 4252 961 4308 S.8-
973 4254 997 4307 9.

272 4330 287 4373 ³
309 4334 373 4406 vgr.
385 4334 503 4403 Plinius,
518 4333 579 4389 Nat
594 4334 656 4388 hist
670 4333 705 4388 X
717 4333 764 4389 23.
777 4333 824 4388 32.
853 4331 984 4389 ciconiae
998 4374 1005 4389 .
1019 4376 1044 4390 ..
1063 4334 1236 4405 genetricum
1248 4340 1388 4389 senectam
1399 4333 1519 4389 invicem

105 4410 112 4424 '
213 4415 341 4470 educant.

275 4490 290 4534 4
311 4495 382 4550 Dies
394 4494 640 4567 Wappenzeicben
660 4492 748 4553 findet
767 4493 828 4549 sich
848 4496 877 4549 iu
898 4494 961 4551 dem
983 4494 1057 4549 oben
1077 4500 1235 4565 genanutcn
1256 4494 1523 4567 grossenWappen·
1579 4562 1582 4569 ⁴

212 4575 289 4633 bilde
309 4576 358 4635 des
378 4572 479 4635 Crotus
499 4575 587 4633 nieht.
