3625 5192
325 328 358 380 16
695 325 955 396 Gesohicbtsquellen
972 329 1021 383 der
1038 327 1112 383 Pror.
1131 328 1253 384 Sacbsen.

322 476 447 557 artium,
468 474 758 557 alioquinGelliusl
778 476 1016 542 amantissimus
1037 477 1295 559 liugueRomane
1316 498 1378 543 non
1399 479 1446 542 ita
1463 479 1630 545 scriberet:

323 578 450 659 „Quum
473 576 558 660 apud
580 578 749 659 magistros
766 578 900 643 Athenis
926 583 1096 645 essemus.“
1138 580 1286 645 Gratulor
1312 600 1388 663 ergo
1411 582 1469 647 tibi
1496 590 1528 647 ct
1553 581 1631 646 mihi

323 686 355 745 et
376 679 475 743 musis
496 684 528 743 et
549 679 641 744 beate
663 678 901 762 tranquillitati,
931 702 992 763 quc
1013 683 1082 747 sola
1107 702 1225 748 sanare
1247 690 1351 767 potest
1371 684 1470 749 aninri
1492 684 1632 763 vulnera,

323 801 383 864 que
403 801 423 846 a
445 780 560 845 Stoicis
581 782 660 845 meis
681 782 781 846 morbi
802 782 1005 865 appellantur
1026 791 1058 848 et
1083 785 1168 848 nrala
1194 788 1310 850 mentis
1337 794 1370 850 et
1394 792 1468 850 sunt
1490 807 1524 851 re
1545 807 1631 852 vera.

322 882 485 966 Siquidem
520 902 615 965 quum
650 883 771 949 avulsis
803 884 950 949 vitiorum
978 886 1131 969 stirpibus
1157 908 1227 952 cum
1255 908 1319 953 una
1347 888 1573 971 indignacione
1600 895 1633 953 et

322 985 587 1052 excandescentia
615 985 731 1051 bellum
764 1006 873 1069 geram
907 989 1092 1054 intestinum
1125 991 1214 1071 (quia
1244 1010 1294 1054 mo
1323 990 1515 1074 perditorum
1544 991 1632 1056 mali·

320 1090 479 1155 volentia·
499 1093 532 1153 et
552 1089 739 1154 obtrectatio
753 1089 887 1156 subinde
899 1090 1204 1172 lacessitetirritat),
1226 1094 1350 1175 quoties
1371 1094 1516 1158 titulum²
1536 1094 1632 1157 ianne

322 1194 458 1271 intueor,
483 1192 600 1256 sensim
622 1194 785 1257 evanescit
806 1195 1009 1260 conturbatio
1032 1197 1133 1260 instar
1146 1195 1259 1260 nebule
1279 1201 1351 1279 post
1370 1202 1470 1260 ortum
1490 1195 1577 1274 solis,
1599 1202 1632 1260 ut

322 1294 581 1377 tranquillitatem
603 1296 702 1358 animi
724 1299 807 1378 plote
833 1296 1057 1377 tranquillitati
1078 1296 1226 1378 debeam,
1257 1316 1320 1379 qne
1347 1297 1397 1362 sui
1417 1297 1631 1380 contemplatu

323 1395 523 1480 philosophie
543 1403 719 1461 commonet
740 1403 772 1462 et
792 1417 919 1463 securos
939 1418 998 1463 nos
1019 1397 1104 1463 facit.
1147 1399 1239 1481 Piget
1259 1397 1376 1481 dicere,
1397 1397 1503 1465 dicam
1524 1406 1631 1465 tamen

323 1506 354 1565 ct
374 1519 435 1565 non
459 1518 586 1582 possum
605 1499 775 1565 obliterare
795 1499 936 1580 silentio,
963 1522 1057 1583 quam
1080 1502 1207 1584 iniquus
1233 1503 1265 1565 in
1288 1522 1339 1566 me
1359 1501 1401 1566 sit
1421 1502 1631 1582 limitaneusi,

323 1602 375 1667 fax
394 1607 427 1665 et
445 1601 653 1667 incitabulum
672 1601 928 1686 perturbationis.
970 1604 1053 1667 Nam
1065 1604 1176 1686 reliqui
1198 1604 1401 1669 severitatem
1422 1625 1525 1670 meam
1547 1623 1631 1668 reve-

323 1710 427 1769 renter
449 1710 480 1768 et
507 1704 629 1787 partius
650 1704 802 1787 mordent,
823 1706 884 1784 bio,
903 1713 939 1770 ut
959 1706 1281 1786 estrecordlusculus
1301 1709 1407 1791 passis
1426 1709 1507 1773 velis
1528 1709 1562 1772 in
1583 1727 1633 1771 me

323 1805 483 1871 inuehitur
504 1814 536 1869 ct
557 1806 637 1869 bene
660 1806 748 1872 diota
768 1807 850 1873 nrale
872 1808 1105 1893 interpretatur.
1146 1809 1251 1874 Etiam
1273 1817 1403 1875 sauctus
1423 1811 1533 1875 Petrus
1558 1829 1632 1891 egre

323 1910 426 1973 ferret.
473 1907 552 1985 Quis
577 1908 661 1973 enirn
693 1910 756 1975 nisi
782 1909 993 1975 dedecorosus
1020 1912 1114 1976 facile
1142 1918 1322 1977 contemnat
1347 1912 1534 1977 infamiam?
1578 1913 1631 1975 lsti

323 2010 412 2075 stulti
453 2009 577 2075 nobiles
612 2013 720 2093 magni
756 2012 898 2096 pendunt
939 2013 1023 2079 lamo
1062 2014 1223 2079 iacturam.
1285 2014 1417 2079 Utinam
1451 2014 1569 2079 scirent
1601 2023 1633 2078 et

324 2113 416 2178 nobis
451 2112 585 2178 eandem
624 2114 727 2197 ipsam
762 2134 832 2181 esse
869 2134 952 2181 cure.
1013 2116 1194 2181 Arbitratur
1234 2116 1327 2181 homo
1364 2117 1548 2181 cerebrosus
1582 2136 1631 2180 me

323 2233 449 2279 suorum
492 2214 641 2299 potencia
675 2216 785 2281 terreri
821 2236 879 2281 neo
917 2216 1006 2282 videt
1038 2217 1118 2282 nibil
1153 2218 1219 2283 lore
1255 2217 1378 2300 gratius
1408 2219 1632 2283 concanonicis

323 2317 484 2382 discordia
504 2325 620 2383 nostra.
663 2317 800 2401 Sperant
822 2318 905 2382 cuim
929 2318 1003 2383 inde
1021 2326 1199 2384 secuturam
1221 2320 1269 2384 rel
1293 2319 1423 2384 alterius
1441 2319 1493 2383 vel
1518 2320 1631 2384 utrius·

323 2440 383 2503 quo
403 2425 542 2485 nostrum
560 2420 737 2484 absentiam
788 2420 882 2494 Audi,
904 2421 985 2486 bone
1001 2422 1060 2503 vir,
1081 2428 1232 2504 quantum
1248 2422 1394 2504 desipiat
1436 2422 1555 2487 Narrat
1576 2443 1631 2487 suo

322 2521 641 2587 Riohcnbaceho⁴
669 2522 888 2588 etnorcnor
910 2543 961 2589 mo
981 2525 1054 2589 ideo
1069 2544 1139 2591 esse
1153 2523 1338 2588 collocutum
1357 2544 1426 2589 cum
1446 2526 1542 2591 tratre
1563 2526 1632 2590 eius

323 2632 445 2690 etcum
472 2624 618 2707 principe
646 2624 870 2707 illustrissimo,
902 2627 985 2708 quod
1011 2627 1178 2693 timuerim.
1227 2627 1338 2692 Nescit
1364 2627 1538 2692 Matianum
1568 2647 1630 2692 uon

325 2729 429 2792 faeere
454 2726 579 2807 magni,
606 2744 667 2808 que
695 2729 830 2811 populus
857 2727 1038 2792 admiratur.
1086 2730 1212 2809 Nescit,
1247 2749 1306 2811 quc
1334 2730 1399 2795 sint
1423 2730 1506 2794 inter
1531 2729 1631 2795 Nede·

325 2830 446 2894 ricbum
472 2837 503 2893 et
529 2848 580 2893 me
601 2829 765 2911 conclusa;
794 2836 825 2893 tu
855 2831 938 2895 scies
964 2850 1021 2894 suo
1042 2837 1192 2914 tempore.
1234 2832 1344 2896 Sermo
1366 2851 1442 2897 uero
1464 2839 1569 2896 noster
1589 2832 1629 2895 ad

326 2932 453 2995 fratrem
475 2931 543 2994 eius
564 2931 718 2996 eiusmodi
739 2932 814 3013 l'uit,
836 2940 869 2997 ut
890 2932 1027 2997 dicerem
1049 2933 1217 2999 Nicolaum
1238 2954 1422 3015 germanum
1446 2954 1516 2999 esse
1536 2935 1632 2999 nimis

396 3034 407 3061 ‘¹
427 3042 466 3087 Ta*
477 3042 662 3090 malevolentia.
1566 3040 1579 3063 ‘

389 3206 400 3249 1
422 3211 512 3267 Lib.l
533 3228 592 3283 cap.
606 3212 632 3265 2.

388 3286 510 3347 ²Beals
535 3292 729 3363 nariquillitss.
770 3293 834 3348 Von
854 3293 963 3349 Mutiun
990 3294 1018 3348 iu
1045 3293 1136 3349 vielen
1156 3294 1270 3349 Brieieu
1296 3297 1428 3351 erwiihnt.
1468 3294 1532 3366 Vgl.
1558 3295 1630 3349 auch

326 3371 435 3429 Ulriohi
456 3370 574 3427 Hutteni
594 3390 677 3444 opera
698 3374 740 3428 ed.
761 3372 890 3445 Bbeking
901 3374 924 3444 Ι,
945 3394 970 3445 p.
983 3373 1029 3431 45.

386 3448 401 3492 3
421 3452 483 3524 Vgl.
505 3452 574 3506 iiber
593 3452 686 3507 diesen
707 3452 751 3508 Br.
766 3452 792 3508 4.

386 3530 573 3588 ⁴Vielleioht
601 3532 645 3587 ein
668 3533 791 3588 Gothuer
818 3532 993 3589 Geistlieher.
1045 3534 1109 3590 Sein
1137 3534 1226 3591 Name
1252 3534 1361 3589 kommt
1385 3543 1462 3591 sonst
1482 3537 1521 3591 im
1540 3536 1629 3591 Brief·

325 3614 445 3669 weclmel
464 3612 544 3667 nieht
563 3630 620 3671 vor.

387 3690 705 3749 5DerFamilienname
727 3694 775 3749 dcs
788 3694 961 3749 vonMutiau
984 3713 1014 3750 so
1037 3694 1078 3750 oft
1098 3696 1258 3750 erwiilmteu
1275 3696 1377 3751 Munus.
1418 3696 1553 3752 Derselbc
1574 3714 1629 3751 war

325 3774 491 3830 Kauonikus
521 3792 555 3827 zu
578 3772 616 3828 St
635 3772 741 3828 Marion
766 3774 795 3827 in
817 3773 925 3841 Gotho,
950 3776 1006 3829 und
1028 3775 1158 3847 obgleieh
1176 3776 1285 3831 Mutian
1305 3776 1388 3831 keine
1403 3777 1477 3832 bohc
1496 3778 1630 3848 bleinung

324 3874 378 3910 von
402 3855 456 3909 den
475 3853 676 3925 Geistesgnben
698 3851 930 3926 seinesCollegen
947 3856 1033 3926 hatte,
1053 3857 1140 3912 daher
1159 3857 1232 3911 auch
1251 3874 1301 3911 aus
1320 3858 1383 3911 dem
1396 3858 1526 3912 Morehus
1547 3860 1627 3911 einen

324 3936 420 3990 Morus
441 3936 559 4004 rnechte,
578 3933 688 3988 scheint
708 3934 798 3989 dieser
823 3934 943 4003 ‚,'l¹hor⁴‘
970 3936 999 3989 in
1032 3928 1254 4007 geschiilliiehen
1280 3937 1539 4008 Angelegenlreitan
1564 3940 1629 3992 selu

325 4016 454 4070 erinbren
474 4031 599 4087 genesen
619 4032 651 4067 rm
673 4014 732 4069 sein
754 4016 810 4069 und
828 4016 904 4071 Witz
915 4033 1009 4087 genug
1029 4017 1134 4087 gehabt
1153 4017 1254 4087 haben,
1274 4035 1322 4071 um
1344 4018 1447 4071 seincm
1461 4018 1566 4073 Feinde
1580 4019 1628 4072 das

325 4096 422 4151 Leben
444 4112 524 4149 sanor
543 4112 577 4148 zu
598 4095 722 4149 muchan.
763 4095 801 4149 Er
827 4115 902 4151 mursa
921 4098 1056 4168 geradezu
1082 4098 1127 4151 ein
1150 4097 1262 4152 Meister
1289 4098 1317 4150 iu
1340 4097 1389 4152 der
1418 4098 1628 4169 Piriiudenjugd

324 4192 450 4248 genesen
470 4174 537 4230 sein.
578 4174 668 4230 Unter
687 4177 749 4245 den,
770 4176 919 4247 allcrdings
941 4176 1020 4230 nicht
1040 4177 1217 4248 vollsta'tndig,
1235 4177 1433 4232 iiberlieferteu
1450 4177 1556 4233 Numen
1579 4182 1628 4233 der

325 4256 450 4311 Gothaer
462 4255 626 4310 Kanopiker
643 4258 723 4326 jener
741 4256 800 4311 Zeit
820 4254 907 4311 findet
920 4256 980 4312 oieb
1001 4256 1133 4312 lllorebus
1153 4258 1240 4327 nieht,
1259 4256 1331 4312 doch
1354 4258 1431 4312 weist
1450 4259 1499 4312 das
1518 4259 1627 4330 Regist-

326 4354 385 4391 rum
409 4336 525 4391 subsidii
551 4335 625 4390 clero
651 4336 821 4408 'Phuringiae
850 4354 924 4392 anno
951 4337 1026 4391 1506
1047 4338 1170 4408 impositi
1190 4338 1281 4409 (Hrsg.
1306 4354 1361 4392 von
1386 4338 1422 4394 U.
1443 4337 1571 4395 Steehelo
1597 4341 1627 4394 in

325 4418 374 4470 der
393 4415 553 4472 Zeitsebril't
573 4416 621 4470 deu
649 4416 767 4471 Vereins
791 4418 837 4472 fiir
862 4418 936 4472 thiir.
962 4418 1133 4473 Gescluiehte
1160 4419 1217 4472 und
1242 4418 1524 4489 Alterthumskunde,
1548 4420 1627 4475 Naue

324 4497 411 4567 Fulge
432 4496 457 4551 2
479 4496 541 4567 Bu)
562 4496 756 4553 verschiedene
778 4497 932 4553 Geistlicbe
957 4500 1046 4553 dieses
1067 4498 1188 4554 Narseus
1207 4498 1259 4553 aul
1281 4499 1319 4569 (S.
1340 4498 1625 4557 10.18.20.‘24.ae.

609 4765 618 4825 l
