3625 5192
309 311 362 364 202
673 311 933 379 Gescbicbtsquellen
951 312 999 364 der
1017 310 1127 365 Prorinz
1146 309 1269 366 Sachsen.
1374 367 1379 378 ,
1448 345 1465 374 1

1619 406 1634 442 ο

310 461 427 525 iudicio
452 461 481 523 in
505 459 619 526 studiis
641 461 732 526 soles
775 461 849 524 Fuit
871 468 975 526 auteur
999 461 1057 526 bec
1076 461 1251 525 admonitio
1269 468 1393 527 matura
1413 470 1447 527 et
1467 463 1615 528 honesta:

312 565 462 646 putabam
485 565 567 628 eninr
590 565 663 643 tine,
687 573 719 628 nt
738 565 783 627 sic
804 585 881 646 opes
903 564 1079 629 cumulares
1094 564 1207 646 gentili
1226 566 1370 648 exemplu
1392 566 1534 649 nihilque
1556 567 1617 631 tibi

309 667 485 732 dcl'uturuur
510 668 540 730 in
564 668 655 731 rebus
669 666 812 751 privatis,
834 667 860 729 si
884 667 915 730 in
938 669 1004 730 tiu'o
1026 689 1065 731 cx
1086 668 1325 732 auaribonrinis
1339 669 1487 734 instinctu
1509 671 1616 735 dicere

309 772 474 852 inciperes,
497 789 598 851 neque
623 771 679 834 tibi
691 779 868 853 preceptum
893 790 973 850 csse,
995 770 1051 839 scd
1073 771 1149 835 milri
1171 779 1203 836 et
1214 771 1412 856 pbilosophis
1433 771 1615 853 fugiendam

309 894 378 939 csse
400 875 533 957 pecunie
554 872 771 956 cupiditatem.
815 873 901 936 Nibil
925 873 1088 938 honestius
1111 873 1425 954 magnificentiusque
1447 893 1541 956 quarn
1564 895 1617 958 pe-

310 978 436 1040 cuniam
459 981 666 1052 contemnere,
690 976 716 1038 si
739 975 957 1053 nonbabeas,
982 975 1009 1039 si
1038 975 1157 1040 babeas
1176 977 1217 1040 ad
1241 975 1480 1042 beneticentianr
1503 978 1615 1042 libera-

310 1080 495 1161 litatemque
517 1080 664 1144 conferre.
707 1079 782 1142 uria
810 1078 990 1143 causidicos
1009 1079 1064 1142 via
1084 1080 1226 1160 grassari
1247 1087 1379 1163 oportet,
1402 1100 1548 1162 perverse
1570 1082 1615 1146 in-

310 1182 455 1264 telligant
485 1201 613 1254 neccsse
639 1188 687 1245 est
716 1181 894 1265 sapientum
922 1181 1075 1246 instituta.
1118 1182 1236 1246 Dicant
1262 1183 1333 1247 isti:
1366 1182 1455 1246 Nihil
1481 1191 1529 1248 est
1551 1191 1616 1248 tam

309 1286 452 1368 angusti,
480 1291 544 1348 turn
570 1284 660 1367 parvi
690 1292 722 1347 et
747 1284 841 1350 exilis
862 1285 960 1348 animi
983 1303 1077 1366 quam
1099 1284 1265 1367 pecuniam
1288 1293 1495 1350 contemnere.
1540 1287 1615 1350 ltem

309 1395 413 1452 orator
434 1391 482 1450 est
503 1385 552 1449 vir
573 1386 686 1461 (lires,
707 1385 738 1448 in
762 1386 898 1467 publicis
920 1386 1000 1449 actis
1023 1388 1271 1467 t'roquensrron
1294 1387 1365 1456 lide,
1388 1409 1449 1452 uon
1471 1389 1616 1470 veritate,
1702 1444 1706 1453 .

311 1511 371 1554 non
392 1489 614 1570 intelligentia,
635 1487 863 1552 non'doctrina
879 1487 1026 1570 politiore
1048 1496 1202 1570 prestans,
1224 1490 1279 1553 scd
1300 1489 1443 1574 perfidia,
1467 1490 1616 1571 talsitate,

310 1593 456 1672 audacia,
477 1591 684 1675 impudentia,
707 1591 801 1654 malis
822 1591 924 1656 literis
945 1591 1088 1656 initiatus
1097 1595 1115 1654 ¹.
1159 1592 1228 1669 Qua
1251 1612 1284 1656 re
1305 1612 1345 1656 ne
1366 1594 1507 1675 parentis
1528 1594 1569 1656 de
1585 1604 1617 1658 te

309 1692 457 1758 fiduciam
486 1693 653 1774 destituas,
682 1693 888 1771 laborandum
916 1702 963 1758 est
990 1693 1047 1759 tibi
1070 1694 1167 1757 etianr
1190 1703 1285 1776 atque
1305 1695 1420 1776 etiam,
1443 1703 1476 1759 ut
1497 1695 1616 1760 relictis

310 1796 359 1862 vel
388 1797 429 1861 ad
458 1803 581 1878 tempus
606 1793 768 1881 suspensis
796 1796 911 1862 studiis
937 1795 1000 1861 tuis
1028 1796 1210 1861 melioribus
1240 1797 1363 1862 servias
1390 1804 1422 1861 et
1448 1798 1616 1863 subiaceas

310 1899 510 1974 lbrmulariis,
540 1900 594 1982 qui
619 1907 649 1964 te
671 1897 713 1964 ad
734 1900 887 1965 subsellia
908 1899 1045 1963 iudicum
1068 1899 1251 1983 producant,
1274 1900 1445 1983 prestigias
1466 1921 1540 1966 suas
1561 1921 1615 1984 pa-

311 2004 470 2082 tel'aciunt,
491 2003 664 2069 terunciusa
687 2010 718 2068 et
739 2023 827 2069 asses
848 2003 888 2067 ob
911 2003 1153 2067 aus-ocationem
1178 2003 1329 2086 arrcupari
1351 2003 1496 2084 doceant,
1518 2003 1617 2068 bonos

310 2108 393 2171 viros
422 2106 627 2171 irreverenter
653 2107 814 2191 excipere,
841 2106 1004 2187 litigant-es
1031 2105 1195 2170 blanditiis
1221 2106 1349 2170 allicere
1375 2114 1408 2169 et
1437 2106 1468 2169 in
1494 2125 1617 2170 summa

310 2211 441 2274 emulari
461 2209 690 2291 Hennignun‘t
733 2209 832 2273 Multa
855 2207 933 2288 dixi,
956 2208 1018 2273 imo
1041 2228 1122 2290 lrenc
1143 2208 1259 2288 omnia,
1279 2207 1353 2272 dum
1376 2208 1459 2274 hunc
1480 2209 1616 2275 nonrino.

311 2313 421 2378 Dices:
456 2314 543 2392 Scio,
571 2313 633 2376 ianr
672 2312 748 2385 ruibi
777 2311 905 2376 odiosus
942 2331 976 2376 es
1005 2312 1230 2395 interpellator.
1279 2312 1333 2377 Sic
1362 2331 1432 2378 esse
1460 2314 1530 2377 volo
1559 2333 1616 2396 pro

311 2436 381 2480 nrea
407 2416 626 2498 simplicitate,
653 2423 732 2480 uta
761 2415 857 2479 musis
879 2422 909 2479 te
931 2434 1073 2479 revocem
1095 2414 1135 2477 ad
1157 2415 1308 2480 t'orensenr
1331 2435 1469 2498 operam,
1493 2415 1523 2479 in
1545 2433 1617 2496 qua,

310 2521 435 2583 tametsi
465 2520 554 2600 plura
581 2517 644 2582 sint
665 2517 826 2599 culpanda
846 2537 940 2598 quam
965 2517 1141 2588 larulanda,
1168 2524 1201 2581 tu
1223 2526 1328 2583 tamen
1350 2516 1479 2582 vivendi
1500 2523 1617 2581 metam

310 2621 395 2702 liges.
440 2621 599 2684 Hactenus
620 2639 745 2694 severa,
766 2639 848 2683 nunc
870 2618 1008 2683 iucunda
1027 2619 1172 2684 scribam.

311 2723 474 2808 Adelpbus
490 2723 550 2810 ille,
574 2725 716 2804 quisquis
738 2724 766 2786 is
787 2730 845 2804 est,
867 2723 976 2787 sordes
995 2722 1116 2791 salibus
1136 2722 1276 2803 vulgatis
1297 2723 1448 2806 aspergit.
1492 2724 1617 2801 Quanto

312 2827 450 2907 latinius,
472 2833 505 2890 ut
527 2847 630 2910 pauca
651 2826 698 2892 de·
714 2827 819 2891 nurltis
840 2827 1029 2906 examinent,
1051 2826 1097 2890 ita
1118 2825 1275 2908 principio
1297 2825 1483 2910 scripsisset.

688 2964 877 3030 Emendatio
899 2965 999 3047 prinre
1021 2963 1243 3029 cavillationis.

395 3083 480 3147 Data
506 3091 554 3147 est
577 3083 673 3147 Rome
703 3083 828 3163 magnis
855 3081 933 3145 viris
955 3080 1081 3162 aliquot
1109 3080 1273 3161 pontitioia
1301 3090 1333 3145 et
1364 3081 1502 3163 adipalis
1529 3102 1617 3148 cena.

310 3185 390 3248 Tam
412 3185 530 3249 celebri
543 3185 705 3249 adbibitus
727 3185 820 3267 epulo
835 3186 956 3254 facetus
968 3183 1096 3264 quidam
1118 3193 1149 3247 et
1164 3184 1258 3248 dicax
1271 3185 1451 3269 prelaoione
1474 3186 1618 3266 insignis,

310 3287 393 3370 quod
416 3288 538 3370 sinapis
559 3289 761 3352 ealelaetoria
783 3295 877 3369 atque
889 3287 970 3350 adeo
989 3288 1116 3350 veneris
1127 3287 1353 3352 suscitabulum
1376 3287 1618 3369 desideraretur,

311 3391 508 3456 exclamasse
535 3394 647 3454 tortor:
678 3390 765 3470 „Oh,
789 3395 910 3471 quanta
929 3389 1067 3472 patimus
1089 3411 1145 3474 pro
1167 3390 1342 3454 ecelesia!“
1384 3392 1417 3455 ls
1438 3391 1618 3456 admonitus

311 3493 498 3558 barbarismi
529 3493 682 3576 suscepit:
712 3493 820 3574 ,‚Quid
846 3500 877 3556 tu
908 3513 999 3576 rpro
1025 3512 1040 3555 s
1061 3493 1241 3571 substituis,
1259 3493 1351 3574 qrrasi
1379 3513 1454 3557 vero
1477 3480 1617 3559 nesciam

311 3605 343 3661 et
355 3596 493 3680 patimus
505 3604 535 3660 et
550 3597 687 3680 patimur
702 3617 772 3661 esse
793 3616 885 3660 casus
906 3596 1069 3676 genitivi“.
1112 3595 1194 3659 Mira
1214 3595 1327 3676 irrisio,
1349 3603 1384 3660 ut
1404 3616 1465 3677 (pre
1487 3599 1529 3662 ab
1551 3616 1617 3662 eru-

311 3699 387 3764 ditis
408 3699 603 3766 tirstirlienda
627 3719 687 3764 uon
710 3699 760 3764 sit.
803 3699 909 3764 Refert
930 3700 1013 3764 enirn
1037 3699 1401 3782 operteinrpudicieiam
1423 3706 1454 3764 et
1476 3699 1617 3781 ignotam

311 3801 457 3886 Adelpbo
478 3801 654 3868 doetrinanr
677 3823 738 3867 uon
762 3811 824 3866 tam
847 3803 1006 3886 exprimit,
1028 3821 1121 3885 qurun
1144 3801 1293 3866 insinuat.

715 3938 885 4030 Enarracio
907 3939 999 4002 buius
1019 3937 1216 4003 urbanitatis

391 4057 439 4121 Ob
463 4065 582 4138 qrurnta
605 4057 741 4138 patimur
759 4075 825 4136 pro,
847 4053 878 4116 id
901 4062 958 4134 est,
981 4053 1013 4116 in
1035 4052 1180 4135 ecclesia,
1203 4055 1261 4118 boo
1282 4062 1339 4135 est,
1361 4054 1449 4119 curia
1466 4055 1618 4134 Romana.

315 4158 466 4240 intelligit
491 4167 522 4221 et
549 4157 651 4221 innuit
677 4157 811 4222 latenter
838 4176 983 4222 aversam
1011 4156 1237 4240 turpitudinem
1264 4164 1296 4223 et
1323 4168 1537 4242 preposterum
1560 4159 1618 4223 ini-

382 4275 392 4300 ²¹
412 4280 438 4323 F
453 4285 575 4324 turuuens.

376 4491 385 4532 ¹
409 4495 466 4548 Dus
487 4494 579 4548 (lanae
609 4495 644 4548 ist
670 4494 731 4548 eine
753 4493 902 4564 Persitlago
929 4495 978 4548 der
1007 4491 1191 4549 Catonischen
1218 4493 1373 4549 Delinition
1395 4495 1472 4548 eines
1491 4494 1616 4548 Redners

314 4576 366 4647 uvir
387 4575 483 4651 bouus,
500 4575 609 4634 dicundi
630 4575 742 4646 peritus.
784 4575 937 4640 Quintilian
951 4573 1016 4645 Xll,
1030 4575 1056 4628 1.
1070 4575 1106 4645 l.)
1149 4571 1162 4614 2
1183 4575 1246 4650 Vgl.
1268 4575 1311 4632 Br.
1329 4573 1366 4628 52
1388 4574 1415 4630 S.
1433 4575 1470 4628 66
1492 4573 1574 4630 Auru.
1591 4575 1616 4629 2.
