3625 5192
310 331 360 388 138
722 337 982 408 Gcschiehtsquclleu
1001 341 1049 394 der
1067 340 1140 394 l‘rcv.
1161 337 1285 396 Sacbscn.

308 483 368 553 cc.
392 481 636 554 ll.nrrllrbuu.
693 485 837 568 (butha.
859 486 1047 555 erlsehcn
1058 487 1258 555 Endclhtlb
1269 486 1342 553 und
1354 485 1487 554 llcrbst·
1498 488 1615 569 1508.)

378 595 441 643 blut.
461 604 525 644 setzt
551 598 607 644 rlcrn
631 598 716 644 Urhau
735 600 915 659 auscinsrrdor,
938 601 1047 647 ureshalb
1066 616 1094 647 er
1112 600 1253 646 Friedricha
1272 599 1478 658 Ancrbietungon
1498 599 1615 658 uhlcltnc,

307 666 359 712 sich
379 682 419 714 um
438 668 536 714 Theren
556 669 626 714 nicht
645 669 772 716 lstimtnerc
794 671 843 716 und
864 669 903 716 dic
923 670 1176 730 Ahgescblosscnlrcit
1195 670 1271 728 n'illig
1289 675 1395 728 ommno.

389 765 524 830 Henricu
547 765 714 846 Urbano,
737 767 805 830 riro
825 769 990 852 prestanti,
1010 768 1172 832 blutianus
1192 767 1301 830 Rut‘us.

388 869 422 931 S.
465 867 601 947 Vellem,
630 867 804 949 Urbane,
832 870 904 954 plus
931 889 1001 936 esse
1022 870 1080 935 tibi
1103 870 1180 946 ocii,
1207 870 1285 933 mihi
1313 868 1470 937 librorum.
1512 870 1562 934 lta
1582 877 1616 934 tu

307 967 420 1034 cultior
439 969 538 1049 lieres,
558 989 617 1052 ego
639 971 766 1052 tersior,
787 973 843 1038 sed
865 993 928 1036 non
951 973 1003 1036 uni
1025 972 1082 1036 dat
1103 979 1218 1037 cuncta
1239 971 1334 1038 Deus.
1376 971 1532 1054 Equidem
1553 991 1614 1036 non

307 1071 401 1137 aliter
422 1073 524 1138 sentio
544 1092 637 1154 quam
653 1073 833 1140 Bernardus
855 1082 936 1154 tuus,
956 1076 1010 1158 qui
1031 1074 1224 1159 pacientiam
1245 1074 1334 1138 miris
1356 1072 1503 1138 laudibus
1525 1073 1615 1137 altit.

308 1173 460 1240 l'cramus
489 1175 586 1257 igitur
613 1176 774 1256 iniuriam,
802 1177 937 1258 damna,
961 1175 1168 1242 contumelias
1195 1184 1227 1240 et
1250 1176 1349 1240 simus
1374 1175 1523 1254 humiles,
1552 1193 1615 1239 non

307 1276 374 1342 alta
408 1277 589 1343 sentientes.
638 1278 760 1360 „llui,“
792 1277 894 1360 dices,
923 1278 1106 1359 ‚,llutiane,
1138 1279 1232 1343 nimis
1266 1298 1300 1342 es
1328 1277 1472 1356 humilis,
1506 1275 1616 1341 tardus

308 1387 404 1462 atquc
430 1379 535 1445 hebes.
577 1380 736 1446 Promittit
757 1382 815 1446 tihi
838 1381 1029 1447 Federicus¹
1051 1382 1170 1466 ampla,
1191 1400 1252 1445 non
1274 1387 1438 1462 acceptas,
1458 1379 1616 1444 moriones

308 1481 468 1562 irrident¹,
490 1502 552 1548 non
570 1483 660 1566 pensi
682 1482 795 1562 habes,
816 1486 935 1548 anticos
964 1505 1026 1550 non
1048 1484 1163 1564 habes,
1193 1502 1304 1565 parum
1326 1483 1360 1546 id
1380 1501 1482 1546 curas.
1527 1479 1616 1562 Vide,

310 1604 350 1649 ne
373 1585 434 1648 ista
463 1591 517 1649 tua
544 1583 705 1649 humilitas
731 1585 788 1650 tibi
815 1585 933 1651 damno
953 1587 995 1651 sit
1016 1586 1120 1669 potius
1142 1603 1236 1667 quam
1258 1585 1375 1649 luer⁰“.
1417 1583 1517 1666 Euge,
1535 1584 1615 1649 bone

308 1686 444 1752 Urbane.
492 1687 608 1752 Omnia
630 1686 854 1753 animadversa
883 1688 960 1752 mihi
988 1693 1070 1752 sunt.
1116 1686 1294 1768 Despectus
1321 1706 1423 1751 rerum
1445 1691 1616 1751 momenta-

307 1807 511 1854 nearunruon
534 1791 753 1869 estvesaniel,
779 1788 1042 1870 nundemcntie⁰,
1065 1789 1303 1872 nonimperitie.
1347 1787 1431 1866 Quid
1456 1789 1615 1852 tctssncti

307 1892 450 1974 ordines,
480 1891 556 1974 quid
578 1900 633 1956 tua
654 1893 783 1972 heresis,
804 1893 836 1956 in
858 1913 922 1976 quta
943 1893 1114 1958 canonicus
1136 1892 1228 1972 vivis,
1250 1891 1327 1973 quid
1348 1890 1494 1956 instituta
1515 1891 1614 1973 philo-

306 1994 474 2078 sophorum
496 1993 627 2060 meliora
654 1994 742 2059 aliud
765 1996 959 2079 precipiunt,
988 2015 1081 2077 quam
1103 2001 1137 2060 ut
1157 1995 1256 2060 simus
1282 1994 1393 2078 paucis
1424 1993 1563 2056 contenti
1584 1999 1616 2057 et

305 2096 483 2162 mausueti?
524 2097 643 2162 Omitte
666 2098 765 2162 citare
786 2106 897 2178 testes,
924 2097 1055 2161 Paulum
1077 2097 1174 2168 nosti,
1203 2096 1287 2178 legis
1313 2097 1433 2170 sacrat,
1463 2094 1616 2178 intelligis

307 2217 400 2264 casus
429 2198 590 2264 humanos.
640 2199 758 2265 Dicant
783 2200 917 2282 maligui
943 2199 1119 2284 Matianum
1145 2219 1207 2263 nou
1234 2217 1306 2264 esse
1332 2197 1525 2278 theologum,
1552 2216 1615 2261 ncu

309 2301 534 2384 iurisperitum,
556 2321 618 2366 non
640 2301 810 2368 admodum
833 2301 1001 2368 literatum.
1043 2302 1201 2366 Fateoret
1224 2298 1496 2365 humilibushonro
1511 2299 1615 2364 Chris-

308 2404 413 2470 tianus
433 2405 609 2486 acquiesco.
657 2405 694 2468 ld
723 2413 827 2470 tamen
855 2405 921 2469 scio
945 2426 1002 2470 nos
1029 2405 1061 2468 in
1083 2405 1167 2470 omni
1190 2403 1334 2469 doctrine
1352 2420 1478 2484 genere,
1500 2401 1613 2465 nedum

308 2506 340 2572 iu
363 2507 462 2572 sacris
484 2507 585 2571 literis
606 2516 637 2572 et
659 2508 735 2586 iure,
757 2514 878 2575 tantum
896 2508 1076 2591 proiecisse,
1098 2515 1248 2590 quantum
1270 2506 1311 2571 ab
1332 2505 1459 2570 homine
1480 2502 1615 2568 barbare

307 2609 446 2674 nationis
474 2609 541 2674 lieri
568 2615 682 2693 potest.
724 2609 795 2675 Non
824 2620 855 2675 te
875 2617 1027 2692 moveare,
1049 2611 1077 2676 si
1099 2612 1192 2675 audis
1214 2607 1473 2672 ealnrnniautiunr
1495 2607 1613 2670 obtrec-

306 2710 451 2776 tationes.
493 2711 615 2778 Maiora
635 2713 713 2776 mori
733 2713 912 2793 moliuntur,
935 2713 1029 2778 crede
1045 2713 1130 2777 nribi.
1172 2711 1235 2777 sed
1251 2731 1288 2775 eo
1310 2728 1360 2773 nrc
1383 2708 1493 2774 robore
1515 2707 1614 2772 animi

309 2812 394 2878 [leus
415 2814 524 2896 sepsit,
545 2812 762 2892 metallorum,
785 2815 972 2897 invidorum,
995 2815 1199 2899 superborum
1212 2813 1304 2878 sibila
1318 2831 1379 2876 non
1398 2811 1612 2876 extimescam.

306 2914 390 2980 Male
414 2915 511 2997 igirn·
536 2914 646 2981 dicunt
676 2916 737 2980 illi:
767 2917 958 2996 „Humilitas
984 2927 1033 2983 est
1060 2915 1252 2982 conditionis
1281 2915 1416 2979 vilitas“.
1467 2913 1532 2978 lnro
1561 2913 1614 2977 hu-

306 3016 425 3082 militas
437 3017 620 3082 Christiana
641 3028 689 3084 est
710 3039 786 3084 vera
806 3021 957 3085 fortitudo
978 3029 1009 3084 et
1028 3018 1283 3101 magnanimitas.
1325 3016 1414 3086 ,Vale
1457 3015 1593 3097 Raptim.

379 3123 558 3169 llundachriltl.
579 3123 598 3168 F
618 3123 651 3172 38
670 3127 709 3172 l'ul.
728 3125 889 3174 “litt-2hv.
927 3125 996 3173 Gedr
1025 3120 1504 3182 llirnl.ih.nuv.lcl.18r-18v.
1541 3115 1568 3175 2)
1589 3119 1612 3166 b.

307 3191 340 3238 'l'z
359 3189 383 3240 S.
402 3193 513 3240 39-40
536 3193 610 3243 collat.

378 3273 389 3299 ³
410 3279 465 3326 Lib.
484 3295 541 3328 rruv.
561 3282 609 3327 und
629 3283 661 3329 Tc
680 3289 705 3330 tc
726 3283 838 3332 irrident.
920 3267 1007 3330 blito.
1026 3300 1083 3332 nov.
1103 3283 1205 3329 cesonio
1226 3306 1256 3313 —-
1282 3280 1409 3327 dornontia
1427 3302 1458 3311 -
1479 3278 1612 3337 imperitia.

307 3343 317 3370 ⁰
338 3351 404 3395 Ithlrlt
422 3349 443 3398 h.
465 3352 504 3398 Tu.
576 3335 589 3374 ‘¹
609 3353 641 3398 Tu
660 3354 764 3400 Paulum
786 3356 851 3402 nosti
872 3356 945 3414 Legis
966 3370 1058 3402 sar-rue.
1130 3349 1141 3374 ¹¹
1160 3353 1215 3400 Lib.
1239 3367 1296 3398 uov.
1316 3350 1364 3395 und
1383 3351 1416 3395 l‘:
1435 3357 1561 3396 mereunt.

308 3537 364 3604 ct.
387 3537 430 3606 ll.
444 3540 632 3608 unh'rben.
715 3542 861 3624 (tlotha.
892 3537 1612 3618 anschanndelbtldu.llcrbst1508.)

379 3650 439 3698 Mnt.
457 3652 568 3709 hugriisst
589 3654 615 3698 lu
635 3655 872 3700 sehurcichcllralteu
892 3654 1054 3700 Arusdri'tclten
1074 3655 1122 3699 den
1138 3653 1223 3698 l'rban
1242 3652 1292 3697 urrd
1314 3651 1387 3696 hittet
1409 3651 1461 3709 ihu,
1481 3651 1535 3696 dom
1554 3653 1614 3709 Spa·

308 3721 369 3766 latin
389 3722 452 3767 uttclr
469 3723 595 3770 lerncrhiu
614 3724 714 3784 perucipt
732 3739 760 3770 zu
780 3725 839 3770 scin.

386 3819 522 3886 Henrico
545 3822 701 3888 Urbano
721 3819 881 3886 blutianus
904 3821 1010 3886 llut‘us.

389 3927 418 3986 ὃ.
462 3924 553 4006 Cura,
576 3937 610 3989 ut
631 3923 686 3989 diu
709 3923 916 3989 benevaleas.
960 3923 1029 4006 Ege
1051 3933 1081 3989 te
1100 3924 1210 4005 diligo.
1243 3922 1296 3987 ‘Es
1307 3923 1391 3987 eninr
1404 3921 1613 3986 conrnrunium

307 4025 480 4091 studiorum
503 4027 552 4090 vel
575 4027 747 4108 singularis
768 4033 904 4105 amator,
935 4027 978 4090 ad
1005 4026 1064 4091 hec
1086 4026 1241 4090 humanus
1262 4035 1294 4090 et
1314 4025 1459 4090 disertus.
1501 4021 1614 4086 Cetera

308 4135 466 4208 pretereo,
494 4148 555 4210 (pte
582 4129 712 4193 nrultunr
734 4127 839 4192 laudis
860 4129 987 4194 habent.
1030 4129 1097 4194 Nos
1118 4130 1268 4194 ralenrns.
1310 4127 1510 4209 Spalatirrum
1532 4144 1615 4203 ama,

307 4229 541 4296 liberalissimus
561 4238 617 4296 cst.
662 4231 748 4295 Valc.

378 4355 559 4402 lluutlschriltl.
581 4355 601 4399 F
621 4353 652 4400 6t
673 4355 714 4401 sol.
734 4353 796 4401 utin.

372 4511 378 4551 ¹
405 4512 469 4566 Mun
497 4530 571 4566 irrues
589 4513 755 4576 anuehnreu,
777 4513 839 4566 dass
860 4512 1003 4567 Friedrich
1024 4513 1052 4567 d.
1074 4513 1118 4567 W.
1140 4513 1228 4566 ‹lrrrrh
1248 4531 1342 4583 grosse
1362 4510 1613 4581 Versprechungen

308 4595 355 4650 ihu
378 4593 516 4650 eorwoder
536 4593 577 4647 als
596 4591 689 4648 scinen
709 4591 763 4647 Rat
774 4593 840 4648 oder
860 4593 901 4647 als
918 4594 1062 4648 Professor
1081 4595 1153 4648 uach
1164 4592 1344 4666 Wittenberg
1361 4590 1478 4647 heruteu
1490 4589 1593 4646 wollte.
