3625 5192
324 368 375 427 scs
475 369 701 444 Berichtigungen
720 355 773 430 lirici
791 353 944 444 Nachtrige
962 392 995 432 zu
1015 377 1067 433 den
1086 376 1220 447 Beigaben
1239 377 1286 434 des
1306 377 1475 438 Brieitextcs.

323 560 426 614 quaque
443 544 520 610 louge
537 545 644 612 iateque
662 545 705 612 (ut
725 542 868 613 quondam)
893 545 921 600 in
940 545 1047 602 Prussia
1069 547 1230 603 dominatur.
1267 547 1392 616 eramris
1416 551 1484 605 bona
1504 567 1563 620 spes
1585 555 1628 605 est

322 627 350 680 in
368 624 490 679 manibus
508 625 542 678 do
558 625 709 678 reducendo
731 626 766 677 ad
789 625 909 680 ordinem
928 627 1024 680 amisso
1047 628 1152 695 iamque
1176 628 1203 682 iu
1227 634 1350 696 optatum
1372 629 1451 685 linem
1473 630 1627 686 incumbere

322 707 428 759 ridetur
445 704 499 758 ista
517 705 597 771 ionga
613 702 685 757 iuter
704 720 793 770 regem
807 703 952 773 Poioniect
971 708 1090 760 ordinem
1105 707 1271 761 dissidentia.
1308 709 1432 763 Oracouie
1449 710 1513 778 quid
1531 725 1626 775 nuper·

322 787 390 839 rime
407 788 498 839 actum
516 783 561 849 sit,
575 783 604 835 in
624 783 734 837 secretis
753 788 794 836 est
813 800 861 838 uec
878 785 959 838 scribi
977 790 1072 853 potest.
1109 786 1152 839 Ad
1170 787 1319 855 proximum
1339 788 1393 842 dtu
1413 788 1524 843 ioannis
1542 786 1625 842 alium

318 870 480 919 conventum
499 863 599 916 ibidem
616 861 770 925 ridebimus,
790 863 833 916 cui
853 868 882 916 et
900 881 943 918 me
963 864 1090 920 interesse
1109 881 1214 920 nooesse
1232 866 1292 919 orit.
1328 867 1379 921 iiic
1403 867 1462 921 linis
1484 868 1634 930 malorum,

322 945 365 998 hic
383 943 472 998 exitus
493 942 554 996 erit.
591 940 659 994 Tum
681 957 738 996 sese
758 941 827 1009 ipsa,
849 959 900 1010 que
918 959 988 997 niune
1006 950 1110 998 secreta
1129 950 1203 1008 suunt,
1227 947 1341 1013 prodent
1364 953 1514 1015 possetque,
1537 949 1558 1002 si
1584 955 1625 1006 ita

322 1023 444 1088 cesserit,
462 1022 507 1090 (ut
527 1020 593 1075 nibil
612 1019 716 1084 cubito)
738 1019 832 1074 melior
849 1037 896 1088 pro
915 1023 1021 1076 homine
1043 1023 1125 1076 libem
1148 1024 1176 1076 in
1196 1023 1303 1078 Priusia
1325 1031 1413 1080 status
1435 1032 1484 1080 aut
1506 1031 1625 1085 condicio

322 1102 418 1157 offerri.
453 1102 505 1156 Sed
522 1115 572 1168 ego
589 1116 641 1153 uon
658 1107 716 1154 tam
735 1099 888 1154 barbariam
906 1101 1001 1154 horum
1015 1103 1149 1156 hominum
1168 1103 1211 1170 (ut
1228 1110 1292 1156 suut
1310 1105 1345 1157 ad
1365 1105 1458 1158 literas
1477 1107 1553 1173 qussi
1572 1107 1624 1160 ὄνοι

322 1177 381 1252 πρὶς
398 1176 485 1249 λύραν)
503 1195 582 1248 quam
600 1194 685 1232 morea
703 1184 732 1233 ot
749 1180 966 1234 consuetudinem
983 1181 1051 1235 terre
1067 1197 1177 1250 possum,
1216 1182 1345 1248 Quocirca
1361 1199 1466 1238 summa
1483 1186 1626 1255 diligentia

322 1257 474 1316 incumbere
496 1259 566 1328 apud
589 1256 735 1326 principem
753 1275 841 1312 meum
865 1275 917 1312 non
936 1260 1045 1322 desisto,
1070 1267 1101 1314 ut
1121 1261 1200 1314 istam
1226 1261 1291 1314 mibi
1315 1263 1501 1330 desyderatam
1521 1280 1624 1330 quermo-

323 1341 453 1396 tationem
467 1337 754 1405 admittattaveatqne.
790 1338 915 1404 Quamvis
925 1337 1040 1395 difficile.
1063 1338 1090 1392 id
1100 1356 1169 1392 rrunc
1179 1355 1327 1407 consequor.
1365 1341 1515 1409 (bnseqrrar
1534 1349 1626 1400 tamen

321 1422 379 1474 sine
401 1419 489 1472 rirrbio.
529 1415 596 1470 Nolo
618 1416 690 1470 enim
713 1417 794 1470 istam
817 1417 933 1470 viridem
961 1418 1097 1472 iuuentem
1119 1418 1159 1472 ita
1181 1419 1277 1472 misere
1303 1421 1427 1485 perdere,
1457 1427 1538 1476 tutet
1561 1439 1626 1492 pau·

318 1500 411 1554 cilium
438 1498 478 1564 id,
506 1496 635 1561 (simodo
653 1495 753 1563 aliquid
771 1495 824 1559 est)
851 1498 920 1564 quod
952 1497 979 1550 in
1004 1496 1089 1550 literis
1112 1513 1228 1566 urrrquam
1250 1505 1438 1565 consequutus,
1464 1499 1625 1556 infoeliciter

321 1578 453 1634 amittam.
488 1575 548 1629 Nou
570 1576 643 1629 enim
667 1577 734 1628 edco
756 1575 863 1642 penitus
889 1592 932 1630 me
954 1576 1040 1644 ipsum
1062 1593 1155 1629 exosus
1178 1593 1248 1644 surm,
1274 1582 1304 1630 ut
1328 1578 1464 1644 negligere
1487 1581 1577 1644 rclim,
1602 1582 1625 1633 si

320 1658 418 1727 possim
435 1671 548 1710 serrare.
584 1653 661 1707 Nunc
679 1659 755 1706 tuum
774 1653 836 1717 erit,
856 1654 1006 1722 Spalatine.
1026 1655 1108 1708 talem
1127 1659 1154 1708 te
1172 1654 1281 1709 Eobauo
1300 1660 1346 1708 tuo
1364 1657 1500 1725 exhibere,
1518 1659 1625 1727 qualem

320 1735 478 1792 consuevisti
496 1749 608 1802 semper,
626 1738 654 1786 et
672 1732 770 1796 irruere,
790 1738 920 1800 quantum
938 1739 1022 1801 potes,
1041 1739 1115 1788 tuam
1129 1749 1236 1799 operam
1255 1735 1435 1788 advocantem.
1465 1736 1577 1805 Magnus
1596 1754 1626 1792 es

320 1822 350 1871 et
367 1814 475 1870 eruditus
497 1814 567 1879 apud
585 1811 716 1879 Regulum
740 1817 816 1865 terrum
838 1812 933 1866 ducem
952 1811 1108 1866 Federicum
1133 1830 1156 1881 p.
1177 1828 1200 1878 p.
1221 1811 1456 1880 Moecenatemque
1474 1821 1625 1869 nostrorum

321 1903 477 1964 temporum.
518 1892 641 1945 incumbe
663 1891 820 1958 diligenter,
846 1890 869 1943 si
891 1897 980 1959 posset
1003 1891 1092 1959 aliqua
1114 1892 1180 1944 milri
1203 1892 1330 1958 prelcctio
1355 1892 1460 1959 plublice
1484 1894 1623 1949 destinari.

321 1976 364 2028 Ad
381 1972 547 2042 gymnasium
569 1969 652 2024 enim.
674 1985 727 2022 non
750 1971 785 2023 ad
803 1971 892 2023 auiam
912 1970 1007 2038 espiru.
1048 1971 1219 2038 Adiutorem,
1240 1977 1317 2038 puto,
1340 1971 1449 2024 lrnlebis
1473 1973 1623 2028 llutiunum

321 2052 430 2118 iiuium,
458 2057 600 2118 patronum
623 2049 760 2116 utriusque
782 2053 902 2102 nostrum
928 2054 1067 2117 optuurum
1089 2065 1307 2117 mucronemque,
1336 2050 1467 2104 hominem
1492 2067 1542 2106 uon
1572 2055 1624 2106 nisi

320 2148 424 2186 summa
440 2146 501 2183 cum
518 2128 670 2182 reverentia
686 2127 754 2181 mibi
774 2128 972 2181 nominandum.
1009 2128 1094 2182 Favet
1107 2129 1130 2181 is
1142 2129 1246 2194 ingenio
1258 2146 1324 2188 meo.
1346 2129 1417 2184 favet
1437 2131 1532 2193 studio,
1551 2132 1623 2186 iavet

320 2211 397 2279 etati.
433 2208 507 2261 Nihil
527 2207 719 2275 pretermittet,
738 2206 805 2272 scio,
829 2207 873 2261 ubi
892 2207 1010 2260 erudierit
1027 2214 1115 2262 vestre
1138 2223 1180 2260 rue
1205 2206 1325 2275 indigere
1343 2223 1432 2275 opere.
1468 2210 1571 2263 Scribet
1588 2212 1624 2264 ad

321 2290 475 2357 principem,
492 2287 602 2340 accedet
619 2286 716 2343 etiam,
741 2285 764 2338 si
782 2286 874 2339 licebit
895 2301 943 2353 per
966 2288 1141 2344 cesssionem,
1168 2287 1322 2354 rogabitque
1341 2286 1480 2340 Eolranum
1504 2288 1567 2341 olim
1589 2291 1623 2342 de

321 2387 350 2424 se
371 2385 424 2422 rron
446 2364 653 2435 postremissimo
676 2365 868 2419 benemeritum
892 2367 1061 2432 aliquatenus
1088 2365 1205 2433 gratiose
1227 2365 1360 2434 respiciat.
1402 2366 1517 2432 Rogabis
1541 2373 1570 2421 et
1592 2373 1623 2421 tu

322 2447 508 2518 (quantumin
528 2444 638 2508 tuerit)
657 2444 795 2512 Spaietine
813 2444 1010 2507 humanissime,
1030 2445 1129 2511 optime
1147 2444 1325 2512 maximeque,
1344 2444 1498 2514 principem,
1517 2447 1623 2514 aliquod

320 2528 388 2583 milri
401 2524 563 2594 stipendium
577 2523 638 2576 istic
657 2525 728 2590 spud
746 2523 915 2576 scholasticos
934 2523 1037 2576 labores
1053 2523 1177 2590 assignet.
1215 2523 1303 2577 Habes
1321 2529 1443 2588 preterea
1460 2540 1550 2578 rerum
1565 2542 1623 2578 nos·

321 2616 425 2663 lrarrrm
442 2605 575 2659 tbrrtorem
593 2602 647 2655 imo
664 2606 708 2667 (ut
727 2602 812 2670 spero)
830 2606 1008 2670 promotorem
1028 2603 1162 2655 (lectorem
1185 2601 1357 2665 Birmosum,
1381 2603 1466 2656 virum
1484 2603 1623 2672 optimum,

320 2685 537 2752 integerrimum,
558 2680 753 2744 doctissimum,
777 2681 821 2748 qui
844 2681 866 2732 si
885 2681 1054 2748 Spaiutluum
1077 2681 1105 2733 in
1128 2683 1302 2749 promovendo
1324 2681 1431 2736 lloirsno
1454 2685 1532 2751 tqrrod
1556 2684 1623 2738 uilrii

319 2766 413 2820 dubito
430 2779 491 2816 eum
509 2760 654 2821 iacturum)
671 2758 818 2819 adiuverit,
841 2759 951 2812 habebit
974 2759 1025 2811 sibi
1047 2766 1175 2827 perpetuo
1199 2757 1324 2813 beneficio
1346 2760 1498 2815 deuinctum
1516 2769 1623 2828 poetam

321 2850 473 2899 vestratem,
492 2856 569 2908 quem
586 2844 617 2891 tu
635 2838 729 2905 quanti
747 2837 838 2904 facias,
857 2837 933 2891 testis
954 2838 1002 2890 libi
1024 2838 1078 2905 ipse
1097 2838 1230 2906 proximus
1250 2854 1285 2891 es.
1322 2839 1406 2892 Parvo
1419 2846 1622 2908 contentusero,

320 2924 398 2978 mooe
415 2922 495 2973 detur
511 2920 547 2972 ad
564 2917 740 2970 litteratiores
749 2916 842 2970 literas
859 2917 970 2970 reditus.
1007 2917 1074 2969 Surut
1094 2917 1144 2981 hic,
1162 2916 1206 2984 qui
1221 2932 1264 2969 me
1278 2917 1362 2969 merito
1376 2918 1458 2983 pluris
1475 2919 1523 2972 sibi
1547 2921 1623 2988 quusi

319 3016 438 3056 coemere
457 2999 574 3066 cupiant..
610 2995 662 3048 Sed
680 3012 732 3048 non
750 2996 898 3063 acquiesco.
923 2995 985 3062 quia
1005 2995 1110 3048 lierberi
1129 2995 1181 3047 isti.
1219 2995 1342 3062 Grecosiq
1365 2997 1391 3048 iu
1414 2998 1566 3066 academico
1583 3015 1623 3052 so-

320 3079 443 3135 dalitatis
464 3075 605 3144 collegium
626 3074 744 3128 adscitum
767 3074 929 3140 surbteriugi,
958 3089 1008 3126 non
1036 3075 1122 3141 sprevi
1146 3074 1263 3126 oblatum
1286 3075 1473 3130 condicionem.
1516 3077 1622 3143 Quiete?

320 3164 386 3214 b'rrm
408 3155 529 3211 barbaris
552 3155 640 3207 vis'ere
664 3153 820 3206 iamdudum
841 3153 977 3206 dediscere
1003 3153 1087 3220 cupio.
1129 3153 1197 3206 lstss
1220 3153 1292 3205 enim
1315 3154 1455 3207 exterioris
1479 3155 1622 3222 Germanic

320 3242 411 3307 partes
432 3235 484 3288 iam
508 3249 559 3286 non
584 3237 648 3300 puto
670 3247 726 3285 esse
745 3231 880 3291 burburus,
897 3230 960 3299 quia
980 3235 1015 3294 te,
1034 3231 1096 3298 qnia
1114 3231 1279 3294 illutisnum,
1302 3231 1355 3284 imo
1377 3233 1441 3300 quia
1462 3232 1622 3302 Spalatiuos,

319 3313 525 3384 quiailiutienos
544 3312 664 3379 gignunt.
692 3309 909 3363 Transmisissem
927 3327 986 3363 curn
999 3310 1166 3378 presentibus
1183 3309 1303 3376 amicicie
1322 3319 1411 3378 nostre
1434 3311 1623 3376 testimonium,

320 3393 468 3449 encomium
488 3391 624 3449 videlicet,
641 3391 722 3457 quod,
745 3405 806 3442 cum
829 3404 912 3442 essem
931 3389 1056 3443 bracerio
1079 3388 1107 3440 in
1129 3389 1230 3456 nuptiis
1248 3388 1329 3456 regiis
1347 3405 1422 3442 uersu
1441 3390 1545 3443 heroico
1563 3391 1621 3447 lusi.

319 3475 369 3528 Sed
386 3473 451 3542 ipae,
468 3486 552 3539 spero,
566 3469 676 3523 alienam
695 3469 745 3522 tibi
763 3474 793 3522 et
812 3469 862 3521 boc
879 3468 965 3536 ipsum
984 3473 1013 3520 et
1031 3468 1085 3521 ulia
1103 3468 1196 3520 multa.
1231 3467 1294 3521 Jam
1313 3472 1367 3520 tros
1387 3469 1450 3522 anni
1468 3474 1538 3532 sunt,
1558 3469 1622 3522 cirum

319 3555 348 3607 in
367 3551 511 3607 scribendis
529 3550 658 3617 Epistulis
672 3547 838 3611 Hemidibus,
856 3547 982 3600 videlicet
990 3546 1158 3612 Christianis,
1179 3552 1323 3614 occupatus
1340 3561 1398 3600 sum
1415 3547 1529 3612 simiam,
1548 3557 1622 3616 puto,

319 3631 407 3686 Ouidii
425 3630 548 3684 reterens.
584 3627 711 3681 Probabis
733 3632 764 3681 tu
784 3627 833 3681 hoc
851 3642 915 3692 opus
933 3631 1064 3690 nostmm,
1089 3625 1133 3678 uid
1156 3625 1253 3678 rideris
1275 3627 1333 3692 pius
1355 3643 1433 3694 quem
1457 3627 1511 3680 alis
1533 3629 1622 3682 omniu

320 3713 447 3765 hacteuus
464 3725 482 3761 a
498 3721 541 3761 me
558 3723 675 3761 excussa.
707 3707 750 3760 ita
772 3723 789 3760 a
809 3721 853 3760 me
871 3707 1003 3758 diversum
1023 3704 1162 3772 multiplex
1181 3709 1210 3757 ct
1229 3703 1356 3758 luimriose
1379 3706 1463 3759 etiam
1485 3705 1622 3774 eilirrgitur

318 3804 421 3844 summo
437 3793 510 3841 certe
523 3785 619 3854 studio,
636 3786 762 3839 mediocri
782 3790 873 3838 tamen
891 3786 952 3851 l'que
965 3800 1025 3836 mea
1039 3783 1196 3836 iniusticitas
1206 3785 1259 3842 cst)
1278 3782 1390 3850 ingenio.
1427 3784 1465 3836 Mi
1476 3785 1620 3852 Spalatine,

320 3885 370 3922 non
389 3866 495 3920 omnino
512 3864 540 3919 in
559 3864 610 3916 biis
627 3865 730 3918 nebulis
747 3864 863 3926 secutio,
883 3879 935 3917 rron
953 3862 1060 3930 penitus
1080 3862 1105 3914 iu
1126 3863 1176 3915 bac
1193 3867 1271 3914 nocte
1289 3861 1397 3915 dormio.
1434 3864 1513 3916 Adsis
1535 3866 1620 3926 modo,

319 3945 476 4012 Germanice
485 3960 591 4013 poeseos
599 3959 693 3998 nomen
703 3945 777 3996 nobis
787 3942 990 3996 vendicabimus.
1009 3939 1213 4006 'iecrrmloquoc
1237 3942 1311 4008 Apud
1323 3941 1621 4010 propoissem'mistius·

319 4026 390 4079 modi
410 4039 573 4092 nequequam
592 4023 763 4091 predicarem.
799 4023 943 4089 Egregium
962 4035 1022 4073 uero
1041 4021 1146 4073 larrdem
1165 4019 1286 4087 etspolia
1303 4021 1392 4088 smpla
1409 4021 1622 4076 immortalitatis

319 4104 474 4173 reportabis,
492 4104 514 4154 si
534 4102 583 4156 hcc
602 4102 629 4154 in
644 4119 673 4155 re
687 4118 734 4170 pro
749 4101 818 4154 virili
830 4107 876 4154 tua
894 4115 937 4153 me
955 4099 1096 4152 adiuveris.
1132 4097 1190 4150 Scio
1201 4097 1272 4150 vobis
1282 4099 1373 4153 amicis
1384 4100 1457 4164 meis,
1472 4100 1621 4154 bominibus

318 4199 473 4252 magnorum
500 4181 643 4245 noninum,
663 4182 734 4248 apud
758 4181 822 4233 istos
844 4179 973 4232 semideos
999 4177 1065 4230 nihil
1088 4193 1144 4230 esse
1164 4177 1332 4244 impossibile.
1368 4179 1498 4233 Reducite
1520 4181 1554 4233 ati
1576 4167 1640 4232 sutus⁸

319 4263 458 4317 Eeiranum
476 4266 600 4314 restrum.
635 4259 778 4314 Habebitis
795 4257 987 4326 expeditiorem
1005 4271 1083 4322 quem
1104 4259 1186 4308 aulea
1212 4261 1241 4308 ot
1263 4256 1371 4310 laudum
1396 4263 1543 4312 vestrarum
1562 4275 1619 4326 pre·

319 4358 410 4396 rorem
428 4339 582 4393 indesidem.
619 4342 684 4406 Age,
705 4354 776 4400 cura,
797 4337 900 4391 enitere
910 4351 1012 4388 summa
1021 4349 1079 4402 oque,
1094 4339 1122 4386 et
1141 4334 1168 4385 in
1179 4349 1368 4402 quemcumque
1383 4341 1485 4403 partem
1501 4337 1619 4400 cesserit,

319 4421 441 4484 rescribe,
462 4417 656 4486 quamprimum
675 4422 761 4483 potes,
783 4420 814 4468 ut
832 4416 922 4467 sciam.
958 4415 999 4466 dd
1020 4413 1211 4466 Peutbecosteu
1231 4413 1317 4466 adibit
1333 4431 1380 4468 nos
1398 4415 1462 4468 ciris
1481 4415 1619 4484 iuuencis

320 4502 366 4567 tad
388 4516 465 4567 quem
494 4499 541 4550 iras
563 4496 730 4563 perferendas
758 4495 858 4560 tilr'que
886 4493 1035 4546 reddendus
1063 4491 1162 4551 curauit
1192 4491 1296 4546 nomine
1320 4493 1464 4547 ludovicus
1486 4499 1619 4547 b'umrucr·

318 4579 447 4646 aebaueu,
471 4582 574 4633 seretur
595 4576 720 4631 habitans
742 4575 770 4628 in
788 4575 878 4644 platee
898 4573 975 4640 rrdgo
994 4571 1143 4625 lieretrass.
1184 4571 1250 4626 com
1273 4588 1316 4641 oo,
1344 4573 1367 4626 si
1390 4579 1475 4641 potes,
1504 4575 1543 4627 rol
1567 4573 1620 4628 hiis
