3625 5192
693 343 784 397 Briclc
803 342 923 398 Mutians
944 343 1003 396 307.
1450 345 1501 400 401

189 496 330 556 scentem
357 490 556 558 familiariter
581 499 614 556 et
641 491 731 556 onice
757 491 906 554 dilectum
935 511 969 556 se
997 491 1144 556 incolomi
1171 491 1319 556 iniuriam
1346 493 1501 576 accipere.

190 593 262 657 Pari
284 593 429 675 exemplo
451 593 712 658 calumniatorum
722 612 859 658 meorum
875 593 1077 660 insolentiam
1099 595 1237 658 oratoria
1258 595 1501 661 comminatione

190 703 232 770 et,
253 696 281 759 si
302 714 382 779 opus
404 696 466 760 erit
485 694 634 778 presidio,
658 696 774 760 forensi
796 695 972 761 calliditate
993 697 1175 779 depressam
1198 715 1335 760 exarma.
1368 696 1501 762 Virtutis

191 803 240 862 est
259 797 402 879 improbo
423 798 625 862 convitiatori
646 798 793 864 resistere
820 808 852 862 et
872 798 953 863 tueri
975 799 1182 862 innocentem.
1225 799 1394 880 Postquam
1424 800 1501 863 ima-

190 899 281 980 gines
291 899 469 988 gentilitias
488 901 575 981 greci
590 901 806 981 legumlatoris
823 901 1010 966 auctoritate
1028 900 1237 983 pulcherrima
1258 900 1501 982 quardrilariam

191 1003 408 1073 exornaveris,
435 1001 572 1066 inscribe
594 1003 840 1086 supereminenti
859 1005 969 1087 spacio
995 1003 1094 1068 verba
1122 1001 1195 1076 hec,
1225 1023 1286 1084 que
1314 1011 1501 1085 sequuntur:

192 1103 376 1169 Herebordo
398 1103 597 1187 philosopho,
619 1107 733 1169 oratori
757 1113 789 1168 et
811 1105 1022 1171 iureconsulto
1043 1105 1196 1170 Gerlacus
1211 1104 1402 1186 hlargaritos
1425 1105 1501 1168 Leo-

192 1205 323 1287 borgius
350 1205 567 1271 vicedominus
593 1206 658 1270 lilio
685 1214 716 1271 et
747 1207 896 1272 familiari
932 1205 1124 1273 bibliothece
1153 1207 1304 1272 militaria
1334 1208 1428 1290 sigua
1454 1207 1503 1271 uir

192 1308 365 1388 singularis
390 1307 482 1390 quasi
504 1309 686 1373 solemniter
711 1309 938 1394 conspicienda
963 1311 1134 1394 proposuit.
1181 1309 1270 1372 Nihil
1299 1308 1396 1390 adde,
1423 1308 1502 1372 nihil

192 1408 331 1474 detrahe.
383 1409 486 1475 Patris
511 1411 649 1475 ambicio
676 1412 795 1494 gaudet
821 1414 1032 1477 ostentatione
1061 1421 1092 1477 et
1118 1431 1235 1496 pompa
1263 1411 1427 1477 verborum
1457 1413 1502 1475 in-

193 1512 310 1576 anium.
353 1511 506 1577 Concisus
520 1515 638 1592 titulus,
660 1514 718 1579 scd
737 1515 937 1579 examinatus
952 1511 1050 1596 proba
1061 1515 1181 1596 regola,
1204 1513 1322 1592 aridus,
1341 1512 1398 1578 sed
1410 1532 1502 1576 succo

192 1633 253 1677 non
277 1633 396 1678 carens.
438 1615 473 1680 Si
495 1615 656 1682 inflareris
680 1626 779 1682 utrem
806 1625 840 1682 ut
867 1617 987 1699 turgidi
1016 1618 1116 1702 patris
1145 1617 1283 1681 tumidus
1304 1615 1404 1695 lilius,
1431 1617 1502 1688 eris,

193 1715 226 1778 ni
251 1715 358 1788 fallor,
385 1718 532 1782 omnibus
559 1717 743 1783 deridiculo.
791 1719 861 1797 Quo
886 1719 944 1784 tibi
976 1719 1081 1784 inanis
1109 1718 1237 1801 gloria?
1278 1716 1379 1784 Crede
1408 1715 1502 1781 mihi:

193 1817 245 1899 qui
267 1837 302 1882 se
323 1827 420 1899 amat,
441 1821 615 1904 negligitur
636 1828 667 1885 et
690 1821 911 1904 prudentiores
925 1821 1049 1885 dicunt:
1072 1820 1156 1886 unde
1178 1828 1309 1903 repente
1330 1819 1421 1884 nobis
1443 1818 1503 1882 iste

192 1919 333 1984 Graccus
354 1929 385 1986 et
407 1922 541 1988 Scerola
562 1924 774 1988 mercenarius
795 1923 942 1988 emersit?
984 1923 1046 1989 Cur
1067 1941 1146 2007 puer
1164 1921 1281 1986 attollit
1293 1921 1502 1986 Catonianum

191 2023 416 2104 supercilium?
467 2025 695 2110 intempestiva
721 2025 901 2090 dominacio
933 2027 1004 2091 sine
1035 2025 1219 2108 municipali
1255 2023 1406 2106 suffragio
1440 2042 1501 2086 non

192 2124 326 2206 proicit,
347 2125 405 2190 sed
425 2121 541 2191 delicit.
585 2129 634 2194 Ne
650 2128 730 2193 velis
746 2129 911 2213 superbire
932 2135 964 2194 et
986 2146 1096 2212 puram
1118 2127 1338 2208 sinceramque
1358 2124 1502 2206 gloriam,

163 2305 168 2315 ι
192 2245 286 2306 quam
308 2228 446 2293 studium
469 2237 501 2293 et
523 2230 715 2295 verecundia
737 2231 829 2314 parit,
852 2231 914 2295 ista
937 2239 991 2295 tna
1011 2217 1170 2294 iactancia
1192 2229 1277 2294 velut
1299 2229 1418 2312 impetu
1441 2235 1503 2290 tor·

193 2328 261 2393 bidi
289 2327 429 2396 fluminis
457 2333 650 2414 extinguere.
702 2332 785 2410 Quid
807 2332 937 2416 prodest
964 2333 995 2397 in
1018 2333 1101 2412 foro,
1132 2330 1289 2411 incuria,
1316 2331 1349 2394 in
1371 2329 1503 2394 libraria

192 2451 263 2526 sese
284 2432 434 2516 clypeare
455 2426 598 2500 ac'bona
618 2434 816 2520 dilapidare,
844 2456 907 2500 non
937 2435 1119 2520 providere,
1146 2433 1222 2516 quid
1253 2433 1317 2498 dici
1343 2432 1444 2517 possit
1472 2437 1504 2497 et

193 2534 294 2598 soleat
320 2534 353 2598 in
386 2542 604 2602 ostentatores.
652 2537 729 2602 Esto
761 2557 881 2619 gnarus
909 2538 1013 2621 opella
1047 2537 1194 2610 i'orensis,
1226 2536 1330 2600 saluta
1364 2533 1503 2614 comiter,
1562 2565 1565 2572 ·

194 2635 308 2699 fastum
330 2638 453 2702 remitte
475 2639 699 2722 popularitatis
721 2639 893 2702 studiosior
913 2637 1159 2720 quamgloriole.
1201 2637 1268 2702 Hec
1289 2643 1439 2721 precepta
1452 2636 1503 2700 vel

193 2737 299 2820 potius
326 2738 570 2818 adhortamenta
596 2749 749 2825 perpetuo
782 2741 840 2805 tibi
872 2747 945 2803 ante
976 2740 1083 2804 oculos
1116 2745 1148 2804 et
1167 2739 1199 2802 in
1232 2746 1379 2823 promptu
1409 2744 1501 2803 sunto

194 2838 324 2904 Rectum
346 2849 395 2905 est
415 2840 476 2934 hoc
496 2841 658 2922 iudicium,
677 2863 717 2908 ne
739 2843 846 2907 l‘orsan
860 2863 898 2907 ex
910 2841 1081 2924 Pyrrhonis
1102 2841 1204 2906 heresi
1225 2848 1257 2906 et
1278 2839 1410 2922 ignobili
1431 2839 1501 2905 ocio

193 2941 382 3006 dennabasse
408 2943 467 3007 tibi
495 2943 700 3027 persuadeas.
748 2943 814 3008 Nos
846 2945 925 3009 satis
953 2943 994 3009 ad
1021 2943 1146 3008 laudem
1173 2943 1277 3008 lacere
1303 2943 1501 3015 arbitramur,

164 3043 277 3125 'quod
297 3052 329 3112 te
348 3044 579 3129 philosophum,
601 3053 765 3127 oratorem,
787 3046 1012 3131 iurisperitum,
1034 3055 1156 3130 patrem
1179 3065 1253 3110 vcro
1273 3045 1374 3109 virum
1396 3047 1502 3126 singu-

171 3144 290 3210 ·larem
321 3147 529 3230 appellamus.
572 3149 637 3214 Sed
663 3149 755 3233 plura
779 3149 925 3214 tribuam.
973 3149 1008 3213 In
1037 3148 1124 3214 calce
1151 3147 1325 3232 spectaculi
1356 3147 1402 3211 tui
1430 3166 1501 3212 oon-

192 3250 299 3330 stitue‚
320 3248 348 3314 si
370 3251 484 3334 placet,
505 3249 600 3316 hosce
621 3250 700 3317 dnos
721 3269 844 3316 versus:

433 3374 623 3456 Margaritos
644 3374 795 3440 decorant
815 3374 992 3439 castrensia
1011 3373 1106 3456 signa
1126 3373 1234 3439 leones

394 3475 435 3540 Et
456 3477 553 3541 studii
574 3478 665 3541 testis
686 3476 793 3557 gloria
809 3484 902 3560 parta
923 3476 997 3540 foro.

272 3598 517 3664 absolutissima
538 3600 608 3664 laus
633 3599 734 3683 altera
755 3599 847 3680 belli,
873 3600 974 3664 altera
993 3600 1101 3683 pacis,
1128 3598 1229 3663 altera
1250 3599 1380 3679 equitis,
1402 3600 1501 3663 altera

193 3701 327 3766 oratoris
361 3700 504 3765 consulti.
558 3700 700 3782 Utraque
733 3701 885 3764 confluxit
920 3701 953 3764 in
983 3700 1112 3765 'domum
1149 3707 1245 3764 tuam.
1302 3701 1502 3785 Quapropter

194 3804 322 3885 energie
344 3803 619 3886 plenumelogium
632 3803 756 3882 habeto,
777 3804 803 3866 si
822 3803 966 3885 superius
977 3802 1095 3867 tradita
1116 3781 1261 3886 respuab:
1354 3891 1358 3898 ἢ

671 3925 757 3990 Ense
779 3927 889 4008 patris,
911 3926 984 3990 stilo
1006 3925 1063 3989 filii

642 4027 737 4091 Parta
755 4027 845 4108 genti
865 4027 1004 4092 claritas.

272 4152 366 4217 Nunc
386 4152 515 4217 tandem
536 4153 609 4217 vale
634 4157 666 4216 et
693 4150 853 4214 laureatus
878 4151 1040 4235 triumpha
1065 4152 1147 4217 inter
1172 4153 1356 4236 pompatica
1382 4155 1501 4218 l'ercula

192 4254 306 4338 clypeo
326 4255 456 4320 militari
480 4254 611 4338 prelato.

276 4358 338 4421 llll
359 4357 517 4423 Calendas
539 4355 751 4440 Septembres.

264 4454 446 4527 saumonem.
464 4481 485 4526 n
500 4479 550 4527 sna
572 4480 611 4525 or.
625 4478 819 4528 mur-atae

740 4639 939 4647 ——ua

241 4681 405 4732 amanam.
416 4683 438 4722 u.
448 4681 484 4722 rr.
496 4679 518 4722 s.
527 4681 608 4724 xum.
