3625 5192
279 358 284 365 ·
328 345 381 400 398
710 329 970 418 llaschielrtsquellen
989 349 1038 402 der
1054 325 1129 403 Pron.
1149 329 1272 404 Ssclracn.

247 566 252 574 .
326 496 442 577 quibus
456 509 540 560 nnuc
556 511 660 576 pauca
678 494 793 560 dicam.
837 497 942 560 Bonus
966 499 1117 580 vir-petit
1144 505 1176 564 et
1197 503 1303 581 sperat
1324 504 1358 562 ut
1370 499 1425 580 qui
1443 494 1583 564 maxime
1604 503 1637 564 et

328 599 613 683 impacientissime
633 597 840 678 dignissimus
861 619 898 662 eo
920 600 1000 682 ipse,
1021 599 1105 682 quod
1126 609 1189 664 tam
1202 601 1307 680 anxie,
1328 601 1550 681 tamsollieite,
1572 609 1636 666 tarn

326 701 381 766 diu
401 701 518 764 frustra
539 699 619 782 petit
638 709 670 762 et
691 706 807 782 sperat.
849 699 884 764 Si
897 699 1034 764 solidum
1046 701 1202 766 Nitlrardo
1224 704 1426 766 numeraresl
1447 709 1479 767 et
1499 704 1635 790 amicum
1746 783 1747 788 ἵ

326 803 448 869 iaceres
469 803 532 866 voti
555 808 746 884 compotem,
773 809 897 882 gratum
924 803 957 866 id
978 803 1070 884 mihi,
1097 803 1160 867 imo
1187 804 1368 885 gratissimo
1393 805 1525 884 gratius.
1566 805 1636 898 Ego

327 905 498 970 nihil-auri
521 903 674 967 custodio.
716 902 824 966 Testis
851 904 930 967 milri
957 904 1055 983 Deus,
1081 906 1107 968 si
1136 905 1299 987 haberem,
1328 912 1441 988 sponte
1470 925 1541 972 mea
1567 927 1635 990 pre-

226 1029 232 1036 ·
325 1010 447 1073 ferrem.
488 1005 579 1070 Adeo
600 1023 675 1068 cara
695 1004 838 1086 dignitas
864 1007 1035 1070 amicorum
1063 1013 1120 1072 est.
1161 1008 1310 1088 Oramus,
1336 1008 1538 1073 obsecramus
1564 1028 1635 1073 oon-

325 1109 471 1174 corditer.
512 1107 584 1170 Non
607 1105 745 1188 impello,
766 1125 829 1170 non
851 1107 994 1180 stimulo,
1017 1123 1226 1190 non-premo,
1247 1109 1304 1173 sed
1324 1130 1378 1174 oro
1399 1119 1438 1174 et·
1452 1110 1584 1175 obsecro
1605 1119 1636 1186 et

325 1211 460 1295 supplex
485 1208 618 1291 imploro
649 1215 735 1271 tuum
764 1208 949 1273 subsidium.
992 1210 1118 1275 Certum
1141 1212 1201 1275 erit
1228 1219 1387 1292 mutuum,
1412 1211 1562 1293 quicquid
1587 1211 1635 1276 illi

325 1313 514 1392 accreverit,
541 1310 620 1374 tibi·
640 1311 815 1375 accreverit
831 1319 867 1375 ct
886 1312 967 1377 satis
994 1299 1100 1395 procul
1126 1312 1224 1378 dubie
1255 1314 1360 1379 laeiet.
1403 1313 1452 1377 De
1473 1313 1635 1394 Se‘lrall02,

248 1407 251 1412 ’
326 1413 547 1496 ludimagistro
578 1411 819 1486 Herst‘eldiensi,
847 1411 973 1477 humine
1001 1414 1149 1486 Lotiano‚
1182 1411 1319 1500 superbo
1347 1423 1380 1480 et
1405 1423 1515 1495 aperte
1542 1417 1656 1489 malo,'

206 1525 209 1530 ’
325 1518 430 1582 dicam
452 1515 543 1578 alias.
588 1515 710 1578 interea
732 1514 841 1579 literas
863 1533 1031 1596 conserua,
1058 1536 1098 1581 ne
1121 1517 1251 1581 veniant
1278 1518 1310 1582 in
1337 1537 1448 1582 manus
1475 1517 1634 1582 llusardil

326 1617 530 1685 consectanei·
555 1616 767 1680 Lotiauorum.
810 1617 938 1688 Nescis,
967 1617 1110 1699 Urbane,
1135 1620 1254 1690 nescis,
1283 1621 1324 1682 mi
1353 1619 1490 1700 Urbane,
1516 1628 1636 1702 quanta

203 1759 206 1762 ·
326 1723 369 1787 sit
387 1721 504 1784 civium
527 1722 654 1784 istorum
676 1720 826 1794 simulata
849 1719 961 1802 pietas.
1003 1716 1121 1783 Balant
1141 1741 1227 1786 more
1248 1722 1365 1801 ovium,
1385 1741 1406 1784 a
1427 1729 1515 1803 tergo
1538 1721 1636 1786 lanci-

326 1829 404 1888 nant
424 1823 526 1886 instar
550 1822 704 1904 luporum.
749 1821 820 1885 Non
849 1841 922 1886 amo
950 1821 1070 1901 lucum,
1100 1841 1160 1886 non
1188 1840 1255 1886 sum
1283 1821 1425 1902 invidus,
1454 1821 1511 1886 sed
1537 1822 1637 1887 cultor
1708 1837 1717 1856 ·

325 1927 448 1991 sincere
469 1925 620 1989 veritatis
663 1924 734 1988 Non
757 1923 887 1990 fastidio
909 1924 1056 2003 minores,
1077 1943 1266 2007 nonsperne
1286 1923 1424 2006 aquales,
1446 1924 1503 1989 scd
1524 1933 1635 2008 aperto

326 2036 453 2112 pectore
478 2027 599 2111 prefero
620 2025 736 2090 bonum
757 2026 855 2105 malo,
881 2024 1052 2089 candidum
1075 2025 1182 2107 nigro,
1210 2026 1345 2090 amicum
1372 2024 1544 2106 adulatori,
1571 2047 1634 2092 uon

326 2139 447 2210 tamen,
475 2137 510 2192 ut
531 2129 666 2192 rusticus
695 2147 807 2206 aspere
830 2128 925 2192 nimis
952 2135 984 2192 et
1014 2128 1178 2207 atrociter,
1210 2126 1265 2191 sed
1288 2128 1406 2211 partim
1436 2127 1635 2198 connivendo

326 2233 440 2315 partim
465 2231 669 2313 indulgendo.
713 2231 774 2294 Hic
794 2230 941 2294 Schallus
962 2229 1188 2294 bacchancium
1216 2229 1493 2310 arrogantissimus
1518 2236 1550 2294 at
1570 2249 1633 2292 em·
1663 2247 1666 2254 ·

325 2335 412 2398 nium
440 2334 591 2416 bipedum
615 2333 862 2414 gloriosissimus
884 2334 966 2396 elam
987 2333 1093 2397 l'orsan
1114 2329 1239 2396 audivit
1258 2329 1457 2413 Spalatinum
1478 2331 1634 2413 parturire

325 2437 412 2500 iussu
434 2435 607 2500 Meoenatis
632 2435 729 2521 nostri
750 2435 943 2516 Sagsonieos
963 2435 1111 2513 annales,
1141 2435 1209 2496 sive
1230 2433 1265 2496 id
1292 2433 1402 2498 Lotius
1426 2433 1494 2496 sive
1514 2432 1634 2497 Musar-

324 2537 592 2621 duspatelaeerit.
634 2537 732 2601 Novit
750 2537 927 2621 principum
951 2537 1057 2601 studia
1078 2544 1110 2600 et
1126 2555 1237 2615 mores,
1258 2537 1362 2616 querit
1372 2533 1548 2614 gloriolam,
1570 2553 1641 2616 qua

325 2647 418 2723 parta
439 2659 497 2704 nos
516 2641 700 2723 supprimet,
721 2639 846 2702 Lotium
865 2637 988 2703 attollet
1008 2645 1040 2703 et
1060 2639 1145 2703 dicet
1166 2657 1200 2701 se
1212 2647 1388 2700 auum-eae
1409 2643 1541 2719 parente
1560 2655 1632 2700 con-

325 2740 425 2805 ditam
454 2741 628 2805 historiam.
675 2737 739 2804 Suo
767 2740 961 2804 adminiculo
988 2739 1158 2822 profecisse
1185 2738 1394 2822 Spalatinum.
1446 2737 1526 2816 Quis
1552 2738 1634 2802 ierat

325 2842 445 2906 indocti
463 2842 698 2924 grammaticali
718 2851 839 2907 tantam
861 2841 1089 2906 insolenciam?
1130 2841 1243 2924 Apage
1266 2840 1361 2905 istum
1382 2840 1513 2921 fatuum,
1533 2827 1632 2904 lieces-

324 2951 397 3009 sant
422 2931 482 3009 iste
508 2945 685 3026 quisquilia.
735 2945 821 3008 Bene
853 2945 989 3009 consulit
1016 2943 1216 3026 Spalatinus,
1246 2950 1281 3006 ut
1314 2941 1411 3005 index
1444 2941 1507 3006 sibi
1533 2941 1632 3007 detur.

327 3046 421 3128 Quin,
443 3055 476 3111 ut
491 3047 606 3126 dicam,
627 3046 709 3127 quod
727 3047 840 3125 sentio,
861 3046 1000 3128 spoliata
1020 3053 1068 3110 est
1090 3046 1152 3109 iam
1175 3044 1249 3108 olim
1271 3045 1345 3114 illa⁰¹
1365 3044 1504 3109 libraria
1547 3043 1632 3124 Vidi,

325 3149 458 3213 lustravi
479 3149 620 3231 penitus,
651 3148 730 3211 nihil
752 3148 886 3230 preclari
903 3155 1048 3220 remanet
1069 3155 1100 3211 et
1122 3155 1226 3210 tamen
1256 3147 1316 3210 iste
1337 3152 1472 3226 nugator
1493 3147 1632 3210 carmine

327 3243 433 3332 tuiget
453 3250 662 3335 et'pollicetur
675 3258 928 3314 aureosmontes.
973 3249 1129 3330 intelligis
1139 3249 1222 3314 Lotii
1233 3248 1348 3313 dolum.
1391 3246 1529 3329 lnstigat
1550 3267 1632 3328 suos,

324 3358 359 3416 ul
379 3359 502 3416 nostros
522 3351 689 3436 deprimat.
729 3353 879 3416 Abutltur
898 3351 1102 3432 Hieronymi³
1124 3357 1156 3415 et
1174 3351 1283 3414 talium
1304 3349 1453 3433 hospitali
1476 3349 1633 3430 colloquio

325 3462 357 3519 et
376 3456 454 3518 serit
476 3455 583 3518 lolium
605 3461 636 3518 et
660 3455 825 3517 zizaniam.
871 3455 979 3519 Habes
1008 3473 1078 3518 enm
1101 3453 1287 3534 Someringo
1307 3451 1522 3534 spalatinum,
1548 3467 1632 3536 nune

264 3555 270 3566 ’
325 3558 435 3639 accipe
456 3555 680 3621 Herebordum.
722 3556 869 3620 Ostentat
889 3575 924 3620 se
945 3555 1023 3620 mihi
1048 3561 1081 3619 et
1102 3554 1295 3638 triumphare
1320 3555 1419 3617 iactat
1447 3551 1488 3616 ob
1505 3555 1632 3616 lorense

243 3694 249 3700 <
325 3659 543 3741 patrocinium.
585 3658 695 3722 Amice
720 3659 798 3722 l'acit
818 3665 851 3723 et
879 3651 1021 3722 secunda
1046 3676 1167 3721 meeum
1195 3657 1420 3734 communicat,
1446 3655 1528 3737 quod
1554 3653 1631 3718 ami·

324 3779 430 3824 corum
452 3766 507 3823 est.
551 3758 683 3824 Gaudeo
698 3767 730 3823 et
744 3760 895 3842 gratulor.
937 3759 1001 3824 Sed
1020 3760 1167 3841 quoniam
1182 3757 1374 3822 ambiciosns
1394 3765 1443 3821 est
1464 3763 1496 3820 et
1518 3754 1632 3820 multos

325 3862 387 3925 ista
411 3880 470 3925 sua
497 3862 585 3925 inani
611 3861 807 3942 gloriacione
833 3860 982 3944 offendit,
1009 3861 1104 3925 etiam
1133 3860 1242 3925 doctos
1263 3868 1295 3923 et
1325 3857 1527 3942 prestabiles,
1559 3856 1631 3921 ideo

323 3965 426 4060 facete
447 3963 577 4046 palpum
597 3962 731 4028 obtrudo
757 3972 790 4027 ct
817 3964 909 4044 quasi
931 3962 1081 4028 subdolus
1104 3961 1251 4026 laudatur
1271 3968 1347 4026 taxo
1367 3951 1549 4045 superbiam
1571 3959 1631 4023 sub

324 4065 432 4146 speeie
452 4065 705 4146 gratulacionis.⁴
745 4065 955 4130 Examinabis
972 4065 1100 4130 aculeos
1115 4070 1147 4128 et
1157 4063 1296 4128 indolem
1317 4061 1438 4126 cordati
1458 4060 1630 4124 monitoris.

325 4189 336 4205 “
394 4167 452 4226 ²1⁴¹
463 4175 502 4221 tib
566 4159 675 4235 billi„
695 4175 728 4220 Ta
746 4175 832 4220 etiam
887 4168 1025 4222 ⁰Taista.

387 4345 476 4403 ll'ilr
496 4349 541 4402 die
562 4348 725 4420 Besorgung
746 4347 822 4404 eines
840 4347 1018 4420 piipstlielren
1038 4347 1174 4418 Diploms.
1214 4327 1223 4344 ⁵
1366 4361 1371 4368 ·

386 4425 399 4468 2
420 4429 453 4483 In
475 4428 572 4482 Erlurt
591 4429 676 4484 reich.
696 4429 772 4482 1503
794 4428 1020 4483 immatrikuliert
1040 4429 1093 4482 als:
1123 4425 1260 4481 Hernicus
1276 4423 1394 4480 Sehsllis
1414 4423 1449 4478 de
1470 4422 1627 4479 Hirsl'eldia

385 4505 572 4576 ³,Vielleielrt
592 4511 642 4564 der
662 4509 690 4563 in
709 4508 754 4565 Br.
776 4508 815 4563 24
836 4509 977 4563 erwiihnte
1001 4506 1098 4563 Scriba
1120 4506 1234 4562 ducalis.

384 4585 399 4630 4
421 4590 482 4664 vgl
505 4589 550 4647 Br.
565 4589 633 4648 305.
