3625 5192
633 350 721 407 Bricie
739 349 859 407 Martiana
876 347 937 405 221.
956 346 1008 403 222
1035 348 1095 403 223.
1119 358 1121 365 ’
1460 344 1509 401 301

204 503 297 569 nihili
329 503 472 569 homines
505 502 544 567 N.
575 503 636 568 N.¹
689 502 724 565 lu
748 501 856 566 Valles
886 520 1010 584 quoque
1041 499 1203 565 belluaudi
1240 490 1345 581 gratia
1382 498 1511 563 descen-

205 607 292 672 dunt.
333 607 423 670 'lunc
445 606 577 686 largitur
597 624 697 669 novas
718 604 803 684 edes,
826 604 888 667 imo
909 602 1139 681 totamsilvam.
1183 600 1260 664 Mihi
1281 602 1403 667 solebat
1423 608 1510 684 quot-

205 710 298 773 annis
318 710 363 771 uti
385 708 507 772 decano
528 714 560 772 ct
580 708 703 772 notario
724 706 802 770 dare
823 707 919 787 ligna.
962 705 1033 769 Non
1052 703 1152 784 misit,
1177 704 1228 768 vel
1249 704 1324 786 quia
1350 722 1410 767 nou
1439 724 1511 769 amo

205 810 376 876 vilissimos
404 810 622 885 combiboues‚
653 808 703 871 rel
729 809 804 889 qnia
833 807 1036 872 severitatem
1067 825 1169 871 meam
1197 805 1307 870 Lotius
1332 824 1390 870 stra
1415 806 1510 871 ursle-

133 946 138 953 ·
205 912 350 977 dicencia
378 914 532 977 curavit.
577 911 648 974 Non
675 930 766 988 curo,
792 907 848 972 sed
877 909 922 972 tni
950 908 1080 971 iuvandi
1111 908 1217 989 gratia
1244 908 1344 992 patris
1369 910 1510 989 graciam
1559 960 1562 965 .

205 1015 356 1079 retinebo.
395 930 479 1078 'Sum
508 1014 592 1077 enim
619 1032 721 1093 neque
746 1018 861 1099 natura
886 1030 987 1093 neque
1017 1028 1073 1073 usu
1102 1008 1252 1089 callidus,
1285 1010 1341 1074 sed
1371 1030 1409 1074 ne
1435 1010 1510 1076 mali

205 1118 404 1182 dominentur
424 1116 530 1195 nobis,
558 1114 730 1199 prudenter
754 1134 857 1195 agam.
906 1112 1107 1176 Herebordus
1135 1111 1230 1177 babet
1258 1114 1371 1177 multos
1400 1112 1511 1178 adver-

205 1222 315 1283 sarios.
356 1218 551 1282 insidiantur
578 1218 679 1282 eciam
703 1216 848 1281 doctores
867 1216 936 1278 sive
955 1214 1137 1279 invidentes
1167 1214 1236 1278 sive
1257 1216 1437 1297 superbiam
1458 1215 1511 1281 de·

206 1328 366 1385 testantes.
409 1320 532 1384 Dicitur
552 1322 653 1384 eciam
675 1318 868 1383 meretricari
891 1324 923 1381 et
945 1318 1096 1381 cursitnre
1117 1336 1173 1399 per
1196 1336 1304 1381 omnes
1331 1318 1415 1394 vias,
1444 1320 1511 1383 acsi

206 1424 297 1487 titulo
318 1443 380 1488 non
401 1431 485 1488 esset
505 1422 651 1505 insignis.
697 1420 829 1501 corrige
854 1426 886 1483 at
911 1415 1055 1500 obiurga.
1092 1419 1127 1483 st
1151 1420 1275 1483 llbain²
1297 1426 1328 1483 et
1350 1420 1419 1503 ipse
1440 1440 1511 1485 con-

206 1526 360 1605 sentiunt,
390 1525 470 1589 bene
495 1531 551 1587 est.
594 1522 655 1587 Eat
678 1522 739 1586 buc
760 1522 862 1586 Rbain
885 1528 916 1585 ct
945 1522 1080 1585 nummis
1105 1522 1253 1605 opulente
1281 1523 1386 1587 vetule
1414 1524 1511 1589 libros

206 1635 298 1702 emat,
319 1627 501 1711 priusquam
523 1626 726 1706 Hartungus3
748 1624 868 1708 Lipsim
890 1622 1124 1706 proficiscatur,
1146 1642 1219 1687 nam
1241 1625 1395 1707 reciperet
1416 1625 1511 1701 Here·

207 1729 346 1799 bornum
360 1730 392 1792 in
414 1728 661 1803 communionem
679 1725 879 1800 bibliothece,
902 1725 953 1789 vel
973 1724 999 1788 si
1019 1725 1219 1805 dissentiunt,
1241 1733 1326 1791 emat
1337 1726 1512 1793 Martinus⁴

206 1832 401 1914 propinquus
415 1840 447 1895 et
463 1832 567 1895 mittat
582 1835 823 1913 procuratorem.
861 1825 1063 1918 Herebordus
1079 1846 1141 1890 non
1163 1829 1279 1892 veniat.
1314 1828 1386 1893 Nou
1407 1830 1512 1913 placet

207 1933 351 1998 exulibus
373 1939 405 1997 et
423 1934 528 1997 l'orsan
555 1940 642 1996 caret
665 1932 808 2015 pecunia.
856 1928 1011 2011 Exquirat
1039 1928 1217 1992 sacerdotia
1243 1930 1321 1995 iuris
1346 1932 1510 2013 gentilicii.

207 2038 300 2099 Pater
321 2035 377 2098 dat
388 2034 545 2099 Dudonil.
587 2035 650 2097 Cur
670 2033 746 2099 mihi
768 2053 830 2097 uon
850 2030 1032 2097 creditur?'
1053 2030 1269 2096 Ferremonns
1282 2052 1351 2097 curn
1374 2035 1512 2099 utilitate

207 2136 394 2215 Herebordi‚
428 2136 454 2199 si
481 2137 551 2220 ipse
584 2138 650 2201 toro
681 2132 848 2200 stlitibus
876 2132 1041 2199 sufficeret.
1093 2134 1173 2207 Hac,
1206 2142 1238 2196 ut
1270 2135 1364 2217 vrrlgo
1392 2137 1509 2210 dicunt,
1554 2220 1556 2225 Α

206 2238 430 2323 practicatoria
451 2258 512 2301 uon
534 2250 607 2301 sunt
627 2237 830 2319 negligenda.
871 2237 983 2317 Neque
1005 2236 1088 2299 eninr
1110 2238 1189 2300 satis
1209 2243 1256 2301 est
1277 2238 1447 2321 adversm,
1469 2240 1510 2304 ad

187 2340 369 2420 ,antiquam
383 2338 591 2403 eruditionem
609 2340 761 2423 aspirare,
784 2338 867 2422 qnod
877 2340 997 2420 optime
1009 2338 1094 2409 lacit,
1116 2338 1283 2404 sedeciam
1296 2328 1511 2433 cogitandum,

207 2461 270 2523 qua
296 2441 423 2505 racione
449 2448 592 2505 occurrat
619 2441 826 2532 Ottberano⁰‚
856 2440 1121 2521 Francubcrgiol,
1152 2442 1266 2506 ceteris
1295 2444 1348 2524 qui
1377 2453 1449 2508 sunt
1470 2444 1510 2509 de

208 2544 384 2626 patrocinio
406 2542 542 2623 lacebit,
558 2544 737 2621 Isenacbill,
759 2542 849 2606 Pauli
860 2545 895 2607 ¹⁰.
931 2540 1113 2605 Andreas¹¹
1133 2542 1319 2625 designatus
1330 2553 1378 2609 est
1392 2546 1511 2626 consul,

207 2645 295 2709 valer
316 2646 423 2725 borno,
440 2627 555 2710 Vulsco
576 2653 608 2709 et
629 2646 797 2727 Hennigno
817 2644 1044 2709 deditissimus.
1088 2643 1203 2709 Vident
1224 2647 1357 2727 anricus,
1379 2668 1418 2713 nc
1440 2649 1511 2732 plus

206 2747 290 2813 obsit
309 2747 438 2812 lectioni
459 2750 558 2831 petite
579 2768 673 2831 qrram
696 2747 803 2831 prosit.
837 2746 925 2812 Vale.

207 2940 243 2986 lm
276 2871 456 2920 llandschrit'tl.
477 2869 563 2917 11262
584 2870 835 2921 1011691-1691,
877 2870 953 2917 Gedr.
978 2871 1001 2921 b.
1020 2872 1054 2918 Ta
1073 2867 1146 2921 11918
1168 2888 1213 2918 uon
1232 2872 1346 2919 Andreas
1368 2874 1512 2933 designemus

227 2941 232 2951 '
260 2956 334 3000 quam
355 2942 440 3000 prosit.

196 3097 288 3179 223.
309 3110 558 3178 l1.anUrban.
673 3110 806 3194 (Gotho
817 3098 911 3179 1512.
945 3111 1043 3179 liuru
1058 3112 1151 3181 nach
1164 3111 1246 3180 dum
1256 3115 1311 3184 22.
1325 3064 1509 3198 (litabar.)
1575 3085 1578 3093 ¹

276 3235 336 3282 tint
356 3236 439 3296 lulngt,
464 3238 520 3282 dass
542 3237 593 3283 ibm
612 3238 661 3283 fast
685 3238 767 3283 niehta
790 3238 860 3283 mulir
882 3237 972 3296 glueks
991 3236 1041 3285 rurrd
1062 3238 1112 3284 will
1138 3238 1215 3285 dalrer
1233 3240 1301 3285 seins
1320 3240 1433 3285 Zntluullt
1454 3256 1509 3286 aram

207 3305 289 3353 (lebet
307 3308 422 3352 nahmen.
459 3308 510 3353 ller
527 3306 587 3367 Τις,
607 3308 656 3353 den
675 3307 805 3353 Herebord
822 3323 847 3355 v.
861 3307 1011 3355 dMartlran
1031 3309 1069 3354 liar
1087 3309 1155 3355 soirre
1174 3308 1316 3355 Promotiun
1337 3310 1451 3369 guwtblt,
1470 3326 1511 3369 ge·

206 3377 260 3422 falls
278 3376 330 3423 ibm
351 3377 429 3423 nieht
465 3377 534 3423 Beim
553 3378 775 3424 Doctoraebmausc
792 3380 854 3423 salle
872 3379 952 3423 Zucbt
971 3379 1158 3425 undAuataud
1175 3380 1285 3437 gswahrt
1304 3380 1412 3428 werden.

286 3474 380 3539 Claro
407 3476 572 3558 sapiencia
601 3483 632 3569 et
662 3476 851 3559 optimarum
886 3476 1000 3540 artium
1027 3475 1142 3540 studiis
1171 3476 1309 3540 Henrico
1334 3476 1511 3559 Urbano,

207 3578 309 3641 amico
328 3575 392 3640 fido
413 3583 446 3641 et
465 3596 617 3660 perquam
639 3577 802 3657 benevolo,
823 3578 982 3643 Matianus
1001 3577 1110 3647 liuius.

269 3792 280 3834 ¹
301 3796 399 3851 Morcb
420 3798 477 3850 und
498 3796 633 3868 Kdteling
652 3796 703 3849 mit
723 3795 809 3850 ibrem
833 3794 977 3867 Anhange.

267 3871 288 3915 ²*
301 3877 365 3948 Vgl.
376 3876 492 3931 Br2152
514 3876 542 3931 S.
555 3876 613 3930 223
634 3876 755 3931 Aum.l.
784 3874 791 3891 ⁸

266 3950 281 3995 ³
302 3957 361 4011 Der
377 3958 543 4012 Vernandte
563 3959 612 4012 des
631 3956 779 4012 Biermost.
809 3956 872 4028 vgt.
893 3956 940 4013 Br.
952 3956 1017 4010 221.

265 4032 404 4092 ⁴Martin
423 4055 478 4092 von
499 4040 549 4092 der
568 4038 705 4094 Marthen.
736 4037 935 4108 vgl.Br.117
958 4036 983 4093 S.
1000 4036 1052 4089 lul
1078 4035 1201 4094 11111112,

267 4112 617 4188 ⁵vg1.ur.1ats.2tt
640 4118 724 4171 Anm.
738 4117 765 4175 2.

266 4194 281 4236 ⁶
301 4198 365 4269 ugr.
385 4198 433 4252 ur.
447 4198 503 4250 aar
526 4198 552 4252 s.
570 4197 627 4254 aas
649 4199 731 4252 unm.
744 4198 772 4255 4.

267 4274 281 4317 ⁷
301 4277 366 4348 vgr,
387 4278 432 4333 ur.
447 4278 501 4331 191
525 4278 551 4332 s.
565 4278 622 4332 ass
645 4276 763 4332 numu.
1306 4332 1308 4337 ,

265 4352 280 4397 ⁸
300 4359 418 4413 lacobus
439 4358 597 4414 Doliataris
627 4360 689 4430 Vgt
709 4358 755 4414 Br.
770 4358 821 4410 191
846 4357 873 4413 S.
887 4358 945 4410 2116
969 4356 1086 4415 dumi.
1316 4366 1337 4465 p

266 4434 423 4495 9Jod0cus
444 4439 600 4493 'I'ruttetter
619 4458 673 4493 von
694 4439 838 4493 Eisenacln
1336 4468 1339 4474 ·

215 4530 219 4537 '
268 4515 297 4558 ¹⁰
317 4520 421 4573 Paulus
442 4519 596 4585 Hutheuer,
616 4521 665 4573 der
683 4519 807 4573 Erfartcr
823 4519 1027 4576 Weibbiscbcf.
1064 4520 1128 4591 vgl.
1150 4520 1194 4575 Β1.
1206 4520 1243 4572 24
1265 4520 1291 4574 S.
1303 4520 1339 4573 33
1361 4520 1442 4577 Aram.
1456 4522 1482 4577 4.

268 4597 295 4639 ¹¹
315 4600 381 4656 Scin
401 4600 619 4655 Familieuname
640 4601 676 4655 ist
693 4601 746 4654 mir
766 4600 846 4655 nicht
865 4600 998 4655 bekannt.
