3625 5192
344 378 400 438 260
716 376 974 451 Gesrhirhtsquellen
993 380 1042 435 der
1059 377 1133 436 Prov.
1152 378 1273 437 Seehsen.

345 534 428 617 quod
454 552 530 615 egre
563 532 617 596 din
646 550 754 595 cereas
781 531 939 595 eeleritate
960 550 999 594 ac
1019 530 1144 594 deliciis
1162 529 1344 593 annotandi.
1386 528 1488 595 Video
1510 527 1646 594 enimin

346 640 414 719 ipso
438 634 578 714 limbulo,
598 653 691 716 quum
713 632 884 715 diligenter
905 633 1055 714 inquiras,
1075 652 1169 715 quam
1182 640 1274 697 acute
1292 632 1443 712 corrigas.
1477 630 1646 713 1111011111]-

344 739 411 803 duti
439 757 558 801 mentor
585 734 660 800 dedi
690 754 834 817 operam,
867 754 907 799 uc
934 754 995 815 qim
1023 742 1113 799 extra
1138 732 1248 799 lineis*
1273 734 1396 799 Erasmi
1424 728 1647 818 ἀνταγωνιστὴς

344 838 600 924 progrederetur,
623 844 656 901 ut
678 844 830 902 remearet
851 837 914 900 eito
933 837 975 901 ud
996 836 1165 901 domiuum.
1208 836 1316 901 Habes
1337 836 1434 919 igitur
1453 843 1540 900 tuum
1560 835 1646 899 volu·

344 962 428 1015 trien,
455 940 495 1005 de
526 940 616 1004 euius
643 946 787 1024 parente,
821 940 947 1020 qualem
975 938 1164 1005 Rhenanus¹
1192 959 1279 1003 niens
1306 938 1462 1003 caleulum
1482 938 1516 1001 in
1537 955 1645 1001 umam

343 1044 527 1125 coniecerit,
559 1062 621 1107 non
651 1048 699 1109 est
730 1049 764 1105 ut
792 1041 851 1105 tibi
882 1061 1129 1107 commemorem.
1181 1042 1308 1105 Testem
1341 1040 1439 1105 habes
1470 1040 1645 1125 epistolem.

344 1146 430 1209 licus
477 1142 678 1222 immortalis,
720 1150 753 1207 ut
800 1144 881 1207 iustu
930 1143 1011 1207 libra
1053 1142 1295 1227 philobarharos
1335 1140 1500 1224 expendit!
1559 1142 1646 1206 Nihil

343 1248 457 1311 rectius
494 1246 559 1311 dici
596 1253 706 1329 potest.
757 1244 880 1310 Scimus
914 1264 971 1310 nos
1008 1264 1132 1325 omnes,
1175 1246 1228 1327 qui
1260 1246 1404 1327 restitute
1436 1244 1478 1309 ab
1515 1244 1646 1310 Erasmo

342 1349 503 1431 theologie
545 1347 755 1431 gratulamur,
802 1354 954 1429 quiantum
1005 1348 1126 1431 prosint
1171 1348 1294 1412 Erasini
1337 1347 1448 1413 divina
1499 1347 1533 1411 in
1581 1366 1644 1411 rem

342 1451 555 1517 Christianam
594 1450 716 1514 merita.
771 1450 821 1514 Ab
860 1449 919 1514 hec
949 1450 1041 1532 quusi
1070 1451 1156 1515 fonte
1187 1450 1370 1515 derivantur
1398 1447 1647 1533 Oecolampadii‚

341 1552 662 1637 Philippi,hlmtini,²
682 1552 824 1634 equasti
844 1570 989 1636 proceres
1008 1553 1183 1618 literamm!
1204 1551 1288 1630 Quid
1298 1552 1426 1618 omnino
1438 1557 1526 1617 recte
1541 1550 1646 1616 studia

342 1662 463 1734 essent,
488 1654 516 1717 si
543 1652 692 1717 Erasmus
719 1654 881 1736 utriusque
910 1655 1021 1737 lingue,
1049 1655 1262 1738 principatum
1289 1662 1399 1719 tenens
1419 1673 1522 1737 neque
1548 1654 1644 1718 eomi-

342 1775 412 1821 eum
439 1756 545 1819 oculos
570 1753 793 1820 conlisissetbi
820 1774 922 1837 neque
947 1754 1158 1839 pretexuisset
1183 1757 1348 1836 universa,
1369 1775 1430 1839 qne
1460 1756 1493 1821 in
1514 1755 1647 1837 singuiis

342 1856 531 1942 splendent?
580 1856 713 1936 Profuit,
742 1876 782 1921 ne
804 1858 953 1933 mentiar,
980 1857 1086 1938 ltalia,
1115 1857 1171 1923 sed
1200 1858 1389 1943 prophanis⁰
1410 1858 1545 1921 demum.
1588 1856 1646 1921 llic

343 1981 417 2025 vero
438 1967 543 2024 noster
565 1958 737 2024 Mercurius
761 1958 935 2043 prophanis
961 1966 993 2023 ct
1019 1960 1119 2024 saeris
1145 1960 1246 2023 literis
1263 1958 1444 2025 incredibili
1465 1959 1646 2023 adiumento

342 2070 390 2127 est
419 2069 451 2126 et
479 2062 596 2143 dignus
622 2061 735 2125 merite
763 2062 867 2127 laude.
919 2062 1025 2139 Quare
1052 2061 1128 2125 mihi
1159 2060 1367 2142 ingratissimi
1400 2059 1563 2139 videntur,
1593 2060 1644 2143 qui

342 2164 464 2227 llrasnri
492 2164 626 2245 gloriam
645 2163 685 2229 de
705 2164 807 2247 gradu
829 2172 983 2229 conantur
1003 2162 1149 2229 deiicere.
1197 2162 1320 2244 Errare,
1342 2162 1424 2243 labi,
1450 2162 1518 2228 falli
1544 2168 1646 2247 potest

343 2273 376 2329 ut
397 2266 497 2329 homo.
531 2264 594 2330 Sed
617 2267 823 2349 arrogantior,
841 2286 936 2348 quam
958 2272 992 2329 ut
1011 2265 1173 2331 admoneri
1196 2265 1297 2330 velit?
1326 2264 1464 2331 Minime.
1498 2263 1645 2329 Admoni-

342 2376 392 2432 tus
416 2368 448 2432 in
478 2368 657 2433 Proverbiis
685 2368 856 2451 grecaniee,
882 2366 1092 2451 negligentis⁰
1120 2366 1178 2431 sed
1204 2387 1225 2432 a
1255 2366 1358 2432 doctis
1378 2374 1410 2430 et
1430 2366 1540 2451 probis
1560 2366 1645 2431 viris.

341 2470 448 2547 Quid?
470 2490 573 2535 noune
594 2472 807 2536 retractauit‘1
829 2470 1014 2535 Munitorem
1036 2469 1067 2532 in
1081 2469 1259 2550 evangeliis
1273 2468 1493 2534 Tunstallum⁴
1513 2468 1647 2533 libenter

342 2580 374 2636 et
394 2572 530 2653 ingenue
551 2572 682 2636 audivit.
716 2572 813 2636 Erant
834 2572 865 2636 in
889 2571 1028 2637 editione
1048 2570 1221 2651 secunda,⁵
1242 2590 1306 2654 que
1320 2589 1429 2635 nasum
1444 2570 1646 2637 offenderent.

343 2672 391 2739 Ee
401 2693 458 2758 per
470 2694 504 2738 sc
516 2674 605 2753 vidit,
616 2676 660 2738 uti
672 2681 810 2755 narrant,
820 2674 1046 2755 quiesceretis
1058 2679 1131 2736 sunt
1142 2673 1269 2738 homini.
1290 2672 1376 2751 erid
1384 2673 1444 2738 tibi
1455 2674 1564 2751 sumis,
1576 2673 1645 2737 ber-

341 2774 450 2840 dorum
463 2773 645 2840 levissime?
665 2776 745 2839 'Fun’
758 2774 889 2849 Erusmi,
901 2783 966 2839 tum
980 2774 1076 2854 docti,
1090 2784 1154 2839 tem
1170 2775 1248 2840 clari
1258 2774 1328 2855 viri,
1343 2774 1452 2841 doctor
1462 2775 1564 2840 videri
1577 2774 1645 2841 vis?

343 2876 433 2941 Nihil
444 2876 525 2959 agis,
536 2877 759 2942 amentissime.
782 2876 913 2957 Dissuit,
924 2876 1039 2958 inquis,
1050 2875 1237 2942 unrieieiam.
1257 2876 1447 2957 Licuit,lieri
1461 2877 1551 2942 solet.
1573 2875 1645 2942 Aui-

342 2977 513 3043 madvertit
541 2984 572 3043 te
600 2996 757 3059 nunquam
784 2996 823 3041 ex
850 2978 957 3042 animo
984 2978 1046 3042 sibi
1069 2978 1150 3042 benc
1170 2979 1323 3062 voluisse,
1352 2979 1500 3044 stolidum
1517 2979 1645 3045 bardum

342 3080 461 3161 reiecit,
481 3079 648 3144 leviculum
671 3088 703 3144 et
723 3080 867 3143 insanum
884 3078 1115 3163 sycophantam
1130 3080 1298 3146 admittere
1312 3083 1479 3147 recusavit.
1510 3082 1645 3159 Cantici,

342 3202 437 3267 qnam
459 3183 568 3248 velles.
609 3182 705 3263 illud,
733 3180 830 3248 harde
851 3181 946 3261 levis,
968 3182 1203 3262 animadverte,
1226 3203 1278 3264 ne,
1300 3184 1374 3248 dum
1397 3186 1484 3250 sevis
1503 3192 1536 3250 et
1556 3184 1646 3250 olava

341 3286 430 3351 cedis
450 3282 626 3365 Erasrnnm,
647 3282 770 3348 incidas
788 3283 829 3347 ub
851 3282 1066 3367 impudentem
1090 3286 1298 3350 temeritatem
1327 3286 1360 3351 in
1381 3280 1646 3371 Melampygnm.⁶

342 3387 377 3451 ln
399 3405 461 3468 quo
481 3386 586 3451 omine
606 3385 659 3468 qui
681 3384 757 3449 mihi
780 3404 842 3449 non
864 3386 1065 3467 assentiatur,
1086 3388 1243 3454 neminem
1263 3388 1400 3454 lutumm
1421 3388 1566 3454 arbitror.
1602 3388 1648 3452 lte

413 3503 488 3559 ¹Kr.
507 3510 575 3557 lieres.
656 3493 730 3556 l'lim
750 3510 919 3569 confregisset.
1008 3504 1081 3558 ⁰Kr.
1103 3512 1220 3572 prolenis.
1305 3496 1646 3565 ι1111,1111111111111110111·

342 3586 421 3628 torem
440 3580 466 3627 in
485 3586 533 3627 ete.

405 3800 416 3843 ¹
437 3804 500 3877 Vgl.
520 3804 565 3861 Br.
578 3804 635 3861 555
656 3807 754 3865 11218
778 3808 859 3864 Auni.
874 3808 897 3864 1.
939 3809 977 3864 Er
997 3810 1106 3866 seheint
1127 3810 1155 3864 iu
1176 3811 1279 3866 diesem
1292 3810 1394 3882 Biiefe,
1413 3812 1463 3866 der
1484 3812 1645 3885 miiglicher·

342 3884 424 3941 weise
452 3892 508 3941 eret
532 3885 577 3939 dic
597 3884 725 3943 Autvvort
746 3888 798 3943 aui
821 3890 873 3943 den
896 3889 1018 3945 Mutiaus
1046 3910 1109 3945 vom
1138 3891 1182 3948 11.
1203 3890 1313 3963 Augorst
1334 3891 1411 3945 1519
1440 3910 1508 3959 war,
1540 3892 1647 3948 noctes

340 3966 412 4102 lib?
437 3966 490 4021 den
512 3966 569 4021 Lce
597 3966 770 4039 hergefsllen
796 3987 829 4023 zu
854 3970 914 4025 sein
940 3972 996 4025 und
1027 3972 1074 4026 ein
1094 3972 1214 4027 Loblied
1233 3972 1285 4027 aui
1301 3972 1430 4027 Erasmum
1450 3990 1593 4045 gestingen
1614 3992 1645 4027 zu

360 4064 442 4106 aen.

403 4122 492 4182 ‘2Die
513 4126 572 4182 drei
593 4126 803 4184 Reformatoren
826 4128 938 4185 dohann
960 4128 1198 4204 Oeeolampffius,
1227 4132 1342 4206 Philipp
1368 4132 1568 4189 Melanehthon
1591 4134 1644 4189 und
1767 4171 1768 4182 ι

341 4204 444 4261 Murtin
465 4206 580 4264 Luther.

402 4280 416 4325 ³
437 4286 501 4359 Vgl.
523 4286 567 4343 Br.
581 4288 637 4343 115
658 4288 754 4344 S.158
775 4288 896 4346 11111116.

402 4360 609 4423 ⁴Ghutbertus
634 4369 809 4440 Tunstallus,
834 4371 991 4442 englischer
1016 4372 1157 4446 Theolog,
1181 4378 1276 4445 opiter
1303 4373 1420 4430 Bischof
1449 4392 1503 4429 von
1530 4374 1644 4431 leontion
1766 4411 1767 4436 l

342 4448 398 4503 und
419 4447 545 4503 Durham
567 4449 622 4503 und
643 4448 756 4522 Gegncr
775 4450 824 4505 der
843 4448 1043 4507 Reformation.

402 4523 417 4565 ⁵
437 4526 483 4583 Sic
504 4527 630 4584 ersehien
650 4528 735 4583 1519.
778 4530 857 4586 Naeh
877 4531 968 4587 dieser
987 4534 1037 4588 het
1055 4533 1162 4589 Luther
1181 4534 1329 4593 ilbereetzt.

404 4604 658 4685 ὓ1131111111111111.
697 4608 807 4683 Adagis
825 4628 854 4683 p.
865 4610 933 4667 375.
