3625 5192
295 295 330 348 al
667 293 928 362 Gescbichtsquellen
945 295 993 347 der
1010 292 1085 346 Prov.
1104 293 1226 346 Sacbsen.

297 443 432 529 publice,
456 443 610 507 severitas
621 443 726 524 legum
739 449 922 506 exerceatur
941 447 1071 524 oportet.
1114 441 1183 505 Nec
1197 441 1311 517 sufficit
1328 439 1395 505 vita
1415 439 1602 510 carceraria,

296 547 424 633 eculeus
446 545 655 610 adhibendus.
698 545 748 608 lle
773 565 835 626 qno
856 547 1013 609 Senecal:
1043 544 1271 624 „lloloribus“,
1295 541 1405 623 iuquit,
1428 539 1604 620 „distortus

297 658 329 713 et
351 649 383 711 in
396 650 504 713 eculeo
516 649 639 728 longior
654 642 786 712 l'acths.“
829 647 940 728 Neque
954 647 1152 724 cessandum,
1174 645 1248 728 quin
1261 644 1372 710 eculeo
1390 643 1605 728 producantur

297 753 328 817 iu
351 752 496 816 culleum.
540 751 588 815 lta
608 769 741 815 censura
757 758 928 832 peragatur
949 749 980 813 in
1003 769 1067 830 eos,
1089 749 1204 831 quibus
1219 746 1400 831 Erpburdla
1420 767 1482 810 non
1505 754 1604 810 mater

297 865 362 933 est,
390 854 448 917 sed
475 874 620 918 noverca.
668 852 796 917 Nullum
826 872 866 916 ex
894 851 1066 918 nominatis
1092 852 1224 936 peperit.
1267 851 1350 916 Novi
1377 868 1494 915 omnes.
1538 849 1604 912 ileo

296 965 369 1021 suut
390 956 566 1039 asperiora,
592 976 687 1037 quam
709 962 743 1018 ut
764 955 853 1036 legas
877 955 961 1033 aliis,
982 961 1087 1020 tamen
1109 954 1282 1019 uerissima.
1325 953 1458 1018 Gaudeo
1480 954 1603 1034 legatos

296 1059 403 1124 salvos
431 1058 563 1122 rediisse
590 1065 622 1122 et
647 1077 719 1122 aruo
745 1058 945 1122 temerarium
968 1056 1215 1122 Herebordum‘2.
1258 1057 1311 1121 Sic
1331 1075 1428 1120 ueros
1450 1056 1552 1119 eciam
1573 1061 1604 1118 et

296 1160 429 1225 mendas
457 1160 489 1224 in
518 1160 635 1224 amatis
660 1159 845 1243 corporibus
873 1179 935 1223 non
961 1160 1128 1242 culpamus
1155 1161 1264 1225 lavore
1291 1158 1443 1223 iudicium
1467 1163 1603 1238 legente.

297 1261 385 1327 Vale.
425 1265 509 1327 Ante
528 1262 604 1328 solis
625 1271 777 1328 exortum.

366 1385 547 1433 baudacarius
565 1386 586 1430 s
599 1386 646 1432 ror
665 1387 705 1433 ou.
725 1386 918 1437 tarr-raro,

614 1671 728 1744 Beilage
749 1691 781 1726 zu
803 1672 850 1727 Nr.
865 1673 925 1726 365
946 1671 1035 1744 (siche
1057 1671 1168 1726 Anm.2
1190 1672 1218 1731 S,
1231 1667 1291 1743 23).

876 1820 1023 1886 Oratio.

418 1962 495 2026 uum
517 1979 593 2043 sepe
614 1960 697 2025 alias
716 1967 780 2023 tum
802 1959 939 2023 maxime
965 1959 1015 2023 bis
1034 1959 1149 2024 nostris
1169 1959 1363 2043 temporibus
1385 1957 1511 2041 publice
1537 1977 1606 2041 per-

339 2068 497 2146 spectum,
526 2062 585 2125 viri
607 2061 692 2126 docti
713 2070 745 2126 et
764 2062 928 2145 sapientes
951 2061 1080 2142 Deoque
1102 2061 1224 2140 devoti,
1253 2081 1345 2143 quarn
1373 2063 1415 2124 sit
1445 2067 1543 2124 tutum
1574 2069 1607 2124 et

339 2165 502 2228 honestum
523 2182 639 2228 vacare
661 2162 754 2227 rebus
780 2162 913 2240 diripio,
940 2163 1068 2226 studere
1094 2163 1274 2227 Christiane
1302 2163 1462 2244 theologie
1485 2163 1516 2228 in
1546 2162 1607 2226 bae

339 2266 499 2331 bominum
525 2265 676 2329 ellrenata
703 2265 882 2330 temeritate
909 2273 939 2328 et
966 2265 1160 2330 intolerabili
1187 2266 1377 2348 petulancie.
1420 2265 1499 2342 Quis
1522 2265 1605 2330 euim

337 2369 453 2432 mentis
474 2387 602 2451 compos
623 2367 817 2432 dubitaverit
839 2367 957 2431 utiliter
978 2357 1009 2432 et
1031 2373 1115 2432 recte
1131 2367 1254 2452 precari
1270 2375 1413 2432 sanctam
1430 2367 1606 2446 ecclesiam,

339 2476 372 2533 ut
395 2471 476 2534 inter
497 2471 651 2534 humanas
674 2469 847 2534 varietates
869 2471 915 2534 ibi
936 2475 1043 2535 nostra
1064 2471 1128 2533 lixa
1146 2471 1209 2534 sint
1231 2470 1338 2549 corda,
1360 2471 1415 2535 ubi
1438 2490 1514 2535 vera
1534 2477 1608 2534 sunt

338 2573 482 2654 gaudia?
512 2573 676 2654 Nusquam
697 2580 801 2637 autem
825 2572 980 2638 inviolata
1001 2580 1033 2638 et
1053 2578 1204 2657 perpetua
1225 2573 1379 2638 securitas
1401 2574 1463 2638 nisi
1485 2575 1516 2637 in
1538 2575 1607 2638 sola

340 2675 434 2740 ihesu
447 2675 563 2740 Christi
584 2676 782 2758 imperatoris
803 2676 901 2740 nostri
922 2677 1043 2760 pietate
1064 2697 1102 2740 ac
1121 2677 1188 2741 vita
1209 2676 1312 2756 beata,
1335 2697 1439 2758 quam,
1460 2678 1608 2759 utinquit

341 2778 434 2841 divus
457 2777 657 2858 Ambraciae,
685 2775 825 2842 efficiunt
844 2778 1059 2859 tranquillitas
1080 2778 1273 2843 conscientie
1293 2783 1325 2841 et
1346 2779 1499 2844 securitas
1521 2781 1607 2844 inuo-

340 2881 457 2944 cencie.
500 2879 584 2957 Quid
605 2881 701 2964 igitur
721 2900 800 2963 opus
822 2887 878 2957 est,
899 2901 917 2944 o
941 2881 1002 2944 viri
1022 2881 1265 2964 sapientissimi,
1288 2881 1380 2946 rebus
1402 2883 1525 2946 iuhiare
1548 2867 1607 2947 terss

340 2983 426 3046 renis
451 2990 483 3047 et
509 2984 613 3065 magis
641 2984 781 3048 avaricie
812 3003 905 3065 quam
926 2984 1115 3048 sanctitatis
1142 2984 1382 3048 instrumentum
1400 2985 1607 3067 comparare?

341 3085 454 3148 Nonne
480 3086 559 3150 foret
579 3086 681 3151 satius
702 3087 817 3150 inferre
839 3086 907 3148 Deo
929 3105 985 3169 pro
1006 3106 1134 3151 munere
1155 3092 1265 3170 pectus
1292 3087 1418 3169 plenum
1438 3087 1607 3150 virtutibus

341 3194 381 3267 et,
402 3194 435 3251 ut
455 3195 528 3252 utar
543 3188 644 3252 Persii
666 3189 820 3268 carmine,
847 3189 1073 3271 „compositum
1096 3189 1144 3253 ius
1165 3189 1276 3270 liteque
1297 3189 1396 3252 animi
1418 3196 1607 3272 sanctosque

342 3309 484 3354 recessus
505 3291 620 3355 mentis
641 3297 672 3355 et
695 3292 848 3355 incoctum
870 3310 1022 3372 generoso
1045 3289 1338 3373 peetusbonesto?“
1369 3293 1471 3373 Atque
1486 3291 1607 3356 utinam

341 3411 402 3455 uon
426 3391 589 3456 verissime
610 3392 782 3457 diceretur:
810 3393 917 3473 „nulla
944 3391 974 3455 in
1002 3412 1159 3474 quoquam
1182 3395 1281 3457 virtus
1307 3401 1355 3458 est
1376 3394 1468 3458 viciis
1490 3395 1607 3476 ubique

342 3492 589 3571 declinantibus,
617 3482 704 3558 nulla
725 3494 817 3572 fides,
845 3495 940 3559 uulla-
961 3515 1037 3577 pax,
1067 3495 1153 3559 nulla
1181 3494 1350 3560 concordia
1376 3495 1468 3560 bellis
1489 3497 1607 3576 ubique

342 3595 538 3672 sevientibus
560 3596 693 3679 privatis
715 3597 911 3662 inimicitiis·
933 3597 1093 3680 usquead
1116 3598 1302 3680 sauguinem
1322 3599 1525 3664 furentibus.“

371 3711 384 3738 ³
401 3717 428 3762 Ε
439 3718 566 3765 iuimieiis.

366 3931 378 3972 1
399 3933 513 3998 Seneca,
536 3933 677 4006 Epistulae
697 3936 762 4006 Vll,
782 3936 808 3994 5.
820 3937 847 3994 3.

364 4047 545 4107 ²Herebord
565 4071 619 4107 von
634 4054 683 4108 der
693 4053 822 4108 Marthen
844 4057 921 4110 batto
944 4056 972 4108 iu
987 4055 1199 4110 Gemeinschaft
1219 4057 1270 4110 mit
1293 4057 1343 4110 Dr.
1365 4056 1433 4111 iuris
1443 4057 1608 4128 Utisbergcr

303 4133 342 4187 im
362 4131 498 4203 Auftruge
518 4133 568 4187 der
589 4131 669 4188 Stadt
687 4134 783 4188 Erfurt
803 4136 1093 4192 eincGesaudtscbaft
1112 4139 1184 4192 nach
1206 4138 1297 4192 Mainz
1317 4145 1528 4194 unternommen
1550 4141 1606 4194 und

304 4231 376 4268 zuar
395 4213 468 4268 ohne
497 4213 663 4268 besonderes
683 4213 800 4270 Gelcite.
851 4217 884 4269 ln
907 4217 1003 4288 sulca,
1024 4219 1071 4272 dan
1092 4219 1136 4273 die
1157 4217 1316 4274 Gesandten
1339 4218 1390 4273 aul
1408 4218 1495 4273 ihrem
1517 4219 1607 4292 Wege

306 4295 471 4360 berthem,
497 4301 596 4348 wusste
618 4292 718 4350 Crotus
738 4297 778 4351 sie
798 4315 832 4351 zu
855 4297 1015 4368 verhergen.
1057 4295 1100 4354 Ob
1119 4300 1203 4353 ihucn
1227 4299 1349 4354 daselbst
1369 4299 1606 4372 Nacbstellungen

305 4374 407 4430 seitenn
426 4373 582 4429 besaischer
602 4373 718 4445 Adliger
745 4377 864 4431 bereitct
882 4378 961 4437 oder
981 4378 1017 4432 ob
1043 4379 1088 4433 die
1109 4379 1205 4434 Macbt
1223 4379 1272 4434 der
1290 4379 1462 4434 verbsnuton
1482 4379 1608 4436 Erfnrtcr

302 4455 436 4510 Patrizier
462 4472 492 4508 so
518 4455 584 4508 weit
608 4455 729 4530 wichte,
758 4458 820 4512 dass
844 4458 894 4512 auf
921 4458 981 4512 ihre
1002 4459 1208 4531 Veranlassung
1237 4460 1285 4512 hin
1315 4460 1359 4514 die
1385 4461 1608 4526 Volksvertreter

301 4537 410 4604 Erfurts
430 4537 459 4590 in
481 4536 588 4591 Hecssn
607 4535 756 4608 gefdhrdet
776 4557 876 4624 waren,
898 4539 988 4594 bleibt
1008 4541 1115 4596 unklur.
1154 4542 1219 4618 Vgl.
1240 4539 1286 4598 Br.
1298 4539 1364 4601 372.
