3625 5192
583 371 671 425 Briele
689 371 809 424 Mutiaus
829 371 888 424 629.
908 371 967 424 680.
986 371 1046 424 dat.
1065 371 1124 424 632.
1454 369 1505 422 317

199 527 312 585 eunte²
344 527 429 584 etate
454 520 598 599 viderim,
630 520 684 600 qui
713 538 775 584 non
804 519 865 583 sibi
894 519 1032 600 optimus
1062 539 1131 584 esse
1160 518 1326 582 videretur.
1376 519 1425 583 Sit
1445 519 1505 582 isle
1570 571 1572 578 ,

199 622 505 687 CallidiusDrususl
526 621 668 703 gallinae
682 620 765 685 lilius
786 621 888 701 albae,
911 622 975 684 sint
996 621 1081 685 illius
1095 621 1244 700 carmina,
1266 619 1292 684 si
1310 620 1373 684 diis
1391 621 1506 703 placet,

198 723 341 788 bellariis
360 724 525 803 suaviora,
549 721 660 787 demus
681 722 796 787 alienis
817 722 974 787 erroribus
996 723 1137 803 veniam,
1167 729 1200 786 ut
1224 724 1339 787 nostris
1360 723 1505 806 impetre-

196 845 278 890 mus.
313 826 363 890 Ne
384 834 489 891 tamen
511 825 701 889 inhonorata
721 823 956 908 praeterflueret,
979 825 1199 890 resalutandus
1222 833 1270 889 est
1292 831 1396 908 poeta,
1418 845 1506 908 prae·

199 928 306 992 sertim
336 928 419 1009 quod
446 928 588 993 Petreius
618 935 725 991 noster
749 929 987 1010 responsionem
1015 925 1191 1009 efflagitat,
1219 927 1311 991 homo
1336 927 1446 992 doctus
1476 935 1507 992 et
1584 975 1586 980 ,

198 1031 319 1094 amicus
359 1030 453 1113 primi
494 1029 624 1095 ordinis.
673 1029 786 1094 Verum
818 1035 853 1091 ut
884 1029 1012 1110 planius
1042 1035 1073 1092 et
1109 1028 1251 1108 uberius,
1292 1028 1369 1111 quid
1401 1029 1507 1106 velim,

199 1132 349 1215 accipias,
373 1132 415 1196 ad
436 1152 487 1197 me
508 1132 656 1196 continuo
677 1132 760 1194 veni.
801 1131 939 1214 Raptim.
1218 1118 1425 1197 Marianus.

270 1254 346 1300 Godr.
370 1250 393 1316 l)
412 1254 510 1300 Tertius
529 1254 627 1300 libellus
645 1254 689 1299 tol.
708 1253 901 1300 Dor—lter.
939 1248 965 1314 2)
986 1253 1026 1299 Tr.
1044 1253 1098 1298 ltol.
1119 1267 1156 1312 op.
1175 1253 1236 1300 Mul.
1255 1254 1400 1302 dit-14.
1452 1289 1454 1292 .

270 1353 282 1380 ²
300 1360 334 1405 Ta
351 1366 435 1406 eunte.

762 1422 954 1433 h——-—-

202 1553 280 1626 631.
302 1553 346 1620 lt.
365 1572 410 1620 au
428 1553 589 1636 Spalatlu
608 1554 653 1640 (l)
1290 1558 1438 1642 (liothu)
1462 1561 1507 1648 (l)

271 1679 332 1726 blut.
353 1678 476 1724 boricbtet
494 1678 535 1724 die
553 1679 709 1737 Ermordung
727 1680 879 1725 Eisenacher
897 1674 1042 1725 Scholsren.

282 1776 345 1856 (De
377 1775 475 1840 caede
506 1776 764 1842 scholasticorum
795 1777 838 1841 ad
869 1775 1096 1859 lsenuaehum‚
1132 1779 1205 1843 dum
1243 1780 1344 1846 lusum
1381 1785 1444 1848 itur
1475 1786 1508 1848 in

201 1880 354 1957 nemus.²)

264 1972 266 1975 ’
403 1979 535 2043 Edidit³
556 1979 744 2044 horrendam
765 1981 895 2044 caedem
916 1981 969 2044 lux
993 1983 1137 2065 proxima
1158 1983 1269 2051 Martis

406 2081 518 2162 Isidos,
540 2081 591 2158 ah,
615 2081 744 2151 nimium
766 2082 858 2165 sylva
879 2090 1009 2146 eruenta
1028 2083 1095 2149 luit.

326 2247 334 2262 ⁸
402 2184 485 2248 Mira
504 2185 626 2265 loquar:
647 2185 735 2268 pueri
757 2184 951 2267 grandisque
972 2183 1161 2252 scholastica
1184 2190 1276 2257 turba

401 2285 473 2349 Non
495 2285 614 2369 gladiis
634 2286 772 2365 frondes,
794 2286 850 2351 sed
871 2287 934 2351 sibi
956 2289 1096 2352 membra
1115 2299 1236 2372 putant.

351 2389 383 2467 5)
405 2387 542 2452 Vulnera
561 2389 637 2470 quid
658 2389 851 2452 memorem?
892 2389 1073 2454 Homicidia
1093 2392 1231 2474 quinque
1247 2402 1407 2462 notantur.

404 2490 588 2571 Sanguineas
609 2491 731 2572 reliqua
752 2491 939 2572 diffugiente
959 2512 1064 2556 manu.

402 2591 503 2656 Turre
525 2593 631 2656 iacent
651 2602 772 2677 septem
793 2594 901 2659 media
921 2594 961 2659 de
983 2595 1082 2659 caede
1105 2599 1222 2682 recepti

403 2694 585 2758 Semineces
605 2701 692 2757 artus
714 2695 768 2759 vix
789 2703 951 2761 recreante
973 2697 1055 2780 polo.

403 2794 565 2861 Lanificae
586 2797 692 2861 saeris
713 2796 825 2878 digitis
845 2804 921 2862 nent
942 2798 1040 2862 multa
1060 2820 1182 2866 sorores

331 2895 382 2979 10)
405 2895 549 2979 Fataque
573 2898 708 2962 terribili
728 2899 854 2980 singula
875 2901 956 2964 l'alee
978 2908 1107 2966 metunt.

285 3021 364 3084 Vale
385 3028 417 3084 et
437 3022 534 3087 salve.
668 3028 672 3035 '
1079 3025 1279 3095 Matienus
1300 3033 1428 3099 Rul'us.

273 3143 348 3191 Gedr.
370 3146 393 3200 l)
415 3145 527 3192 Libellus
546 3161 624 3192 novus
642 3147 683 3194 sol.
704 3147 726 3192 ll
738 3147 783 3194 hv.
820 3142 846 3208 2)
864 3147 906 3196 Τῇ.
927 3143 952 3194 S.
963 3143 1021 3195 241.

758 3307 958 3316 ——

203 3418 286 3489 632.
312 3417 355 3484 tt.
377 3438 423 3484 au
445 3419 550 3486 elnerr
572 3419 816 3487 Landsmonu.
1296 3427 1440 3513 (liotlra)
1463 3432 1508 3516 (l)

273 3543 334 3590 Mul.
355 3545 481 3603 ampliabit
501 3545 553 3591 ihm
571 3545 655 3605 Vergil
675 3561 704 3591 zu
722 3547 800 3592 lesen.

285 3642 472 3706 Baculariol
494 3644 646 3725 municipi
665 3663 730 3706 suo.

403 3759 480 3822 Alta
501 3760 677 3822 cothurnati
700 3760 826 3842 placeat
844 3761 902 3824 tibi
927 3761 1017 3826 Musa
1038 3763 1186 3845 Maronis,

403 3859 582 3926 Succedant
601 3860 735 3926 Gothico
758 3862 853 3927 verba
870 3862 972 3928 latina
992 3883 1078 3929 sono.

267 4109 278 4149 1
300 4113 355 4166 Mir
374 4114 504 4185 nirgeuds
524 4116 616 4169 woher
637 4116 768 4171 bekannt.

267 4187 281 4230 2
302 4193 545 4248 Wahrschoiuliclr
567 4196 664 4249 Worto
686 4199 735 4251 des
755 4204 846 4250 ersten
868 4198 1084 4270 llerausgehors.

268 4268 452 4328 3Vir¹lloicht
476 4277 576 4346 gchdrt
601 4277 690 4330 diosus
719 4277 840 4331 Godicht
864 4297 897 4332 zu
926 4279 969 4334 Br.
987 4281 1059 4356 101,
1087 4283 1146 4336 weil
1174 4303 1203 4338 os
1228 4286 1274 4340 boi
1302 4285 1432 4343 Camerar
1460 4309 1511 4344 uu-

206 4352 348 4483 pngttelbur
368 4356 468 4408 darauf
486 4355 567 4426 folgt.
609 4357 645 4410 Es
668 4362 740 4410 wilre
763 4360 877 4411 alsdunu
899 4359 927 4412 iu
948 4361 993 4414 die
1015 4362 1075 4416 zois
1095 4365 1229 4419 zwiselron
1243 4367 1319 4418 1505
1341 4369 1511 4425 uudllorbst

226 4433 283 4486 .08
303 4453 336 4487 au
354 4444 454 4488 sotatur.

266 4509 280 4550 4
304 4514 389 4569 Dieuc
411 4516 521 4569 Aurodo
542 4517 626 4570 allelu
647 4521 753 4588 gauiigt
774 4518 865 4587 nield,
886 4539 932 4572 uru
954 4523 1006 4575 rurt'
1024 4525 1085 4578 elue
1107 4526 1266 4580 bostiruurte
1289 4527 1512 4586 Persiinliehkeit

206 4596 277 4647 auch
300 4613 352 4648 uur
373 4596 424 4648 urit
443 4597 637 4650 auudhcruder
658 4598 958 4655 lh'ahrschciuliehkeit
978 4603 1170 4662 hinzuwotson.
