3625 5192
655 309 743 365 Brieie
760 308 881 364 Mutinae
901 308 960 363 231.
980 310 1039 363 232.
1059 309 1117 364 233.
1182 319 1185 325 ’
1488 306 1538 361 311

234 457 328 523 altc.“
369 457 498 542 Excipit
508 457 674 522 Bartholus
685 476 779 521 unum
796 458 904 523 nescio
916 458 1055 521 Dinum¹
1077 459 1281 542 ancyrone
1302 478 1394 540 quem
1410 463 1543 522 testatur

234 560 333 623 luisse
361 559 640 641 sapientissimum.
689 562 723 625 si
742 560 915 644 probantur
936 560 992 625 tibi
1016 580 1117 627 mores
1138 562 1320 640 Ottberanl,
1350 560 1443 626 allice
1471 580 1541 624 eum

234 662 267 726 in
296 662 481 727 amiciciam.
529 662 641 744 Neque
666 662 807 728 retardes
833 663 1074 728 Rbuineusem3.
1120 650 1214 727 Amet
1237 670 1269 727 et
1299 664 1418 728 habeat
1451 682 1541 727 suam

235 764 377 846 legitimo
390 764 496 831 tedere
520 773 626 829 tamen
648 764 823 845 babituros,
846 773 880 829 ut
900 766 1026 844 dicitnr,
1039 765 1145 830 'velint
1163 766 1263 829 nolint
1279 763 1541 831 contradicentes.

234 867 404 948 Empturus
429 877 478 931 est
503 867 696 933 Ottberanus
724 874 756 932 ct
785 866 852 931 vidi
883 886 1010 931 manum
1038 867 1119 947 eius,
1154 869 1304 932 loannem
1335 867 1541 932 lmolensem⁴

235 969 488 1048 Philoomeumi,
506 990 511 1003 ·
532 970 727 1035 Salicetum⁶
768 979 801 1034 et
837 970 868 1033 id
906 989 1007 1051 genus
1045 970 1214 1053 scriptores
1252 989 1381 1034 numero
1418 969 1541 1033 multos.

235 1071 348 1136 Atlinis
364 1082 413 1137 est
433 1072 629 1155 Hartungi⁷,
660 1072 834 1155 paeteretur
860 1072 975 1136 ceteris
995 1078 1027 1137 et
1048 1071 1179 1135 meliora
1200 1072 1382 1155 reportabit.
1399 1132 1407 1144 ,
1425 1071 1542 1137 Verum

234 1192 295 1237 uon
318 1182 349 1238 te
371 1183 509 1239 terreant
525 1175 624 1256 inepti
647 1173 825 1258 scriptores.
866 1174 1049 1237 Amiserunt
1070 1174 1269 1237 autoritatem
1300 1172 1447 1253 reclusis,
1472 1172 1542 1237 Deo
1613 1244 1614 1249 .

233 1278 348 1373 gratia,
369 1276 473 1358 legum
494 1276 642 1341 tontibus.
685 1276 817 1342 Gratius
833 1295 872 1341 ex
892 1278 962 1359 ipso
984 1274 1070 1340 t'onte
1093 1275 1241 1340 bibuntur
1262 1276 1372 1358 aquess.
1415 1275 1504 1341 Vale.

196 1378 202 1400 ¹
303 1399 483 1447 narraremus.
503 1399 587 1447 narr
608 1400 649 1447 ror.
663 1398 858 1463 rora-isra.

234 1654 315 1726 233.
337 1654 380 1726 ul.
401 1674 447 1722 an
468 1656 600 1728 Urban.
1009 1654 1140 1739 (Gotba
1153 1656 1247 1727 1512.
1283 1654 1540 1741 aagendam.)

306 1779 361 1825 blut
392 1781 472 1826 dunlrt
490 1780 564 1838 Gott,
590 1780 632 1827 boi
660 1782 694 1827 ull
722 1782 777 1827 dem
796 1782 939 1839 Ungernarb
969 1796 1001 1827 arr
1021 1781 1107 1827 Urban
1130 1781 1187 1827 sirio
1210 1796 1236 1827 so
1255 1780 1384 1827 treffliche
1404 1781 1488 1828 Stlltzc
1510 1795 1540 1827 zu

237 1850 324 1897 bubon.
360 1850 395 1895 Er
412 1850 540 1910 bcspriolrt
557 1851 598 1897 dio
614 1851 787 1910 persiinliebon
807 1852 1036 1911 Anuelegenbaiton
1057 1853 1184 1897 mebrorcr
1202 1851 1325 1899 l'rermdc.
1344 1850 1479 1897 bcaouderu
1497 1851 1540 1897 dos

235 1920 352 1981 Pyrrhus,
371 1921 420 1967 don
433 1936 461 1967 er
478 1936 538 1980 geru
556 1922 584 1967 in
602 1923 658 1968 doru
678 1922 904 1968 erzbisehiit’licheu
923 1922 1041 1969 Goriclrte
1061 1921 1241 1981 uuterbringen
1262 1922 1367 1969 miii-lite.

314 2018 448 2081 Heurico
472 2017 631 2083 Urbano
651 2018 812 2083 Matienus
833 2018 940 2085 Rullus.
999 2010 1002 2017 ’

312 2123 342 2183 S.
389 2119 570 2184 Laudamus
600 2130 646 2200 te,
678 2120 764 2186 Deus
791 2128 913 2200 noster,
940 2122 993 2203 qui
1017 2120 1203 2186 bonisviris
1224 2119 1354 2184 etmihi
1376 2118 1538 2185 Urbanum

230 2228 381 2304 anquam
419 2222 591 2305 presidium
630 2231 825 2305 tutoremque
855 2224 968 2288 salutis
1006 2230 1038 2287 et
1074 2222 1242 2304 dignitatis
1273 2229 1379 2286 nostre
1410 2220 1538 2288 dedisti.

230 2323 330 2388 Multa
352 2324 429 2387 mibi
458 2333 490 2388 et
510 2326 589 2389 meis
610 2324 747 2389 adversa
767 2333 840 2389 sunt
861 2336 893 2388 et
914 2325 1046 2390 luerunt.
1090 2324 1125 2389 ln
1146 2324 1291 2388 omnibus
1312 2343 1403 2388 nemo
1424 2324 1538 2388 mellus

231 2425 446 2507 efficatiusque
476 2446 525 2491 me
551 2426 733 2491 sublevavit
763 2447 812 2506 re,
840 2428 960 2507 verbis,
987 2446 1085 2511 opera
1109 2446 1204 2509 quarn
1227 2426 1383 2491 Urbanus.
1425 2425 1537 2510 ltaque

231 2528 304 2593 vivo
333 2535 445 2610 perte
473 2536 649 2610 presentem
677 2529 944 2611 conspicuumque
966 2530 1077 2593 Deum.
1120 2528 1180 2591 Fui
1210 2536 1285 2593 ante
1307 2529 1447 2592 brumam
1474 2548 1536 2593 uon

190 2616 192 2619 ’
230 2628 399 2694 admodum
438 2626 557 2710 firmus,
598 2630 665 2712 pati
698 2628 836 2694 adversa
870 2630 998 2695 Crotum
1032 2630 1155 2711 audivi,
1192 2630 1349 2713 &palatini
1382 2650 1535 2695 summam

230 2731 401 2795 stulticiam
423 2731 542 2814 accepi.
584 2732 655 2796 Tua
683 2731 843 2813 sapientia
870 2752 920 2795 me
941 2734 1147 2812 stratentavit,
1174 2733 1341 2815 Spalatinc
1364 2732 1536 2817 prospexit,

230 2833 279 2895 cui
307 2833 449 2897 Cotionis
477 2852 661 2915 responsum
688 2832 728 2896 de
756 2833 826 2915 ipso
851 2833 1025 2916 diplomate
1056 2836 1225 2899 transmisi.
1277 2834 1434 2899 Misissem
1465 2842 1536 2899 tuas

230 2936 348 3017 literas,
368 2935 429 2998 nisi
453 2954 516 2999 una
536 2955 586 2998 me
608 2935 764 3016 particula
785 2935 975 2999 timidiorem
996 2929 1132 3000 lecisset.
1175 2936 1258 3013 Quid
1280 2935 1363 3020 enim
1379 2942 1443 2998 tam
1466 2956 1535 3018 pru-

230 3039 305 3120 digo
336 3038 539 3121 pollicearis?
580 3036 727 3101 Nondum
754 3037 932 3117 satist'ecitll
957 3044 988 3101 et
1011 3058 1098 3101 amor
1118 3057 1195 3119 erga
1214 3057 1272 3102 uos
1300 3046 1371 3102 tuus
1393 3038 1478 3103 nullo
1504 3044 1535 3103 te

229 3141 345 3205 damno
372 3141 468 3203 debet
497 3138 630 3203 afficere.
678 3138 761 3202 Dedi
787 3140 853 3219 2¹12
880 3158 992 3203 aureos
1016 3140 1056 3201 ad
1080 3138 1235 3203 Petreium
1258 3159 1313 3221 pro
1336 3136 1487 3203 Cicerone
1498 3140 1534 3203 ¹⁰.

229 3244 271 3323 0,
294 3243 336 3306 mi
361 3242 497 3317 Urbane,
518 3243 609 3322 plura
630 3240 760 3304 daturus
782 3260 838 3324 pro
860 3241 996 3305 ostensis
1017 3240 1188 3319 codicibus,
1208 3241 1236 3305 si
1257 3240 1398 3305 licuisset
1419 3241 1459 3305 ob
1482 3241 1534 3305 de-

230 3348 342 3411 lectum
364 3345 507 3428 pecunie.
555 3342 603 3408 Dc
625 3344 787 3427 Campego
799 3346 827 3387 11
853 3343 900 3408 sic
924 3342 1057 3407 habeas:
1088 3342 1188 3407 Homo
1214 3349 1261 3407 est
1286 3342 1558 3437 studiosissimus·

289 3588 301 3631 ¹
321 3590 511 3663 vg1.13r.198
533 3588 652 3643 Aumb.

290 3668 304 3711 ‘²
325 3670 411 3726 Cinus
430 3670 614 3737 Pistoriensis,
635 3671 679 3723 ein
702 3670 864 3723 beriihmter
882 3666 984 3737 durflt,
1009 3668 1083 3722 lebtc
1102 3666 1218 3721 zrrr'deit
1238 3664 1536 3738 dcsKaiscrsLndwig

228 3772 282 3808 von
303 3753 413 3808 Beieru.
454 3751 519 3823 vgl.
541 3750 720 3808 Tritbemius.
762 3750 805 3803 De
826 3750 953 3819 scriptor.
972 3766 1021 3803 ccc
1051 3748 1072 3817 1,
1090 3747 1157 3803 315.

289 3828 304 3872 ³
330 3827 392 3903 vgt.
415 3832 460 3886 Br.
477 3831 533 3894 152
554 3829 582 3885 S.
597 3830 654 3883 223
677 3831 761 3886 Anm.
775 3831 800 3883 1.

289 3908 304 3951 4
324 3914 467 3969 Johanues
487 3911 642 3977 lmolensis,
662 3910 706 3964 eiu
727 3910 824 3977 druriat,
843 3910 932 3963 lehrte
952 3909 981 3962 in
1002 3908 1134 3978 Bologna
1176 3908 1212 3962 Er
1231 3908 1306 3961 atarb
1330 3905 1417 3961 1436.

290 3988 569 4049 ⁵Wabrseheinlich
591 3991 727 4045 ebeufalls
747 3991 792 4044 ein
813 3991 902 4045 Jrrrist
922 3990 971 4042 des
990 3988 1184 4058 ausgelrendcn
1208 3988 1390 4043 Mittelalters.

232 4070 235 4075 ’
291 4068 305 4112 ¹3
326 4074 363 4128 Es
384 4074 439 4145 gab
458 4072 524 4127 zwei
546 4070 654 4125 Briider
672 4072 762 4125 dieses
782 4070 913 4137 Nameus,
933 4068 1148 4123 Bartholouriius
1168 4070 1224 4122 und
1237 4067 1365 4139 Richard,
1390 4068 1435 4123 dic
1456 4068 1538 4123 beide

230 4154 355 4209 duriatum
376 4171 474 4207 waren.
516 4152 640 4205 Ersterer
660 4154 678 4217 †
699 4150 784 4207 1412.

293 4229 305 4273 7
328 4235 392 4304 Vgl.
403 4233 448 4288 Br.
461 4232 513 4285 221
529 4250 556 4285 n.
567 4230 633 4285 222.

290 4308 405 4369 ⁸0vid.
445 4314 487 4366 Ex
507 4313 599 4367 Ponto
619 4312 673 4378 111,
695 4311 719 4365 5.
742 4312 788 4366 18.
849 4304 855 4312 ’

291 4388 390 4466 lvgl.
413 4413 441 4449 u.
463 4411 487 4451 a.
508 4393 552 4446 Br.
576 4391 640 4445 193.

294 4469 324 4595 ξ)
342 4474 406 4546 vgl.
417 4472 464 4529 Br,
476 4472 544 4529 200.
555 4470 620 4525 205.
632 4471 699 4525 215.
711 4468 778 4525 218.
790 4471 856 4527 223.

293 4550 305 4595 ¹
342 4550 783 4633 Vglssr.788.11runm,1.
