3625 5192
596 342 685 398 Briels
703 343 823 398 Mutiaus
841 343 901 397 419.
921 343 980 398 420.
999 343 1059 401 421.
1447 341 1480 394 81

255 493 288 559 Si
315 494 420 570 vales,
448 495 529 558 bene
558 498 613 558 est.
664 491 708 556 Ut
733 491 765 556 iu
790 511 895 576 pauca
923 489 1098 569 conferam,
1132 492 1218 574 (utar
1245 490 1329 554 enim
1356 495 1387 554 te
1415 509 1483 554 ma-

175 597 275 678 gistro
310 596 491 670 brevitatis)
530 595 674 677 ignoscat
714 594 790 658 mibi
825 601 897 659 tuus
926 593 1193 677 Kyrohbergius1,
1229 591 1313 674 quod
1348 591 1481 658 Damas·

175 699 291 762 cenus2
314 718 374 762 non
397 705 462 763 tarn
485 697 629 762 celeriter
650 696 800 766 redditur.
842 697 913 777 Ago
935 695 1056 778 gratias
1077 695 1146 760 viro
1167 694 1265 776 bono,
1291 694 1480 778 philosopho

175 801 267 875 bono,
290 801 352 866 imo
374 799 521 882 deiloquo
538 806 569 865 et
583 799 770 881 famigerato
789 798 1013 878 concionatori,
1031 796 1093 878 qui,
1117 803 1150 860 ut
1163 795 1269 876 audio,
1288 796 1481 861 amicissime

173 903 312 982 loquitur
344 908 376 966 et
403 901 501 966 sentit
526 900 566 966 de
593 909 700 967 nostro
726 900 857 965 Ecbano
887 900 934 964 sui
959 899 1081 964 ordinis
1108 899 1201 964 facile
1230 899 1382 982 principe.
1431 899 1480 962 Tu

173 1004 267 1069 velim
296 1005 359 1069 cito
380 1003 504 1069 reddas.
547 1003 618 1067 Non
641 1002 789 1083 decebat,
816 1010 850 1067 ut
879 1021 978 1067 novos
1004 1008 1144 1082 sumptus
1167 1000 1264 1064 laciat
1284 1019 1356 1064 mea
1375 1002 1481 1084 culpa.

174 1107 278 1171 Semel
299 1107 376 1171 emit
396 1106 569 1186 authorem,
590 1105 715 1170 babeat.
758 1105 830 1170 Mea
844 1125 928 1170 nuno
949 1106 1090 1182 interest,
1110 1112 1257 1168 uternam
1272 1103 1304 1166 iu
1320 1103 1480 1168 nundinis.

174 1207 385 1289 Oonquiescat
413 1207 466 1272 ille
491 1213 523 1272 et
548 1207 669 1271 fruatur
698 1226 792 1272 usura
819 1213 929 1271 sancte
955 1206 1110 1270 lectionis.
1159 1204 1225 1284 Me,
1257 1213 1291 1270 ut
1321 1204 1420 1270 debes
1448 1212 1483 1269 et

172 1310 270 1391 soles,
296 1329 370 1374 ama
390 1316 504 1375 mutuo.
549 1309 609 1374 Dic
637 1309 771 1393 pretium
794 1309 869 1374 serti
891 1307 1025 1392 lapilli³.
1066 1306 1223 1371 l'cfellisti
1243 1325 1354 1372 canem
1376 1314 1409 1370 et
1425 1328 1479 1372 an-

173 1431 273 1477 serem
296 1419 413 1478 temere
428 1413 588 1495 peiurans.
630 1411 708 1476 Mihi
724 1418 829 1477 autem
848 1430 910 1476 uon
927 1411 999 1474 boto
1016 1409 1120 1473 officio
1137 1409 1349 1491 simulataque
1364 1409 1480 1474 seduli·

173 1522 253 1590 tate,
275 1514 333 1580 sed
354 1501 498 1580 amanter
519 1522 551 1579 et
571 1514 768 1598 perbenigne
789 1513 983 1578 satisfecisti.
1026 1511 1122 1590 Vale,
1142 1511 1315 1576 amicorum
1336 1517 1480 1576 coustan-

173 1617 303 1682 tissime.
348 1616 394 1680 Ex
415 1616 529 1682 edibus
550 1615 674 1682 nostris.

242 1741 424 1788 Haudscbrll'tl.
443 1741 464 1786 F
484 1740 594 1788 994701.
615 1737 810 1786 tols-2521.

727 1862 928 1872 ---—-—-..

173 1947 251 2016 421.
275 1946 319 2016 ll.
340 1965 386 2013 an
408 1946 543 2018 Urhan.
811 1945 959 2030 (betha)
974 1946 1068 2016 1514.
1100 1945 1237 2028 sugast
1255 1945 1300 2013 92
1317 1945 1407 2012 oder
1422 1948 1479 2014 23.

242 2069 304 2118 Mur.
329 2071 421 2118 moldet
444 2072 488 2118 das
513 2071 567 2118 lrob
592 2071 635 2118 das
658 2071 745 2118 Euhan
768 2072 860 2118 Hesaus
887 2072 981 2118 seitcns
1003 2066 1132 2130 Spsulatius
1159 2071 1209 2116 uud
1237 2075 1303 2128 trrigt
1327 2072 1419 2118 (trusae
1446 2050 1481 2118 arr

171 2141 273 2186 urrunnu
295 2141 386 2187 Hossus
410 2143 461 2188 aul.
497 2141 570 2188 Seius
589 2143 703 2188 Ert'urtsr
721 2143 859 2188 Schuldrrer
881 2143 960 2188 sollers
984 2143 1041 2188 burt
1064 2142 1190 2200 angssaast
1213 2143 1323 2190 worden.
1364 2143 1480 2188 Ucbarall

174 2211 209 2256 soi
229 2226 255 2256 or
274 2227 323 2256 von
345 2211 457 2257 Foiudon
476 2211 611 2274 umgobon3
631 2227 657 2258 es
677 2212 712 2258 sci
733 2213 835 2260 deslralb
855 2212 969 2260 Versiclrt
990 2212 1068 2270 rriitig.

254 2309 389 2372 ilenrico
412 2308 569 2374 Urbano
591 2308 750 2374 Matienus
771 2309 878 2374 Rul'us.

254 2410 283 2475 S.
326 2410 396 2492 llgo
424 2431 500 2475 vero
528 2410 694 2476 devinctus
720 2411 782 2476 tuis
811 2431 888 2494 erga
917 2430 967 2476 me
993 2410 1108 2476 ciliciis
1132 2418 1165 2475 et
1189 2411 1296 2476 multis
1324 2419 1355 2475 et
1386 2413 1480 2476 iustis

174 2513 311 2576 nondum
335 2512 415 2578 satis
437 2519 588 2578 statutum
611 2512 725 2585 babeo,
756 2533 797 2577 an
820 2515 956 2596 parsit,
982 2522 1017 2578 ut
1037 2522 1124 2577 tuam
1146 2513 1334 2579 brevitatem
1355 2533 1480 2596 sequar,

173 2615 232 2678 etsi
249 2622 374 2678 secutus
395 2635 463 2680 sum
487 2614 574 2678 heri4
595 2614 787 2680 includendo
809 2617 919 2682 literas
939 2616 1063 2680 alienas
1082 2636 1153 2680 meo
1173 2615 1353 2681 laconismo.
1397 2616 1478 2680 Nam

173 2717 372 2796 gratissimus
398 2735 467 2781 esse
494 2723 525 2780 et
552 2717 610 2780 tibi
638 2717 831 2783 verbositate
861 2718 988 2802 placere
1015 2737 1141 2801 possum
1168 2725 1200 2782 et
1227 2720 1322 2784 soleo.
1369 2720 1480 2800 ltaque

174 2839 234 2882 non
253 2819 353 2882 solum
376 2819 556 2884 universum
577 2818 725 2900 studium,
747 2819 856 2898 iidem,
879 2839 1016 2903 operam,
1039 2821 1292 2886 benevolentiam
1313 2821 1355 2884 ad
1377 2828 1408 2884 te
1426 2820 1480 2883 dc-

173 2919 254 2994 lero,
287 2921 423 2984 arrricurn
452 2925 649 2985 constantem
675 2928 707 2985 et
733 2921 813 2987 bene
839 2922 999 3006 meritum,
1033 2921 1091 2987 sed
1117 2922 1219 2987 eciam
1248 2923 1312 2987 stili
1336 2922 1479 3005 'copiam

174 3023 369 3106 &palatinus
387 3029 501 3086 natura
517 3022 618 3087 bonus
630 3030 661 3087 ct
673 3022 784 3087 doctus
800 3022 900 3104 bomo,
918 3023 1063 3107 appellat
1077 3023 1241 3088 Ecbanum
1252 3025 1478 3089 Germanorum

175 3123 379 3205 Vergilium⁶.
422 3123 507 3188 Rara
528 3124 611 3205 laus,
638 3124 694 3188 sed
716 3125 786 3189 sine
808 3125 975 3190 verborum
995 3125 1112 3208 pbuco,
1142 3145 1267 3206 cerusa,
1287 3129 1480 3210 purpurisso,

175 3227 308 3290 sincera.
351 3227 462 3308 Neque
483 3227 567 3291 enim
589 3227 735 3291 adulator
754 3233 817 3306 est,
844 3234 876 3291 et
897 3234 992 3310 poeta
1019 3235 1124 3292 noster
1144 3229 1219 3292 talis
1240 3229 1348 3312 procul
1371 3229 1479 3293 dubio.

174 3329 270 3392 lanus
297 3327 439 3392 ttessust
471 3329 576 3411 patria
603 3328 738 3392 Noricus
770 3349 827 3393 nos
859 3337 959 3409 aurat,
992 3330 1069 3411 quia
1099 3349 1157 3395 uos
1191 3330 1251 3394 hoe
1275 3331 1360 3394 idem
1386 3332 1418 3396 in
1444 3351 1479 3397 se

100 3447 114 3474 ⁰
174 3430 278 3494 lacere
300 3437 415 3494 censet.
459 3431 639 3513 Scripturus
661 3430 702 3494 ad
727 3433 877 3512 puerum⁷
898 3437 984 3495 tuum
1006 3432 1110 3496 saluta
1131 3431 1243 3496 Ianum
1272 3433 1369 3497 illum.
1412 3434 1479 3498 Hoc

174 3540 260 3596 tuum
281 3532 440 3596 scribendi
462 3532 646 3598 beneficium
670 3553 829 3616 nunquam
852 3535 937 3618 apud
954 3553 1025 3598 curu
1039 3534 1305 3598 intermoriturum
1321 3535 1478 3598 existimo.

177 3633 223 3697 lta
251 3633 463 3718 perhumanus
492 3641 523 3699 et
550 3633 686 3698 disertus
711 3642 759 3700 est
784 3644 816 3700 et
841 3656 960 3699 memor
986 3635 1121 3719 accepti.
1162 3634 1212 3700 De
1233 3637 1306 3700 Tito
1327 3636 1428 3699 Mario
1448 3645 1480 3700 et

175 3735 323 3799 Schilonc
352 3737 396 3799 ita
423 3738 539 3802 sentio:
565 3735 752 3819 lmponunt8
774 3738 865 3802 nobis
885 3757 964 3803 onus
985 3757 1098 3817 graue,
1125 3743 1159 3802 ut
1178 3737 1304 3820 exigam
1326 3738 1479 3820 singulari

245 3851 256 3879 ²
277 3859 310 3904 l‘a
329 3864 363 3906 st.

238 4009 248 4051 ¹
270 4014 333 4085 Vgl.
345 4015 390 4072 Br.
402 4015 458 4068 277
483 4015 512 4077 S.
524 4017 582 4070 364
604 4017 716 4075 Anm.l
741 4035 767 4071 u.
789 4015 835 4074 Br.
849 4017 906 4071 378
929 4016 957 4074 S.
969 4018 1007 4070 38
1029 4016 1113 4074 Anm.
1127 4018 1152 4072 1.

237 4089 250 4131 ‘2
272 4095 334 4166 Vgl.
347 4095 390 4150 Br.
402 4096 460 4149 378
482 4097 509 4155 S.
521 4097 568 4151 38.

238 4168 253 4212 3
272 4174 336 4245 Vgl.
346 4175 391 4230 Br.
403 4173 460 4229 419
485 4175 512 4234 S.
525 4177 570 4232 80.

236 4249 249 4291 ⁴
272 4254 337 4325 Vgl.
355 4256 409 4309 deu
428 4256 541 4328 rorigeri
560 4257 647 4315 Briof.

238 4329 252 4371 5
275 4335 362 4389 Wohl
381 4354 430 4390 aus
451 4335 552 4391 Aulass
572 4339 621 4392 der
642 4336 744 4392 scoben
767 4337 965 4393 nracbicncncu
987 4338 1136 4397 Heroides.

238 4409 252 4451 ὓ
275 4415 461 4486 Vglssnssl'rl
484 4416 509 4472 S.
524 4417 557 4470 17
580 4417 662 4474 Anrn.
678 4417 703 4474 l.

242 4489 253 4532 ἵ
276 4495 422 4566 Nepotiuu.
464 4497 654 4567 Vgl.llr.193
677 4497 704 4553 S,
719 4499 775 4550 268
798 4499 881 4556 Auru.
895 4500 920 4554 9.

238 4571 252 4612 ⁸
274 4573 352 4630 Noeh
375 4576 402 4628 iu
425 4577 504 4630 Bricf
524 4578 581 4630 388
604 4597 659 4632 war
681 4579 788 4632 Mutina
809 4579 855 4633 fuir
876 4581 1053 4635 behutsames
1072 4581 1230 4652 Vorgeben.

228 4681 391 4732 Gucniotnsqu.
401 4684 421 4723 tl.
431 4684 467 4726 Pr.
478 4683 499 4724 S.
510 4683 590 4726 svnt.
1263 4684 1280 4736 6
