<?xml version="1.0" encoding="UTF-8"?>
<!DOCTYPE html PUBLIC "-//W3C//DTD XHTML 1.0 Transitional//EN"
    "http://www.w3.org/TR/xhtml1/DTD/xhtml1-transitional.dtd">
<html xmlns="http://www.w3.org/1999/xhtml" xml:lang="en" lang="en">
 <head>
  <title>
</title>
<meta http-equiv="Content-Type" content="text/html;charset=utf-8" />
  <meta name='ocr-system' content='tesseract 3.04.00' />
  <meta name='ocr-capabilities' content='ocr_page ocr_carea ocr_par ocr_line ocrx_word'/>
</head>
<body>
  <div class='ocr_page' id='page_1' title='image "./derbriefwechsel00sachgoog_0546.png"; bbox 0 0 3625 5192; ppageno 0'>
   <div class='ocr_carea' id='block_1_1' title="bbox 676 292 1521 373">
    <p class='ocr_par' dir='ltr' id='par_1_1' title="bbox 676 292 1521 373">
     <span class='ocr_line' id='line_1_1' title="bbox 676 292 1521 373; baseline -0.002 0"><span class='ocrx_word' id='word_1_1' title='bbox 676 317 766 373; x_wconf 67' lang='lat' dir='ltr'>saera</span> <span class='ocrx_word' id='word_1_2' title='bbox 782 318 903 373; x_wconf 77' lang='lat' dir='ltr'>nutans</span> <span class='ocrx_word' id='word_1_3' title='bbox 922 318 980 371; x_wconf 82' lang='lat' dir='ltr'>ers.</span> <span class='ocrx_word' id='word_1_4' title='bbox 1000 318 1059 371; x_wconf 82' lang='lat' dir='ltr'>aro.</span> <span class='ocrx_word' id='word_1_5' title='bbox 1487 292 1521 373; x_wconf 82' lang='lat' dir='ltr'>ao</span> 
     </span>
    </p>
   </div>
   <div class='ocr_carea' id='block_1_2' title="bbox 216 466 1522 941">
    <p class='ocr_par' dir='ltr' id='par_1_2' title="bbox 216 466 1522 857">
     <span class='ocr_line' id='line_1_2' title="bbox 217 466 1521 549; baseline 0 -18"><span class='ocrx_word' id='word_1_6' title='bbox 217 467 284 531; x_wconf 91' lang='lat' dir='ltr'>Hee</span> <span class='ocrx_word' id='word_1_7' title='bbox 322 467 476 549; x_wconf 81' lang='lat' dir='ltr'>interpres</span> <span class='ocrx_word' id='word_1_8' title='bbox 514 466 654 532; x_wconf 80' lang='lat' dir='ltr'>Hesiodi.</span> <span class='ocrx_word' id='word_1_9' title='bbox 718 467 786 531; x_wconf 90' lang='lat' dir='ltr'>Nos</span> <span class='ocrx_word' id='word_1_10' title='bbox 822 467 854 531; x_wconf 90' lang='lat' dir='ltr'>in</span> <span class='ocrx_word' id='word_1_11' title='bbox 892 474 1072 531; x_wconf 87' lang='lat' dir='ltr'>transcursu</span> <span class='ocrx_word' id='word_1_12' title='bbox 1107 466 1304 548; x_wconf 83' lang='lat' dir='ltr'>signavimus</span> <span class='ocrx_word' id='word_1_13' title='bbox 1338 468 1521 532; x_wconf 80' lang='lat' dir='ltr'>relationem</span> 
     </span>
     <span class='ocr_line' id='line_1_3' title="bbox 217 568 1522 652; baseline 0.001 -19"><span class='ocrx_word' id='word_1_14' title='bbox 217 569 359 652; x_wconf 85' lang='lat' dir='ltr'>hospitis.</span> <span class='ocrx_word' id='word_1_15' title='bbox 405 569 515 633; x_wconf 75' lang='lat' dir='ltr'>Saluta</span> <span class='ocrx_word' id='word_1_16' title='bbox 533 589 605 648; x_wconf 88' lang='lat' dir='ltr'>eos,</span> <span class='ocrx_word' id='word_1_17' title='bbox 625 569 678 651; x_wconf 89' lang='lat' dir='ltr'>qui</span> <span class='ocrx_word' id='word_1_18' title='bbox 701 568 859 650; x_wconf 82' lang='lat' dir='ltr'>Capnioui</span> <span class='ocrx_word' id='word_1_19' title='bbox 880 578 912 633; x_wconf 88' lang='lat' dir='ltr'>et</span> <span class='ocrx_word' id='word_1_20' title='bbox 934 569 1029 633; x_wconf 87' lang='lat' dir='ltr'>verbo</span> <span class='ocrx_word' id='word_1_21' title='bbox 1048 575 1080 631; x_wconf 91' lang='lat' dir='ltr'>et</span> <span class='ocrx_word' id='word_1_22' title='bbox 1101 569 1206 634; x_wconf 89' lang='lat' dir='ltr'>animo</span> <span class='ocrx_word' id='word_1_23' title='bbox 1233 569 1341 634; x_wconf 79' lang='lat' dir='ltr'>tarent</span> <span class='ocrx_word' id='word_1_24' title='bbox 1365 572 1522 652; x_wconf 90' lang='lat' dir='ltr'>preteritis</span> 
     </span>
     <span class='ocr_line' id='line_1_4' title="bbox 216 670 1522 753; baseline 0.002 -18"><span class='ocrx_word' id='word_1_25' title='bbox 216 671 463 737; x_wconf 71' lang='lat' dir='ltr'><strong>detrahentibus.</strong></span> <span class='ocrx_word' id='word_1_26' title='bbox 504 672 546 735; x_wconf 87' lang='lat' dir='ltr'>iii</span> <span class='ocrx_word' id='word_1_27' title='bbox 565 672 629 737; x_wconf 88' lang='lat' dir='ltr'>siut</span> <span class='ocrx_word' id='word_1_28' title='bbox 650 672 716 736; x_wconf 89' lang='lat' dir='ltr'>iure</span> <span class='ocrx_word' id='word_1_29' title='bbox 736 670 973 753; x_wconf 81' lang='lat' dir='ltr'>exaugurandi²</span> <span class='ocrx_word' id='word_1_30' title='bbox 995 670 1134 751; x_wconf 85' lang='lat' dir='ltr'>exleges,</span> <span class='ocrx_word' id='word_1_31' title='bbox 1157 671 1226 736; x_wconf 80' lang='lat' dir='ltr'>illib</span> <span class='ocrx_word' id='word_1_32' title='bbox 1247 692 1322 737; x_wconf 83' lang='lat' dir='ltr'>vcro</span> <span class='ocrx_word' id='word_1_33' title='bbox 1339 672 1522 737; x_wconf 85' lang='lat' dir='ltr'>valetudine</span> 
     </span>
     <span class='ocr_line' id='line_1_5' title="bbox 217 774 800 857; baseline 0.002 -20"><span class='ocrx_word' id='word_1_34' title='bbox 217 774 427 857; x_wconf 84' lang='lat' dir='ltr'>prosperrima</span> <span class='ocrx_word' id='word_1_35' title='bbox 448 781 481 837; x_wconf 89' lang='lat' dir='ltr'>et</span> <span class='ocrx_word' id='word_1_36' title='bbox 500 782 671 857; x_wconf 69' lang='lat' dir='ltr'>perpetior</span> <span class='ocrx_word' id='word_1_37' title='bbox 692 774 800 838; x_wconf 81' lang='lat' dir='ltr'><strong>nostri.</strong></span> 
     </span>
    </p>

    <p class='ocr_par' dir='ltr' id='par_1_3' title="bbox 298 874 838 941">
     <span class='ocr_line' id='line_1_6' title="bbox 298 874 838 941; baseline -0.002 -2"><span class='ocrx_word' id='word_1_38' title='bbox 298 876 357 939; x_wconf 79' lang='lat' dir='ltr'>vit</span> <span class='ocrx_word' id='word_1_39' title='bbox 378 876 478 941; x_wconf 83' lang='lat' dir='ltr'>Eidus</span> <span class='ocrx_word' id='word_1_40' title='bbox 499 876 607 941; x_wconf 88' lang='lat' dir='ltr'>lunias</span> <span class='ocrx_word' id='word_1_41' title='bbox 627 874 838 940; x_wconf 82' lang='lat' dir='ltr'>DDDXVIX.</span> 
     </span>
    </p>
   </div>
   <div class='ocr_carea' id='block_1_3' title="bbox 216 999 1522 1117">
    <p class='ocr_par' dir='ltr' id='par_1_4' title="bbox 216 999 1522 1117">
     <span class='ocr_line' id='line_1_7' title="bbox 286 999 1522 1051; baseline 0.006 -7"><span class='ocrx_word' id='word_1_42' title='bbox 286 999 467 1046; x_wconf 78' lang='lat' dir='ltr'>Handsebriftl.</span> <span class='ocrx_word' id='word_1_43' title='bbox 491 999 511 1045; x_wconf 68' lang='lat'>1¹¹</span> <span class='ocrx_word' id='word_1_44' title='bbox 531 999 578 1047; x_wconf 80' lang='grc'>172</span> <span class='ocrx_word' id='word_1_45' title='bbox 600 999 847 1047; x_wconf 76' lang='grc' dir='ltr'>ίοΙ.124ν-125τ,</span> <span class='ocrx_word' id='word_1_46' title='bbox 926 1000 1001 1047; x_wconf 84' lang='lat' dir='ltr'>Godr.</span> <span class='ocrx_word' id='word_1_47' title='bbox 1025 1000 1049 1047; x_wconf 89' lang='lat' dir='ltr'>b.</span> <span class='ocrx_word' id='word_1_48' title='bbox 1067 1000 1101 1047; x_wconf 78' lang='lat' dir='ltr'>&#39;i&#39;n</span> <span class='ocrx_word' id='word_1_49' title='bbox 1119 1002 1202 1048; x_wconf 56' lang='lat'>&amp;112</span> <span class='ocrx_word' id='word_1_50' title='bbox 1229 1019 1272 1049; x_wconf 86' lang='lat' dir='ltr'>eon</span> <span class='ocrx_word' id='word_1_51' title='bbox 1292 1002 1353 1049; x_wconf 80' lang='lat' dir='ltr'>Erat</span> <span class='ocrx_word' id='word_1_52' title='bbox 1371 1004 1398 1049; x_wconf 91' lang='lat' dir='ltr'>in</span> <span class='ocrx_word' id='word_1_53' title='bbox 1421 1003 1456 1051; x_wconf 81' lang='lat' dir='ltr'>bis</span> <span class='ocrx_word' id='word_1_54' title='bbox 1475 1004 1522 1051; x_wconf 91' lang='lat' dir='ltr'>ibit</span> 
     </span>
     <span class='ocr_line' id='line_1_8' title="bbox 216 1069 874 1117; baseline 0.002 -2"><span class='ocrx_word' id='word_1_55' title='bbox 216 1069 317 1115; x_wconf 84' lang='lat' dir='ltr'>obviarn</span> <span class='ocrx_word' id='word_1_56' title='bbox 337 1070 386 1115; x_wconf 80' lang='lat' dir='ltr'>aad</span> <span class='ocrx_word' id='word_1_57' title='bbox 403 1086 450 1117; x_wconf 81' lang='lat' dir='ltr'>eoa</span> <span class='ocrx_word' id='word_1_58' title='bbox 467 1071 554 1117; x_wconf 76' lang='lat' dir='ltr'>Saluta</span> <span class='ocrx_word' id='word_1_59' title='bbox 573 1086 615 1117; x_wconf 81' lang='lat' dir='ltr'>eos</span> <span class='ocrx_word' id='word_1_60' title='bbox 635 1069 670 1117; x_wconf 81' lang='lat' dir='ltr'>bis</span> <span class='ocrx_word' id='word_1_61' title='bbox 688 1086 740 1117; x_wconf 79' lang='lat' dir='ltr'>:erre</span> <span class='ocrx_word' id='word_1_62' title='bbox 758 1070 874 1117; x_wconf 74' lang='lat' dir='ltr'>Sebirrsre.</span> 
     </span>
    </p>
   </div>
   <div class='ocr_carea' id='block_1_4' title="bbox 292 1160 1034 1236">
    <p class='ocr_par' dir='ltr' id='par_1_5' title="bbox 292 1160 1034 1236">
     <span class='ocr_line' id='line_1_9' title="bbox 292 1160 1034 1236; baseline 0.003 -15"><span class='ocrx_word' id='word_1_63' title='bbox 292 1170 353 1222; x_wconf 58' lang='grc' dir='ltr'>Ἢ</span> <span class='ocrx_word' id='word_1_64' title='bbox 372 1176 559 1223; x_wconf 73' lang='lat' dir='ltr'>exauctorandi.</span> <span class='ocrx_word' id='word_1_65' title='bbox 636 1160 691 1221; x_wconf 72' lang='lat' dir='ltr'>l&#39;1¹&#39;</span> <span class='ocrx_word' id='word_1_66' title='bbox 703 1177 753 1224; x_wconf 77' lang='lat' dir='ltr'>itte.</span> <span class='ocrx_word' id='word_1_67' title='bbox 824 1172 837 1200; x_wconf 82' lang='lat'>⁰</span> <span class='ocrx_word' id='word_1_68' title='bbox 855 1177 889 1223; x_wconf 62' lang='grc' dir='ltr'>Τπ</span> <span class='ocrx_word' id='word_1_69' title='bbox 900 1181 1034 1236; x_wconf 81' lang='lat' dir='ltr'>¹perpetua.</span> 
     </span>
    </p>
   </div>
   <div class='ocr_carea' id='block_1_5' title="bbox 215 1390 1521 1473">
    <p class='ocr_par' dir='ltr' id='par_1_6' title="bbox 215 1390 1521 1473">
     <span class='ocr_line' id='line_1_10' title="bbox 215 1390 1521 1473; baseline 0.005 -13"><span class='ocrx_word' id='word_1_70' title='bbox 215 1393 296 1461; x_wconf 78' lang='grc'><strong>379.</strong></span> <span class='ocrx_word' id='word_1_71' title='bbox 319 1391 363 1458; x_wconf 84' lang='lat' dir='ltr'>il.</span> <span class='ocrx_word' id='word_1_72' title='bbox 385 1410 431 1459; x_wconf 90' lang='lat' dir='ltr'>an</span> <span class='ocrx_word' id='word_1_73' title='bbox 452 1391 587 1459; x_wconf 86' lang='lat' dir='ltr'>Urban.</span> <span class='ocrx_word' id='word_1_74' title='bbox 1079 1390 1226 1473; x_wconf 80' lang='lat' dir='ltr'>ttictlra)</span> <span class='ocrx_word' id='word_1_75' title='bbox 1240 1394 1335 1464; x_wconf 83' lang='lat' dir='ltr'>lblt.</span> <span class='ocrx_word' id='word_1_76' title='bbox 1368 1394 1456 1460; x_wconf 76' lang='lat' dir='ltr'>iani</span> <span class='ocrx_word' id='word_1_77' title='bbox 1467 1393 1521 1466; x_wconf 85' lang='lat'>13.</span> 
     </span>
    </p>
   </div>
   <div class='ocr_carea' id='block_1_6' title="bbox 215 1516 1611 1706">
    <p class='ocr_par' dir='ltr' id='par_1_7' title="bbox 215 1516 1611 1706">
     <span class='ocr_line' id='line_1_11' title="bbox 284 1516 1520 1576; baseline 0.002 -13"><span class='ocrx_word' id='word_1_78' title='bbox 284 1518 346 1566; x_wconf 83' lang='lat' dir='ltr'>Mat.</span> <span class='ocrx_word' id='word_1_79' title='bbox 367 1519 419 1565; x_wconf 76' lang='lat' dir='ltr'>halt</span> <span class='ocrx_word' id='word_1_80' title='bbox 436 1534 462 1565; x_wconf 81' lang='lat' dir='ltr'>es</span> <span class='ocrx_word' id='word_1_81' title='bbox 480 1519 520 1564; x_wconf 81' lang='lat' dir='ltr'>fuir</span> <span class='ocrx_word' id='word_1_82' title='bbox 537 1532 707 1576; x_wconf 77' lang='lat' dir='ltr'>arigernesson,</span> <span class='ocrx_word' id='word_1_83' title='bbox 726 1517 782 1562; x_wconf 90' lang='lat' dir='ltr'>dem</span> <span class='ocrx_word' id='word_1_84' title='bbox 797 1516 906 1562; x_wconf 79' lang='lat' dir='ltr'>iiirst‘eld</span> <span class='ocrx_word' id='word_1_85' title='bbox 927 1516 968 1561; x_wconf 87' lang='lat' dir='ltr'>oia</span> <span class='ocrx_word' id='word_1_86' title='bbox 983 1516 1115 1562; x_wconf 86' lang='lat' dir='ltr'>Goscircnk</span> <span class='ocrx_word' id='word_1_87' title='bbox 1135 1530 1164 1562; x_wconf 82' lang='grc' dir='ltr'>ἰιι</span> <span class='ocrx_word' id='word_1_88' title='bbox 1184 1518 1288 1563; x_wconf 88' lang='lat' dir='ltr'>maciren</span> <span class='ocrx_word' id='word_1_89' title='bbox 1308 1519 1359 1565; x_wconf 87' lang='lat' dir='ltr'>und</span> <span class='ocrx_word' id='word_1_90' title='bbox 1379 1520 1453 1565; x_wconf 87' lang='lat' dir='ltr'>bittet</span> <span class='ocrx_word' id='word_1_91' title='bbox 1472 1521 1520 1567; x_wconf 89' lang='lat' dir='ltr'>den</span> 
     </span>
     <span class='ocr_line' id='line_1_12' title="bbox 215 1586 1611 1658; baseline 0.001 -23"><span class='ocrx_word' id='word_1_92' title='bbox 215 1589 310 1648; x_wconf 80' lang='lat' dir='ltr'>Urban,</span> <span class='ocrx_word' id='word_1_93' title='bbox 328 1603 402 1635; x_wconf 80' lang='lat' dir='ltr'>werin</span> <span class='ocrx_word' id='word_1_94' title='bbox 422 1589 477 1635; x_wconf 79' lang='lat' dir='ltr'>scin</span> <span class='ocrx_word' id='word_1_95' title='bbox 496 1587 735 1646; x_wconf 81' lang='lat' dir='ltr'>Berotlmitchtigter</span> <span class='ocrx_word' id='word_1_96' title='bbox 753 1587 876 1633; x_wconf 82' lang='lat' dir='ltr'>inErt&#39;trrt</span> <span class='ocrx_word' id='word_1_97' title='bbox 895 1586 965 1633; x_wconf 89' lang='lat' dir='ltr'>nicht</span> <span class='ocrx_word' id='word_1_98' title='bbox 987 1587 1075 1633; x_wconf 82' lang='lat' dir='ltr'>nahlun</span> <span class='ocrx_word' id='word_1_99' title='bbox 1093 1588 1175 1642; x_wconf 87' lang='lat' dir='ltr'>solitu,</span> <span class='ocrx_word' id='word_1_100' title='bbox 1197 1587 1238 1633; x_wconf 89' lang='lat' dir='ltr'>die</span> <span class='ocrx_word' id='word_1_101' title='bbox 1258 1588 1520 1637; x_wconf 75' lang='lat' dir='ltr'>bctroffcndcb&#39;urnrnc</span> <span class='ocrx_word' id='word_1_102' title='bbox 1608 1652 1611 1658; x_wconf 28' lang='grc' dir='ltr'>Ι</span> 
     </span>
     <span class='ocr_line' id='line_1_13' title="bbox 216 1658 881 1706; baseline -0.002 -1"><span class='ocrx_word' id='word_1_103' title='bbox 216 1660 267 1705; x_wconf 89' lang='lat' dir='ltr'>ilnn</span> <span class='ocrx_word' id='word_1_104' title='bbox 288 1661 334 1705; x_wconf 86' lang='lat' dir='ltr'>aus</span> <span class='ocrx_word' id='word_1_105' title='bbox 349 1658 390 1705; x_wconf 91' lang='lat' dir='ltr'>oiu</span> <span class='ocrx_word' id='word_1_106' title='bbox 408 1659 472 1706; x_wconf 78' lang='lat' dir='ltr'>debr</span> <span class='ocrx_word' id='word_1_107' title='bbox 491 1674 522 1705; x_wconf 83' lang='lat' dir='ltr'>zu</span> <span class='ocrx_word' id='word_1_108' title='bbox 541 1658 632 1705; x_wconf 83' lang='lat' dir='ltr'>leiiren.</span> <span class='ocrx_word' id='word_1_109' title='bbox 875 1666 881 1675; x_wconf 86' lang='lat'>&#39;</span> 
     </span>
    </p>
   </div>
   <div class='ocr_carea' id='block_1_7' title="bbox 213 1752 1553 4090">
    <p class='ocr_par' dir='ltr' id='par_1_8' title="bbox 215 1752 1520 1939">
     <span class='ocr_line' id='line_1_14' title="bbox 295 1752 1520 1839; baseline 0.003 -19"><span class='ocrx_word' id='word_1_110' title='bbox 295 1756 550 1822; x_wconf 86' lang='lat' dir='ltr'>Prostantissiuro</span> <span class='ocrx_word' id='word_1_111' title='bbox 572 1762 712 1839; x_wconf 87' lang='lat' dir='ltr'>patrum,</span> <span class='ocrx_word' id='word_1_112' title='bbox 741 1753 920 1819; x_wconf 89' lang='lat' dir='ltr'>venerabili</span> <span class='ocrx_word' id='word_1_113' title='bbox 942 1752 1113 1835; x_wconf 92' lang='lat' dir='ltr'>Urbano,</span> <span class='ocrx_word' id='word_1_114' title='bbox 1140 1756 1208 1821; x_wconf 84' lang='lat' dir='ltr'>viro</span> <span class='ocrx_word' id='word_1_115' title='bbox 1234 1755 1340 1837; x_wconf 72' lang='lat' dir='ltr'>clereto,</span> <span class='ocrx_word' id='word_1_116' title='bbox 1368 1778 1424 1823; x_wconf 90' lang='lat' dir='ltr'>suo</span> <span class='ocrx_word' id='word_1_117' title='bbox 1444 1760 1520 1824; x_wconf 89' lang='lat' dir='ltr'>anri·</span> 
     </span>
     <span class='ocr_line' id='line_1_15' title="bbox 215 1858 660 1939; baseline -0.002 -15"><span class='ocrx_word' id='word_1_118' title='bbox 215 1859 351 1939; x_wconf 88' lang='lat' dir='ltr'>cissimo,</span> <span class='ocrx_word' id='word_1_119' title='bbox 373 1858 534 1923; x_wconf 75' lang='lat' dir='ltr'>Marianus</span> <span class='ocrx_word' id='word_1_120' title='bbox 553 1858 660 1923; x_wconf 84' lang='lat' dir='ltr'>Rui&#39;us</span> 
     </span>
    </p>

    <p class='ocr_par' dir='ltr' id='par_1_9' title="bbox 213 1960 1553 4090">
     <span class='ocr_line' id='line_1_16' title="bbox 294 1960 1520 2029; baseline 0 -2"><span class='ocrx_word' id='word_1_121' title='bbox 294 1962 325 2027; x_wconf 87' lang='lat' dir='ltr'>S.</span> <span class='ocrx_word' id='word_1_122' title='bbox 347 1961 425 2025; x_wconf 83' lang='lat' dir='ltr'>Erat</span> <span class='ocrx_word' id='word_1_123' title='bbox 443 1960 521 2025; x_wconf 91' lang='lat' dir='ltr'>mihi</span> <span class='ocrx_word' id='word_1_124' title='bbox 543 1961 576 2024; x_wconf 90' lang='lat' dir='ltr'>iu</span> <span class='ocrx_word' id='word_1_125' title='bbox 605 1961 712 2024; x_wconf 89' lang='lat' dir='ltr'>animo</span> <span class='ocrx_word' id='word_1_126' title='bbox 739 1960 863 2025; x_wconf 84' lang='lat' dir='ltr'>steriles</span> <span class='ocrx_word' id='word_1_127' title='bbox 888 1960 1011 2025; x_wconf 86' lang='lat' dir='ltr'>mittere</span> <span class='ocrx_word' id='word_1_128' title='bbox 1034 1960 1143 2025; x_wconf 77' lang='lat' dir='ltr'>literas</span> <span class='ocrx_word' id='word_1_129' title='bbox 1170 1963 1272 2027; x_wconf 88' lang='lat' dir='ltr'>onmis</span> <span class='ocrx_word' id='word_1_130' title='bbox 1296 1962 1417 2028; x_wconf 87' lang='lat' dir='ltr'>scilieet</span> <span class='ocrx_word' id='word_1_131' title='bbox 1445 1962 1520 2029; x_wconf 92' lang='lat' dir='ltr'>doni</span> 
     </span>
     <span class='ocr_line' id='line_1_17' title="bbox 215 2059 1521 2149; baseline 0 -20"><span class='ocrx_word' id='word_1_132' title='bbox 215 2071 361 2149; x_wconf 80' lang='lat' dir='ltr'>expertes</span> <span class='ocrx_word' id='word_1_133' title='bbox 378 2063 418 2127; x_wconf 90' lang='lat' dir='ltr'>ad</span> <span class='ocrx_word' id='word_1_134' title='bbox 440 2062 576 2127; x_wconf 87' lang='lat' dir='ltr'>nobilem</span> <span class='ocrx_word' id='word_1_135' title='bbox 593 2059 816 2141; x_wconf 85' lang='lat' dir='ltr'>Herst&#39;eldum,¹</span> <span class='ocrx_word' id='word_1_136' title='bbox 838 2068 904 2126; x_wconf 89' lang='lat' dir='ltr'>tum</span> <span class='ocrx_word' id='word_1_137' title='bbox 916 2062 991 2143; x_wconf 88' lang='lat' dir='ltr'>quia</span> <span class='ocrx_word' id='word_1_138' title='bbox 1004 2062 1191 2127; x_wconf 70' lang='lat' dir='ltr'>rur-nutant</span> <span class='ocrx_word' id='word_1_139' title='bbox 1209 2063 1289 2126; x_wconf 90' lang='lat' dir='ltr'>ultro</span> <span class='ocrx_word' id='word_1_140' title='bbox 1304 2062 1393 2128; x_wconf 82' lang='lat' dir='ltr'>dedit</span> <span class='ocrx_word' id='word_1_141' title='bbox 1406 2066 1521 2148; x_wconf 76' lang='lat' dir='ltr'>Spala-</span> 
     </span>
     <span class='ocr_line' id='line_1_18' title="bbox 215 2158 1522 2245; baseline 0.002 -15"><span class='ocrx_word' id='word_1_142' title='bbox 215 2167 300 2231; x_wconf 91' lang='lat' dir='ltr'>tinus</span> <span class='ocrx_word' id='word_1_143' title='bbox 326 2165 413 2231; x_wconf 89' lang='lat' dir='ltr'>laudi</span> <span class='ocrx_word' id='word_1_144' title='bbox 441 2184 510 2230; x_wconf 87' lang='lat' dir='ltr'>mee</span> <span class='ocrx_word' id='word_1_145' title='bbox 530 2164 686 2241; x_wconf 90' lang='lat' dir='ltr'>serviens,</span> <span class='ocrx_word' id='word_1_146' title='bbox 716 2171 781 2228; x_wconf 92' lang='lat' dir='ltr'>tum</span> <span class='ocrx_word' id='word_1_147' title='bbox 803 2164 880 2245; x_wconf 87' lang='lat' dir='ltr'>qrria</span> <span class='ocrx_word' id='word_1_148' title='bbox 899 2184 961 2229; x_wconf 91' lang='lat' dir='ltr'>non</span> <span class='ocrx_word' id='word_1_149' title='bbox 984 2164 1139 2229; x_wconf 83' lang='lat' dir='ltr'>habebam</span> <span class='ocrx_word' id='word_1_150' title='bbox 1162 2164 1203 2228; x_wconf 89' lang='lat' dir='ltr'>ad</span> <span class='ocrx_word' id='word_1_151' title='bbox 1225 2185 1336 2229; x_wconf 89' lang='lat' dir='ltr'>uranus</span> <span class='ocrx_word' id='word_1_152' title='bbox 1356 2167 1387 2230; x_wconf 90' lang='lat' dir='ltr'>X</span> <span class='ocrx_word' id='word_1_153' title='bbox 1405 2158 1522 2232; x_wconf 78' lang='lat' dir='ltr'>aureos</span> 
     </span>
     <span class='ocr_line' id='line_1_19' title="bbox 215 2266 1519 2349; baseline 0.002 -17"><span class='ocrx_word' id='word_1_154' title='bbox 215 2289 236 2332; x_wconf 87' lang='lat' dir='ltr'>a</span> <span class='ocrx_word' id='word_1_155' title='bbox 256 2268 397 2334; x_wconf 82' lang='lat' dir='ltr'>ricario³</span> <span class='ocrx_word' id='word_1_156' title='bbox 418 2287 488 2333; x_wconf 89' lang='lat' dir='ltr'>meo</span> <span class='ocrx_word' id='word_1_157' title='bbox 509 2266 735 2347; x_wconf 86' lang='lat' dir='ltr'>numerandos,</span> <span class='ocrx_word' id='word_1_158' title='bbox 757 2286 835 2349; x_wconf 88' lang='lat' dir='ltr'>quos</span> <span class='ocrx_word' id='word_1_159' title='bbox 856 2273 961 2331; x_wconf 88' lang='lat' dir='ltr'>tamen</span> <span class='ocrx_word' id='word_1_160' title='bbox 984 2266 1072 2333; x_wconf 77' lang='lat' dir='ltr'>breui</span> <span class='ocrx_word' id='word_1_161' title='bbox 1093 2268 1245 2332; x_wconf 90' lang='lat' dir='ltr'>missurus</span> <span class='ocrx_word' id='word_1_162' title='bbox 1266 2274 1323 2332; x_wconf 91' lang='lat' dir='ltr'>est.</span> <span class='ocrx_word' id='word_1_163' title='bbox 1364 2268 1519 2334; x_wconf 88' lang='lat' dir='ltr'>Nolcbam</span> 
     </span>
     <span class='ocr_line' id='line_1_20' title="bbox 215 2367 1522 2445; baseline 0 -10"><span class='ocrx_word' id='word_1_164' title='bbox 215 2372 299 2435; x_wconf 86' lang='lat' dir='ltr'>eninr</span> <span class='ocrx_word' id='word_1_165' title='bbox 320 2372 360 2433; x_wconf 88' lang='lat' dir='ltr'>ab</span> <span class='ocrx_word' id='word_1_166' title='bbox 381 2378 413 2434; x_wconf 91' lang='lat' dir='ltr'>te</span> <span class='ocrx_word' id='word_1_167' title='bbox 433 2369 578 2445; x_wconf 87' lang='lat' dir='ltr'>mutuari,</span> <span class='ocrx_word' id='word_1_168' title='bbox 600 2370 661 2434; x_wconf 91' lang='lat' dir='ltr'>etsi</span> <span class='ocrx_word' id='word_1_169' title='bbox 680 2367 759 2434; x_wconf 85' lang='lat' dir='ltr'>tides</span> <span class='ocrx_word' id='word_1_170' title='bbox 779 2368 837 2433; x_wconf 91' lang='lat' dir='ltr'>tibi</span> <span class='ocrx_word' id='word_1_171' title='bbox 849 2388 920 2434; x_wconf 87' lang='lat' dir='ltr'>urea</span> <span class='ocrx_word' id='word_1_172' title='bbox 930 2374 1046 2435; x_wconf 86' lang='lat' dir='ltr'>testata</span> <span class='ocrx_word' id='word_1_173' title='bbox 1068 2369 1110 2435; x_wconf 90' lang='lat' dir='ltr'>sit</span> <span class='ocrx_word' id='word_1_174' title='bbox 1121 2376 1152 2435; x_wconf 90' lang='lat' dir='ltr'>et</span> <span class='ocrx_word' id='word_1_175' title='bbox 1163 2374 1287 2433; x_wconf 89' lang='lat' dir='ltr'>mutuus</span> <span class='ocrx_word' id='word_1_176' title='bbox 1308 2391 1397 2435; x_wconf 82' lang='lat' dir='ltr'>annor</span> <span class='ocrx_word' id='word_1_177' title='bbox 1415 2379 1522 2437; x_wconf 89' lang='lat' dir='ltr'>noster</span> 
     </span>
     <span class='ocr_line' id='line_1_21' title="bbox 214 2471 1519 2557; baseline 0.002 -19"><span class='ocrx_word' id='word_1_178' title='bbox 214 2473 293 2538; x_wconf 85' lang='lat' dir='ltr'>satis</span> <span class='ocrx_word' id='word_1_179' title='bbox 315 2472 475 2556; x_wconf 87' lang='lat' dir='ltr'>probatus.</span> <span class='ocrx_word' id='word_1_180' title='bbox 516 2472 682 2553; x_wconf 86' lang='lat' dir='ltr'>Noiebam,</span> <span class='ocrx_word' id='word_1_181' title='bbox 704 2473 848 2553; x_wconf 87' lang='lat' dir='ltr'>inquam,</span> <span class='ocrx_word' id='word_1_182' title='bbox 869 2478 960 2556; x_wconf 86' lang='lat' dir='ltr'>pater</span> <span class='ocrx_word' id='word_1_183' title='bbox 979 2471 1114 2556; x_wconf 90' lang='lat' dir='ltr'>optime,</span> <span class='ocrx_word' id='word_1_184' title='bbox 1136 2478 1188 2537; x_wconf 90' lang='lat' dir='ltr'>tuo</span> <span class='ocrx_word' id='word_1_185' title='bbox 1210 2474 1252 2536; x_wconf 91' lang='lat' dir='ltr'>uti</span> <span class='ocrx_word' id='word_1_186' title='bbox 1277 2473 1415 2556; x_wconf 87' lang='lat' dir='ltr'>peculio,</span> <span class='ocrx_word' id='word_1_187' title='bbox 1435 2475 1519 2557; x_wconf 87' lang='lat' dir='ltr'>quod</span> 
     </span>
     <span class='ocr_line' id='line_1_22' title="bbox 214 2574 1521 2659; baseline 0 -19"><span class='ocrx_word' id='word_1_188' title='bbox 214 2576 259 2641; x_wconf 90' lang='lat' dir='ltr'>sis</span> <span class='ocrx_word' id='word_1_189' title='bbox 290 2575 454 2659; x_wconf 87' lang='lat' dir='ltr'>pecunioie</span> <span class='ocrx_word' id='word_1_190' title='bbox 480 2574 541 2651; x_wconf 70' lang='lat' dir='ltr'>(sic</span> <span class='ocrx_word' id='word_1_191' title='bbox 567 2574 651 2639; x_wconf 89' lang='lat' dir='ltr'>enim</span> <span class='ocrx_word' id='word_1_192' title='bbox 681 2575 828 2657; x_wconf 84' lang='lat' dir='ltr'>cognovi)</span> <span class='ocrx_word' id='word_1_193' title='bbox 856 2574 951 2657; x_wconf 87' lang='lat' dir='ltr'>paulo</span> <span class='ocrx_word' id='word_1_194' title='bbox 980 2576 1128 2653; x_wconf 80' lang='lat' dir='ltr'>tenacior.</span> <span class='ocrx_word' id='word_1_195' title='bbox 1176 2574 1240 2640; x_wconf 83' lang='lat' dir='ltr'>Sed</span> <span class='ocrx_word' id='word_1_196' title='bbox 1267 2594 1337 2640; x_wconf 89' lang='lat' dir='ltr'>curn</span> <span class='ocrx_word' id='word_1_197' title='bbox 1360 2574 1521 2641; x_wconf 88' lang='lat' dir='ltr'>videretur</span> 
     </span>
     <span class='ocr_line' id='line_1_23' title="bbox 215 2674 1520 2761; baseline 0.002 -18"><span class='ocrx_word' id='word_1_198' title='bbox 215 2679 337 2760; x_wconf 82' lang='lat' dir='ltr'>utrique</span> <span class='ocrx_word' id='word_1_199' title='bbox 357 2684 497 2743; x_wconf 90' lang='lat' dir='ltr'>nostrum</span> <span class='ocrx_word' id='word_1_200' title='bbox 519 2683 609 2761; x_wconf 87' lang='lat' dir='ltr'>turpe</span> <span class='ocrx_word' id='word_1_201' title='bbox 630 2674 734 2741; x_wconf 88' lang='lat' dir='ltr'>adhue</span> <span class='ocrx_word' id='word_1_202' title='bbox 754 2687 817 2742; x_wconf 87' lang='lat' dir='ltr'>non</span> <span class='ocrx_word' id='word_1_203' title='bbox 838 2677 943 2759; x_wconf 81' lang='lat' dir='ltr'>egisse</span> <span class='ocrx_word' id='word_1_204' title='bbox 964 2696 1020 2759; x_wconf 87' lang='lat' dir='ltr'>pro</span> <span class='ocrx_word' id='word_1_205' title='bbox 1041 2676 1152 2742; x_wconf 89' lang='lat' dir='ltr'>tabula</span> <span class='ocrx_word' id='word_1_206' title='bbox 1167 2676 1291 2741; x_wconf 85' lang='lat' dir='ltr'>mirifici</span> <span class='ocrx_word' id='word_1_207' title='bbox 1312 2678 1417 2761; x_wconf 91' lang='lat' dir='ltr'>operis</span> <span class='ocrx_word' id='word_1_208' title='bbox 1427 2678 1520 2745; x_wconf 87' lang='lat' dir='ltr'>Hers-</span> 
     </span>
     <span class='ocr_line' id='line_1_24' title="bbox 215 2778 1519 2863; baseline -0.002 -18"><span class='ocrx_word' id='word_1_209' title='bbox 215 2781 298 2845; x_wconf 88' lang='lat' dir='ltr'>t&#39;eido</span> <span class='ocrx_word' id='word_1_210' title='bbox 317 2780 454 2862; x_wconf 81' lang='lat' dir='ltr'>gratias,</span> <span class='ocrx_word' id='word_1_211' title='bbox 480 2781 590 2863; x_wconf 87' lang='lat' dir='ltr'>putari</span> <span class='ocrx_word' id='word_1_212' title='bbox 613 2778 795 2844; x_wconf 85' lang='lat' dir='ltr'>tarditatem</span> <span class='ocrx_word' id='word_1_213' title='bbox 816 2779 899 2843; x_wconf 87' lang='lat' dir='ltr'>banc</span> <span class='ocrx_word' id='word_1_214' title='bbox 920 2798 1021 2843; x_wconf 88' lang='lat' dir='ltr'>rocam</span> <span class='ocrx_word' id='word_1_215' title='bbox 1043 2798 1104 2844; x_wconf 92' lang='lat' dir='ltr'>uon</span> <span class='ocrx_word' id='word_1_216' title='bbox 1131 2779 1305 2859; x_wconf 87' lang='lat' dir='ltr'>sterilibus,</span> <span class='ocrx_word' id='word_1_217' title='bbox 1331 2779 1387 2844; x_wconf 91' lang='lat' dir='ltr'>sed</span> <span class='ocrx_word' id='word_1_218' title='bbox 1413 2780 1519 2845; x_wconf 86' lang='lat' dir='ltr'>frueti-</span> 
     </span>
     <span class='ocr_line' id='line_1_25' title="bbox 216 2880 1521 2965; baseline -0.001 -17"><span class='ocrx_word' id='word_1_219' title='bbox 216 2884 291 2949; x_wconf 88' lang='lat' dir='ltr'>t&#39;eris</span> <span class='ocrx_word' id='word_1_220' title='bbox 312 2883 456 2965; x_wconf 88' lang='lat' dir='ltr'>epistolis</span> <span class='ocrx_word' id='word_1_221' title='bbox 478 2901 644 2965; x_wconf 84' lang='lat' dir='ltr'>excusare,</span> <span class='ocrx_word' id='word_1_222' title='bbox 672 2890 706 2946; x_wconf 89' lang='lat' dir='ltr'>ut</span> <span class='ocrx_word' id='word_1_223' title='bbox 725 2881 826 2946; x_wconf 87' lang='lat' dir='ltr'>divini</span> <span class='ocrx_word' id='word_1_224' title='bbox 848 2881 946 2945; x_wconf 88' lang='lat' dir='ltr'>animi</span> <span class='ocrx_word' id='word_1_225' title='bbox 975 2880 1099 2945; x_wconf 88' lang='lat' dir='ltr'>iuvenis</span> <span class='ocrx_word' id='word_1_226' title='bbox 1131 2887 1163 2945; x_wconf 89' lang='lat' dir='ltr'>et</span> <span class='ocrx_word' id='word_1_227' title='bbox 1188 2882 1375 2947; x_wconf 86' lang='lat' dir='ltr'>arroteritatc</span> <span class='ocrx_word' id='word_1_228' title='bbox 1404 2902 1521 2965; x_wconf 76' lang='lat' dir='ltr'>taragna</span> 
     </span>
     <span class='ocr_line' id='line_1_26' title="bbox 217 2982 1520 3068; baseline 0 -19"><span class='ocrx_word' id='word_1_229' title='bbox 217 2985 368 3067; x_wconf 87' lang='lat' dir='ltr'>preditus,</span> <span class='ocrx_word' id='word_1_230' title='bbox 386 3004 479 3050; x_wconf 90' lang='lat' dir='ltr'>carus</span> <span class='ocrx_word' id='word_1_231' title='bbox 490 2986 638 3068; x_wconf 80' lang='lat' dir='ltr'>principi,</span> <span class='ocrx_word' id='word_1_232' title='bbox 656 2984 811 3048; x_wconf 89' lang='lat' dir='ltr'>iucundus</span> <span class='ocrx_word' id='word_1_233' title='bbox 824 2982 1048 3066; x_wconf 86' lang='lat' dir='ltr'>Degenhardo,</span> <span class='ocrx_word' id='word_1_234' title='bbox 1069 2984 1161 3048; x_wconf 93' lang='lat' dir='ltr'>nobis</span> <span class='ocrx_word' id='word_1_235' title='bbox 1181 2990 1291 3065; x_wconf 87' lang='lat' dir='ltr'>gratus</span> <span class='ocrx_word' id='word_1_236' title='bbox 1313 2991 1343 3048; x_wconf 90' lang='lat' dir='ltr'>et</span> <span class='ocrx_word' id='word_1_237' title='bbox 1354 2984 1520 3067; x_wconf 80' lang='lat' dir='ltr'>Spalatino</span> 
     </span>
     <span class='ocr_line' id='line_1_27' title="bbox 213 3084 1520 3171; baseline -0.002 -17"><span class='ocrx_word' id='word_1_238' title='bbox 213 3093 338 3154; x_wconf 87' lang='lat' dir='ltr'>faveret</span> <span class='ocrx_word' id='word_1_239' title='bbox 358 3088 533 3171; x_wconf 85' lang='lat' dir='ltr'>impensius</span> <span class='ocrx_word' id='word_1_240' title='bbox 555 3095 587 3151; x_wconf 89' lang='lat' dir='ltr'>et</span> <span class='ocrx_word' id='word_1_241' title='bbox 607 3086 701 3167; x_wconf 89' lang='lat' dir='ltr'>mibi,</span> <span class='ocrx_word' id='word_1_242' title='bbox 721 3088 766 3151; x_wconf 90' lang='lat' dir='ltr'>uti</span> <span class='ocrx_word' id='word_1_243' title='bbox 783 3088 960 3166; x_wconf 87' lang='lat' dir='ltr'>consuevit,</span> <span class='ocrx_word' id='word_1_244' title='bbox 981 3086 1189 3169; x_wconf 79' lang='lat' dir='ltr'>principalem</span> <span class='ocrx_word' id='word_1_245' title='bbox 1204 3084 1345 3167; x_wconf 77' lang='lat' dir='ltr'>graciam</span> <span class='ocrx_word' id='word_1_246' title='bbox 1369 3092 1520 3171; x_wconf 87' lang='lat' dir='ltr'>perpetuo</span> 
     </span>
     <span class='ocr_line' id='line_1_28' title="bbox 216 3187 1522 3271; baseline -0.002 -16"><span class='ocrx_word' id='word_1_247' title='bbox 216 3195 426 3256; x_wconf 85' lang='lat' dir='ltr'>conservaret.</span> <span class='ocrx_word' id='word_1_248' title='bbox 468 3188 561 3270; x_wconf 87' lang='lat' dir='ltr'>Vide,</span> <span class='ocrx_word' id='word_1_249' title='bbox 581 3208 688 3271; x_wconf 83' lang='lat' dir='ltr'>queso,</span> <span class='ocrx_word' id='word_1_250' title='bbox 709 3188 785 3270; x_wconf 88' lang='lat' dir='ltr'>quid</span> <span class='ocrx_word' id='word_1_251' title='bbox 800 3189 919 3253; x_wconf 86' lang='lat' dir='ltr'>scribat</span> <span class='ocrx_word' id='word_1_252' title='bbox 931 3189 1104 3253; x_wconf 87' lang='lat' dir='ltr'>communis</span> <span class='ocrx_word' id='word_1_253' title='bbox 1124 3189 1253 3253; x_wconf 90' lang='lat' dir='ltr'>amicus.</span> <span class='ocrx_word' id='word_1_254' title='bbox 1294 3187 1357 3252; x_wconf 88' lang='lat' dir='ltr'>Res</span> <span class='ocrx_word' id='word_1_255' title='bbox 1377 3188 1450 3270; x_wconf 89' lang='lat' dir='ltr'>ipsa</span> <span class='ocrx_word' id='word_1_256' title='bbox 1472 3188 1522 3252; x_wconf 88' lang='lat' dir='ltr'>vel</span> 
     </span>
     <span class='ocr_line' id='line_1_29' title="bbox 216 3289 1521 3376; baseline -0.003 -19"><span class='ocrx_word' id='word_1_257' title='bbox 216 3314 267 3359; x_wconf 81' lang='lat' dir='ltr'>ure</span> <span class='ocrx_word' id='word_1_258' title='bbox 285 3301 412 3358; x_wconf 89' lang='lat' dir='ltr'>tacente</span> <span class='ocrx_word' id='word_1_259' title='bbox 433 3292 491 3357; x_wconf 91' lang='lat' dir='ltr'>tibi</span> <span class='ocrx_word' id='word_1_260' title='bbox 514 3290 711 3376; x_wconf 75' lang='lat' dir='ltr'>persuadeat.</span> <span class='ocrx_word' id='word_1_261' title='bbox 753 3292 789 3356; x_wconf 88' lang='lat' dir='ltr'>Si</span> <span class='ocrx_word' id='word_1_262' title='bbox 801 3291 952 3375; x_wconf 69' lang='lat' dir='ltr'>Scbyloni</span> <span class='ocrx_word' id='word_1_263' title='bbox 965 3290 1092 3356; x_wconf 85' lang='lat' dir='ltr'>adesset</span> <span class='ocrx_word' id='word_1_264' title='bbox 1103 3290 1212 3373; x_wconf 87' lang='lat' dir='ltr'>aliqua</span> <span class='ocrx_word' id='word_1_265' title='bbox 1233 3290 1335 3373; x_wconf 87' lang='lat' dir='ltr'>portio</span> <span class='ocrx_word' id='word_1_266' title='bbox 1360 3289 1521 3369; x_wconf 88' lang='lat' dir='ltr'>bonitatis,</span> 
     </span>
     <span class='ocr_line' id='line_1_30' title="bbox 216 3392 1523 3479; baseline -0.003 -18"><span class='ocrx_word' id='word_1_267' title='bbox 216 3416 278 3461; x_wconf 91' lang='lat' dir='ltr'>nou</span> <span class='ocrx_word' id='word_1_268' title='bbox 300 3415 350 3461; x_wconf 86' lang='lat' dir='ltr'>ure</span> <span class='ocrx_word' id='word_1_269' title='bbox 372 3395 548 3479; x_wconf 88' lang='lat' dir='ltr'>deciperet,</span> <span class='ocrx_word' id='word_1_270' title='bbox 569 3414 632 3457; x_wconf 90' lang='lat' dir='ltr'>uon</span> <span class='ocrx_word' id='word_1_271' title='bbox 653 3393 795 3459; x_wconf 88' lang='lat' dir='ltr'>hiantem</span> <span class='ocrx_word' id='word_1_272' title='bbox 816 3392 1032 3477; x_wconf 88' lang='lat' dir='ltr'>suspenderet.</span> <span class='ocrx_word' id='word_1_273' title='bbox 1075 3392 1158 3471; x_wconf 83' lang='lat' dir='ltr'>Quid</span> <span class='ocrx_word' id='word_1_274' title='bbox 1181 3392 1354 3457; x_wconf 83' lang='lat' dir='ltr'>faciemus?</span> <span class='ocrx_word' id='word_1_275' title='bbox 1396 3394 1523 3476; x_wconf 82' lang='lat' dir='ltr'>Accipe,</span> 
     </span>
     <span class='ocr_line' id='line_1_31' title="bbox 215 3494 1522 3580; baseline -0.003 -19"><span class='ocrx_word' id='word_1_276' title='bbox 215 3497 366 3580; x_wconf 86' lang='lat' dir='ltr'>quicquid</span> <span class='ocrx_word' id='word_1_277' title='bbox 387 3498 416 3561; x_wconf 89' lang='lat' dir='ltr'>is</span> <span class='ocrx_word' id='word_1_278' title='bbox 435 3496 577 3576; x_wconf 88' lang='lat' dir='ltr'>dederit,</span> <span class='ocrx_word' id='word_1_279' title='bbox 606 3494 748 3560; x_wconf 89' lang='lat' dir='ltr'>simodo</span> <span class='ocrx_word' id='word_1_280' title='bbox 771 3496 846 3578; x_wconf 78' lang='lat' dir='ltr'>quid</span> <span class='ocrx_word' id='word_1_281' title='bbox 868 3496 960 3559; x_wconf 88' lang='lat' dir='ltr'>dabit</span> <span class='ocrx_word' id='word_1_282' title='bbox 989 3496 1159 3577; x_wconf 85' lang='lat' dir='ltr'>instigatus</span> <span class='ocrx_word' id='word_1_283' title='bbox 1180 3516 1201 3559; x_wconf 87' lang='lat' dir='ltr'>a</span> <span class='ocrx_word' id='word_1_284' title='bbox 1229 3514 1288 3559; x_wconf 90' lang='lat' dir='ltr'>me.</span> <span class='ocrx_word' id='word_1_285' title='bbox 1334 3494 1389 3558; x_wconf 86' lang='lat' dir='ltr'>Sin</span> <span class='ocrx_word' id='word_1_286' title='bbox 1417 3500 1522 3558; x_wconf 88' lang='lat' dir='ltr'>autem</span> 
     </span>
     <span class='ocr_line' id='line_1_32' title="bbox 217 3596 1524 3683; baseline -0.003 -20"><span class='ocrx_word' id='word_1_287' title='bbox 217 3599 297 3663; x_wconf 88' lang='lat' dir='ltr'>nibil</span> <span class='ocrx_word' id='word_1_288' title='bbox 326 3598 529 3683; x_wconf 87' lang='lat' dir='ltr'>persolverit,</span> <span class='ocrx_word' id='word_1_289' title='bbox 560 3605 664 3663; x_wconf 86' lang='lat' dir='ltr'>tamen</span> <span class='ocrx_word' id='word_1_290' title='bbox 693 3598 753 3663; x_wconf 89' lang='lat' dir='ltr'>crit</span> <span class='ocrx_word' id='word_1_291' title='bbox 782 3597 898 3663; x_wconf 86' lang='lat' dir='ltr'>amoris</span> <span class='ocrx_word' id='word_1_292' title='bbox 927 3597 1053 3680; x_wconf 88' lang='lat' dir='ltr'>quidem</span> <span class='ocrx_word' id='word_1_293' title='bbox 1081 3597 1128 3660; x_wconf 93' lang='lat' dir='ltr'>tui</span> <span class='ocrx_word' id='word_1_294' title='bbox 1152 3604 1183 3661; x_wconf 89' lang='lat' dir='ltr'>et</span> <span class='ocrx_word' id='word_1_295' title='bbox 1209 3603 1292 3661; x_wconf 89' lang='lat' dir='ltr'>certe</span> <span class='ocrx_word' id='word_1_296' title='bbox 1316 3596 1458 3676; x_wconf 87' lang='lat' dir='ltr'>consilii,</span> <span class='ocrx_word' id='word_1_297' title='bbox 1490 3604 1524 3660; x_wconf 91' lang='lat' dir='ltr'>ut</span> 
     </span>
     <span class='ocr_line' id='line_1_33' title="bbox 216 3698 1523 3785; baseline -0.002 -20"><span class='ocrx_word' id='word_1_298' title='bbox 216 3722 330 3785; x_wconf 80' lang='lat' dir='ltr'>quaeras</span> <span class='ocrx_word' id='word_1_299' title='bbox 342 3708 374 3765; x_wconf 92' lang='lat' dir='ltr'>et</span> <span class='ocrx_word' id='word_1_300' title='bbox 387 3719 475 3765; x_wconf 87' lang='lat' dir='ltr'>ernas</span> <span class='ocrx_word' id='word_1_301' title='bbox 493 3700 670 3781; x_wconf 88' lang='lat' dir='ltr'>speciosum</span> <span class='ocrx_word' id='word_1_302' title='bbox 691 3719 803 3764; x_wconf 87' lang='lat' dir='ltr'>munus</span> <span class='ocrx_word' id='word_1_303' title='bbox 822 3700 968 3784; x_wconf 86' lang='lat' dir='ltr'>specioso</span> <span class='ocrx_word' id='word_1_304' title='bbox 991 3699 1147 3780; x_wconf 78' lang='lat' dir='ltr'>tavissori,</span> <span class='ocrx_word' id='word_1_305' title='bbox 1168 3699 1299 3765; x_wconf 88' lang='lat' dir='ltr'>ecianrsi</span> <span class='ocrx_word' id='word_1_306' title='bbox 1317 3720 1337 3762; x_wconf 88' lang='lat' dir='ltr'>x</span> <span class='ocrx_word' id='word_1_307' title='bbox 1357 3698 1399 3764; x_wconf 87' lang='lat' dir='ltr'>sit</span> <span class='ocrx_word' id='word_1_308' title='bbox 1418 3699 1523 3763; x_wconf 83' lang='lat' dir='ltr'>aureis</span> 
     </span>
     <span class='ocr_line' id='line_1_34' title="bbox 218 3800 1524 3886; baseline -0.002 -18"><span class='ocrx_word' id='word_1_309' title='bbox 218 3804 393 3885; x_wconf 86' lang='lat' dir='ltr'>emendum.</span> <span class='ocrx_word' id='word_1_310' title='bbox 434 3802 577 3868; x_wconf 86' lang='lat' dir='ltr'>Habebis</span> <span class='ocrx_word' id='word_1_311' title='bbox 598 3811 703 3867; x_wconf 90' lang='lat' dir='ltr'>autem</span> <span class='ocrx_word' id='word_1_312' title='bbox 724 3803 949 3886; x_wconf 81' lang='lat' dir='ltr'>professionem</span> <span class='ocrx_word' id='word_1_313' title='bbox 970 3802 1160 3885; x_wconf 62' lang='lat' dir='ltr'>signarent,</span> <span class='ocrx_word' id='word_1_314' title='bbox 1181 3800 1285 3881; x_wconf 83' lang='lat' dir='ltr'>quoad</span> <span class='ocrx_word' id='word_1_315' title='bbox 1306 3800 1400 3866; x_wconf 87' lang='lat' dir='ltr'>tidem</span> <span class='ocrx_word' id='word_1_316' title='bbox 1421 3823 1524 3867; x_wconf 91' lang='lat' dir='ltr'>meam</span> 
     </span>
     <span class='ocr_line' id='line_1_35' title="bbox 217 3903 1553 3988; baseline -0.002 -18"><span class='ocrx_word' id='word_1_317' title='bbox 217 3906 275 3970; x_wconf 91' lang='lat' dir='ltr'>tibi</span> <span class='ocrx_word' id='word_1_318' title='bbox 295 3906 468 3987; x_wconf 82' lang='lat' dir='ltr'>obligatam</span> <span class='ocrx_word' id='word_1_319' title='bbox 490 3905 654 3970; x_wconf 87' lang='lat' dir='ltr'>resolvero.</span> <span class='ocrx_word' id='word_1_320' title='bbox 695 3905 767 3968; x_wconf 86' lang='lat' dir='ltr'>Non</span> <span class='ocrx_word' id='word_1_321' title='bbox 790 3910 821 3971; x_wconf 91' lang='lat' dir='ltr'>te</span> <span class='ocrx_word' id='word_1_322' title='bbox 842 3910 959 3969; x_wconf 81' lang='lat' dir='ltr'>terreat</span> <span class='ocrx_word' id='word_1_323' title='bbox 980 3905 1057 3968; x_wconf 89' lang='lat' dir='ltr'>arrni</span> <span class='ocrx_word' id='word_1_324' title='bbox 1085 3904 1242 3988; x_wconf 85' lang='lat' dir='ltr'>spacium,</span> <span class='ocrx_word' id='word_1_325' title='bbox 1271 3904 1371 3968; x_wconf 90' lang='lat' dir='ltr'>serius</span> <span class='ocrx_word' id='word_1_326' title='bbox 1392 3924 1452 3968; x_wconf 93' lang='lat' dir='ltr'>non</span> <span class='ocrx_word' id='word_1_327' title='bbox 1471 3903 1526 3967; x_wconf 90' lang='lat' dir='ltr'>iiet</span> <span class='ocrx_word' id='word_1_328' title='bbox 1547 3971 1553 3983; x_wconf 63' lang='grc'><strong>,</strong></span> 
     </span>
     <span class='ocr_line' id='line_1_36' title="bbox 218 4006 1525 4090; baseline -0.002 -19"><span class='ocrx_word' id='word_1_329' title='bbox 218 4008 395 4088; x_wconf 85' lang='lat' dir='ltr'>restitucio,</span> <span class='ocrx_word' id='word_1_330' title='bbox 422 4007 530 4083; x_wconf 88' lang='lat' dir='ltr'>eitius,</span> <span class='ocrx_word' id='word_1_331' title='bbox 566 4026 673 4090; x_wconf 89' lang='lat' dir='ltr'>spero,</span> <span class='ocrx_word' id='word_1_332' title='bbox 700 4006 763 4073; x_wconf 84' lang='lat' dir='ltr'>det.</span> <span class='ocrx_word' id='word_1_333' title='bbox 804 4006 950 4072; x_wconf 82' lang='lat' dir='ltr'>Timidus</span> <span class='ocrx_word' id='word_1_334' title='bbox 970 4014 1001 4072; x_wconf 90' lang='lat' dir='ltr'>ct</span> <span class='ocrx_word' id='word_1_335' title='bbox 1021 4006 1261 4071; x_wconf 87' lang='lat' dir='ltr'>cunctabundus</span> <span class='ocrx_word' id='word_1_336' title='bbox 1282 4006 1339 4070; x_wconf 86' lang='lat' dir='ltr'>hec</span> <span class='ocrx_word' id='word_1_337' title='bbox 1362 4007 1466 4071; x_wconf 90' lang='lat' dir='ltr'>scribo</span> <span class='ocrx_word' id='word_1_338' title='bbox 1494 4012 1525 4071; x_wconf 89' lang='lat' dir='ltr'>ct</span> 
     </span>
    </p>
   </div>
   <div class='ocr_carea' id='block_1_8' title="bbox 218 4236 1524 4635">
    <p class='ocr_par' dir='ltr' id='par_1_10' title="bbox 283 4236 994 4311">
     <span class='ocr_line' id='line_1_37' title="bbox 283 4236 994 4311; baseline 0 -18"><span class='ocrx_word' id='word_1_339' title='bbox 283 4236 379 4311; x_wconf 77' lang='lat' dir='ltr'>lvgt</span> <span class='ocrx_word' id='word_1_340' title='bbox 402 4240 634 4296; x_wconf 64' lang='lat' dir='ltr'>successsit</span> <span class='ocrx_word' id='word_1_341' title='bbox 658 4240 739 4294; x_wconf 71' lang='lat' dir='ltr'>dnm.</span> <span class='ocrx_word' id='word_1_342' title='bbox 753 4239 847 4294; x_wconf 68' lang='lat' dir='ltr'>‘tund</span> <span class='ocrx_word' id='word_1_343' title='bbox 870 4239 914 4293; x_wconf 85' lang='lat' dir='ltr'>Br.</span> <span class='ocrx_word' id='word_1_344' title='bbox 927 4238 994 4294; x_wconf 73' lang='grc'>375.</span> 
     </span>
    </p>

    <p class='ocr_par' dir='ltr' id='par_1_11' title="bbox 279 4316 733 4375">
     <span class='ocr_line' id='line_1_38' title="bbox 279 4316 733 4375; baseline -0.005 0.009"><span class='ocrx_word' id='word_1_345' title='bbox 279 4316 293 4358; x_wconf 79' lang='lat'>‘²</span> <span class='ocrx_word' id='word_1_346' title='bbox 313 4320 467 4375; x_wconf 86' lang='lat' dir='ltr'>Vielleieht</span> <span class='ocrx_word' id='word_1_347' title='bbox 488 4322 533 4375; x_wconf 87' lang='lat' dir='ltr'>cin</span> <span class='ocrx_word' id='word_1_348' title='bbox 553 4320 733 4375; x_wconf 82' lang='lat' dir='ltr'>Brevioriurn.</span> 
     </span>
    </p>

    <p class='ocr_par' dir='ltr' id='par_1_12' title="bbox 218 4395 1524 4552">
     <span class='ocr_line' id='line_1_39' title="bbox 279 4395 1524 4471; baseline -0.004 -16"><span class='ocrx_word' id='word_1_349' title='bbox 279 4395 400 4469; x_wconf 80' lang='lat' dir='ltr'>³Sehit,</span> <span class='ocrx_word' id='word_1_350' title='bbox 418 4402 467 4455; x_wconf 84' lang='lat' dir='ltr'>der</span> <span class='ocrx_word' id='word_1_351' title='bbox 487 4400 615 4456; x_wconf 84' lang='lat' dir='ltr'>Erfurtcr</span> <span class='ocrx_word' id='word_1_352' title='bbox 636 4400 903 4471; x_wconf 76' lang='lat' dir='ltr'>Bcrollmiichtigte,</span> <span class='ocrx_word' id='word_1_353' title='bbox 931 4418 1010 4454; x_wconf 75' lang='lat' dir='ltr'>arcum</span> <span class='ocrx_word' id='word_1_354' title='bbox 1030 4399 1084 4453; x_wconf 65' lang='lat' dir='ltr'>nien</span> <span class='ocrx_word' id='word_1_355' title='bbox 1078 4400 1109 4453; x_wconf 81' lang='lat' dir='ltr'>&#39;rt</span> <span class='ocrx_word' id='word_1_356' title='bbox 1130 4399 1174 4452; x_wconf 89' lang='lat' dir='ltr'>ein</span> <span class='ocrx_word' id='word_1_357' title='bbox 1195 4398 1455 4470; x_wconf 80' lang='lat' dir='ltr'>grisilieherVikar</span> <span class='ocrx_word' id='word_1_358' title='bbox 1476 4398 1524 4450; x_wconf 84' lang='lat' dir='ltr'>‹irr-</span> 
     </span>
     <span class='ocr_line' id='line_1_40' title="bbox 218 4480 478 4552; baseline 0.015 -18"><span class='ocrx_word' id='word_1_359' title='bbox 218 4480 270 4535; x_wconf 87' lang='lat' dir='ltr'>mit</span> <span class='ocrx_word' id='word_1_360' title='bbox 289 4480 413 4552; x_wconf 76' lang='lat' dir='ltr'>gerrreint</span> <span class='ocrx_word' id='word_1_361' title='bbox 433 4482 478 4539; x_wconf 83' lang='lat' dir='ltr'>ist.</span> 
     </span>
    </p>

    <p class='ocr_par' dir='ltr' id='par_1_13' title="bbox 278 4557 762 4635">
     <span class='ocr_line' id='line_1_41' title="bbox 278 4557 762 4635; baseline -0.002 -18"><span class='ocrx_word' id='word_1_362' title='bbox 278 4557 378 4634; x_wconf 65' lang='lat' dir='ltr'>*vgn</span> <span class='ocrx_word' id='word_1_363' title='bbox 400 4562 446 4616; x_wconf 87' lang='lat' dir='ltr'>die</span> <span class='ocrx_word' id='word_1_364' title='bbox 468 4560 599 4635; x_wconf 71' lang='lat' dir='ltr'>folgerrde</span> <span class='ocrx_word' id='word_1_365' title='bbox 621 4560 762 4616; x_wconf 87' lang='lat' dir='ltr'>Nurumer.</span> 
     </span>
    </p>
   </div>
   <div class='ocr_carea' id='block_1_9' title="bbox 0 0 1819 5192">
    <p class='ocr_par' dir='ltr' id='par_1_14' title="bbox 0 0 1819 5192">
     <span class='ocr_line' id='line_1_42' title="bbox 0 0 1819 5192; baseline 0 0"><span class='ocrx_word' id='word_1_366' title='bbox 0 0 1819 5192; x_wconf 95' lang='lat' dir='ltr'> </span> 
     </span>
    </p>
   </div>
  </div>
 </body>
</html>
