3625 5192
643 345 733 411 bristo
751 354 872 411 Mntiaus
890 357 933 409 55.
952 356 994 409 56.
1012 354 1054 410 57.
1469 352 1503 409 ta

196 498 253 571 bl.
275 499 783 588 llanlirbauuurlspalatlu.
844 500 979 585 (Hotlra
994 501 1233 571 loto-laon.
1265 500 1503 585 tplltlrurbst.)

268 620 329 667 alut.
348 622 442 670 iordort
460 622 545 671 Urban
565 624 611 669 aui
625 638 711 683 wagan
730 623 825 683 einiger
843 624 941 669 Blloluar
960 636 991 669 ιιιι
1012 622 1134 669 Heushlin
1155 638 1184 669 nu
1203 622 1333 669 subrslbeu
1354 622 1404 667 und
1423 622 1504 667 rlaulrt

198 691 254 737 darn
263 692 378 751 §palatiu
398 694 437 741 srlr
453 694 495 741 die
508 694 642 741 errrieaoue
652 693 866 741 l‘raurrdllolrhait.
901 694 954 739 llas
974 696 1024 739 alte
1033 692 1178 740 Tastameut
1187 693 1268 740 labala
1287 693 1333 739 wie
1353 692 1393 737 oin
1404 692 1503 752 Apollo·

201 762 269 820 rrius,
292 764 413 824 Apuleius
430 764 480 811 und
500 766 624 824 Aesopus:
646 772 721 811 anter
738 764 905 823 narmlmng
922 764 1002 811 diosas
1021 762 1246 824 Gasicbtspuuklas
1264 763 1298 810 aei
1318 764 1381 809 auolr
1400 762 1441 809 die
1460 763 1503 809 Er·

200 832 307 892 dhlnng
323 848 374 881 von
391 834 471 881 Jonas
491 836 525 881 im
539 834 684 881 Walltiaohe
702 835 892 881 autunnahnren.

278 932 415 997 Henrioo
436 932 590 998 Urbano
611 941 644 997 et
655 932 794 1015 Georgio
805 933 982 1017 spalatino,
1004 932 1165 1015 magistris
1180 931 1323 1013 eruditis,
1344 932 1503 999 lllntianus

199 1033 312 1202 Ramisi.
354 1136 429 1201 Tibi
450 1136 572 1221 gratias
592 1158 665 1221 ago,
685 1138 739 1220 qni
762 1157 810 1218 re,
829 1139 943 1217 verbo,
962 1136 1090 1223 seriptis
1111 1144 1142 1203 et
1162 1136 1247 1203 omni
1270 1138 1390 1220 pietate
1408 1144 1505 1219 atoue

198 1238 302 1303 alticio
328 1258 386 1305 nos
411 1240 555 1305 adiuvas,
596 1239 799 1307 Itinerarium
825 1240 1013 1327 impetrasti.
1062 1240 1228 1325 Superest,
1259 1247 1294 1305 ut
1318 1240 1441 1305 soribas
1461 1239 1504 1304 ad

198 1341 414 1425 Capnionoml
435 1361 621 1425 querasque,
644 1363 687 1409 an
708 1342 830 1426 aliquid
845 1343 964 1409 habeat
980 1342 1113 1409 Arnobii
1123 1345 1147 1423 ²,
1167 1342 1221 1424 qui
1233 1341 1414 1408 Laetantii³
1435 1362 1503 1424 pre-

197 1449 306 1528 oeptor
326 1442 402 1524 luit,
421 1462 463 1509 an
484 1444 656 1510 orationem
678 1444 811 1510 luliani²
832 1444 979 1511 Cesaris⁴
1006 1444 1150 1525 desole,
1178 1465 1219 1510 an
1241 1444 1393 1529 epistolas
1415 1446 1504 1527 Sym·

197 1544 329 1611 mathi.5
362 1546 516 1611 Putabam
528 1547 636 1611 xxiv
649 1545 789 1613 miliaria
797 1566 877 1613 esse.
910 1547 1177 1632 Notanturplura.
1208 1546 1504 1629 ltaqueVboomos.

198 1646 290 1712 Adde
311 1647 375 1712 illis
395 1646 486 1729 xvi,
508 1656 541 1714 ut
559 1667 683 1713 summa
702 1648 813 1713 llorim
833 1648 876 1715 sit
895 1649 1028 1732 equalis.
1070 1649 1171 1715 Breve
1198 1648 1327 1715 vendito
1348 1651 1423 1714 vino
1446 1649 1505 1715 tibi

198 1750 394 1815 satisfaciam
414 1757 448 1814 et
467 1770 582 1817 nomen
605 1770 801 1835 expungam,
827 1758 862 1817 nt
883 1750 976 1817 deoet
996 1752 1131 1817 amioum
1153 1750 1227 1817 lidei
1252 1751 1388 1835 plenum.
1431 1750 1504 1817 Tibi

199 1870 337 1933 quoqne,
358 1852 540 1934 spalatino,
560 1852 683 1935 gratias
700 1873 778 1935 ago,
799 1854 853 1934 qui
874 1860 906 1917 ta
924 1860 957 1917 at
977 1852 1126 1934 gentilem
1149 1852 1241 1919 ollers
1263 1853 1339 1917 mihi
1361 1861 1393 1919 et
1413 1854 1504 1935 quasi

198 1952 400 2037 manoiparis.
441 1953 490 2021 De
503 1954 577 2021 lobo
598 1954 734 2021 soribam
755 1955 839 2021 alias
858 1962 892 2019 ot
911 1955 1092 2038 opinionem
1109 1955 1304 2037 quorundam
1326 1954 1503 2021 inflatorum

198 2055 331 2122 elevabo
352 2056 500 2136 testibus,
529 2058 725 2140 argumentis
745 2064 778 2123 et
797 2058 961 2142 exemplis.
1003 2056 1158 2141 Apuleius
1186 2066 1219 2123 et
1238 2058 1448 2141 Apollonins⁶
1473 2066 1506 2122 et

196 2159 341 2242 Aesopus
359 2159 548 2225 fabulantur.
590 2160 646 2225 Sia
669 2168 702 2225 et
722 2161 879 2245 scriptura
899 2159 1038 2225 ludaioa.
1087 2160 1182 2225 lonas
1203 2160 1237 2223 in
1259 2161 1347 2245 pisae
1374 2159 1505 2227 deletuit

198 2260 321 2327 habens
345 2281 442 2347 snpra
468 2263 617 2329 vertioem
643 2263 847 2329 onourbitam.
895 2262 1036 2329 sedebat
1063 2264 1095 2327 in
1122 2263 1261 2341 balneis,
1294 2262 1408 2344 quibus
1436 2270 1506 2329 ento

199 2384 312 2429 nomen
337 2372 407 2430 erat
434 2372 467 2431 et
494 2366 658 2431 oneurbita
680 2373 747 2430 erat
767 2366 917 2449 pileolum
949 2365 1235 2445 stramenticeumt,
1266 2384 1328 2445 qno
1360 2365 1506 2430 lavantes

199 2472 337 2531 utuntur.
377 2466 558 2532 Ridiculum
580 2466 640 2533 hou
658 2476 716 2545 est,
737 2466 1179 2549 sedhabeomagisridionla,
1200 2486 1262 2548 quo
1282 2474 1386 2533 tamen
1408 2466 1506 2531 latine

198 2566 345 2633 (linuntur
365 2575 579 2649 sacramenta,
607 2588 701 2652 grece
722 2569 882 2653 mysteria.
926 2568 975 2635 De
995 2568 1110 2651 quibus
1136 2588 1196 2633 non
1228 2568 1343 2633 dioam.
1386 2568 1435 2633 Tu
1459 2570 1506 2633 l'er

198 2671 306 2736 animo
326 2672 468 2747 infracto,
490 2691 552 2755 que
572 2671 650 2737 tinnt
667 2679 700 2736 et
720 2671 882 2737 emendari
896 2678 1044 2754 nequunt.
1086 2670 1166 2736 Mori
1187 2672 1270 2735 enim
1291 2690 1353 2736 non
1375 2677 1507 2754 possunt

198 2793 261 2838 non
283 2774 407 2839 morari.
448 2774 572 2841 Desunt
592 2774 684 2839 nobis
704 2773 814 2855 aliqua
832 2779 867 2837 nt
881 2772 1071 2853 hominibus,
1092 2772 1188 2837 moris
1208 2772 1315 2837 omnia
1338 2780 1371 2837 ut
1392 2772 1505 2837 stultis.

199 2875 364 2941 Habentur
384 2877 468 2942 enirn
489 2877 569 2941 mori
590 2875 808 2953 asuisvitiis;
830 2875 910 2940 nibil
923 2895 997 2940 vere
1015 2876 1118 2939 solunt
1135 2873 1373 2959 autpossident.
1396 2872 1484 2941 Vale.

269 3000 449 3047 Haudselnrit‘tl.
469 3000 533 3047 aaa
552 2998 663 3047 iol-87r.
700 3000 776 3047 Godr.
796 3000 820 3047 b.
839 3000 873 3045 Tz
891 3001 913 3047 S.
926 3000 958 3046 52
980 3016 1025 3045 coa
1044 3000 1161 3059 Superest
1180 3006 1207 3045 ut
1228 2999 1264 3046 bis
1283 3014 1332 3045 nou
1353 2998 1441 3046 dicam.

269 3100 280 3125 ³
301 3106 335 3151 Ta
352 3104 417 3153 lulli.
502 3089 515 3126 ¹¹
535 3106 569 3151 Ta
587 3105 793 3151 stramenticium.

205 3225 405 3239 ——d—-ss

263 3315 274 3358 ¹
295 3319 442 3385 Runchlim
462 3338 492 3375 so
512 3328 637 3392 genennt
656 3339 710 3376 von
730 3308 840 3385 καπνός
859 3320 964 3376 Rasum.
1005 3320 1171 3375 Hermolaus
1192 3318 1338 3385 Barbarus,
1360 3318 1405 3371 oin
1425 3334 1506 3373 vone-

200 3400 351 3456 tianisoher
370 3400 528 3468 Humanist,
547 3401 596 3454 hat
617 3402 671 3456 den
692 3400 800 3455 Nameu
821 3410 912 3455 zuerst
931 3402 1118 3472 angeweurlet.

262 3476 438 3535 2Αιιιοιιίιιε
468 3482 524 3552 gab
550 3482 622 3536 nach
652 3482 743 3537 aoinor
762 3480 933 3553 Bokehrung
960 3500 1020 3535 zum
1041 3479 1247 3535 Cbristonturno
1274 3497 1335 3534 ums
1355 3480 1426 3534 lahr
1447 3478 1505 3533 ‘295

202 3560 263 3616 eino
284 3561 492 3633 apologetisohe
513 3560 619 3615 Schrifr.
645 3562 797 3631 „adversus
820 3561 967 3616 nationes*
991 3552 1124 3639 ¹rlloiden)
1151 3562 1177 3615 in
1205 3560 1220 3613 7
1244 3560 1373 3615 Biiehern
1399 3560 1505 3613 heraus.

202 3642 327 3697 Andores
348 3642 398 3697 bat
425 3660 456 3696 er
475 3642 554 3696 nieht
575 3642 764 3697 hintorlasson.
804 3641 859 3697 Die
882 3650 954 3697 erate
977 3642 1105 3713 Ausgabe
1131 3642 1220 3696 dieses
1235 3640 1354 3695 Werlres
1381 3639 1506 3695 enschiou

203 3720 285 3776 1543.

260 3798 276 3841 ³
297 3801 461 3857 Lactantius
481 3820 537 3856 war
557 3802 602 3857 ein
623 3802 798 3859 fruchtbaror
813 3801 1132 3859 Kirshenschriltstoller
1153 3802 1258 3861 souohl
1278 3801 1306 3854 in
1327 3800 1507 3873 gebundenor

200 3883 241 3937 als
263 3884 335 3937 auch
357 3882 386 3935 iu
406 3882 623 3953 ungebundener
642 3882 726 3939 Rode.
767 3882 831 3939 Sein
845 3882 1015 3955 Hauptwork
1037 3882 1116 3937 frihrt
1135 3883 1189 3937 deu
1211 3880 1298 3935 Titel:
1319 3879 1504 3951 „Divinarum

199 3963 405 4017 institutionum
427 3962 491 4016 libri
505 3962 585 4017 VII.“

261 4039 404 4098 ⁴Inliana
429 4042 557 4113 Hymnus
582 4040 622 4107 εἰς
647 4036 774 4116 βασιλέα
799 4035 881 4107 ἥλιον
907 4045 1038 4115 gemeint.
1085 4042 1150 4114 vgl.
1179 4041 1302 4111 Maniai,
1333 4040 1432 4097 Gouola.
1457 4042 1506 4095 dor

198 4123 302 4196 grieeh.
324 4124 466 4178 Literatur
485 4123 512 4179 S.
525 4123 592 4177 579.
605 4122 670 4177 580.

260 4199 379 4259 ⁵Lebto
400 4202 496 4257 345—
513 4202 580 4262 415.
622 4202 704 4259 Soino
723 4204 818 4261 Briefo
839 4204 930 4277 liegsn
953 4206 1038 4260 sehon
1059 4222 1108 4259 vor
1130 4202 1206 4257 1500
1227 4204 1255 4257 in
1278 4204 1355 4258 sinor
1375 4202 1506 4275 Arusgabo

198 4302 255 4339 vor.
299 4284 361 4356 Vgl.
383 4284 489 4338 Panaer
511 4283 616 4338 15204.

261 4360 275 4403 ⁶
297 4364 462 4435 Apollonius
485 4382 539 4417 uon
563 4364 661 4434 Tyana
687 4364 761 4419 lebto
788 4364 826 4418 im
848 4372 939 4420 ersten
961 4365 1149 4420 Jalrrhuurlert
1171 4382 1196 4418 n.
1217 4363 1281 4419 Chr.
1323 4362 1376 4417 Dio
1402 4363 1507 4417 schrift

200 4445 248 4499 uos
270 4444 456 4500 Philostratus
478 4444 548 4498 iiber
569 4445 616 4498 ihu
635 4444 810 4507 (Philostrati
831 4446 865 4499 de
885 4446 943 4501 uita
963 4445 1105 4515 Apollonii
1129 4444 1235 4515 Tyanei
1259 4444 1321 4499 libri
1344 4452 1432 4513 outo,
1461 4444 1505 4499 boi

198 4525 289 4583 ,aluus
311 4524 388 4580 1504
406 4525 581 4595 ersohienen')
602 4526 711 4581 scheint
727 4544 782 4580 uon
802 4526 912 4580 blutian
932 4526 987 4580 viel
1007 4526 1118 4598 gelesen
1139 4542 1173 4579 zu
1193 4526 1262 4583 sein.
