3625 5192
292 340 347 395 168
627 405 634 422 ¹
670 329 930 399 Geschiehlsquelleu
947 330 996 384 der
1013 328 1087 381 Pron.
1106 325 1229 380 Saehson.

291 486 386 555 nobis
401 485 611 562 blandiantur,
633 478 1054 562 ver-itamamarmsitgustu.
1094 475 1178 540 Nam
1200 474 1291 540 honio
1313 471 1454 555 alioquin
1477 472 1598 537 amicus

293 598 325 658 et
344 589 455 656 doctus
481 607 531 652 me
558 585 649 667 quasi
669 583 901 647 criminatorem
921 580 1081 659 aversari,
1109 598 1171 643 uon
1199 583 1234 641 ut
1259 576 1445 642 monitorem
1466 574 1603 638 libenter

298 691 409 758 audire
429 690 563 754 videtur.
604 687 665 764 Qui
687 685 769 751 bono
789 687 855 750 zelo
877 683 1027 766 castigat,
1054 701 1118 746 uon
1138 679 1348 744 calumniatur
1368 686 1400 744 et
1420 678 1475 760 qui
1496 695 1604 742 verum
1679 697 1686 705 ·

298 794 386 873 dicit,
408 812 470 857 non
491 789 638 855 detrahit.
680 787 829 853 Remotus
842 785 883 851 ab
895 784 1019 850 invidia
1032 791 1064 849 et
1076 783 1149 850 odi0
1162 784 1333 848 relormare
1353 780 1440 846 volui
1460 787 1604 845 sanctam

299 897 385 961 illam
412 879 599 958 tatuitateni.
642 889 726 955 Dedi
750 889 913 973 clypeum,
938 907 1000 971 quo
1024 886 1219 952 morositatis
1243 890 1276 950 ct
1301 885 1445 949 molestie
1469 883 1606 967 sagittas

299 997 473 1082 repelleret.
522 993 568 1058 Eo
589 993 616 1058 si
640 999 791 1073 uteretur,
817 1011 879 1056 uou
905 990 1080 1057 declinaret
1106 1009 1161 1053 cor
1182 987 1327 1054 suumin
1351 986 1451 1052 verba
1476 986 1607 1070 malitie,

300 1098 356 1165 sed
377 1097 418 1162 ad
440 1095 635 1162 subtiliorem
663 1093 854 1159 Intellectum
882 1100 1009 1176 cogeret
1036 1092 1193 1172 animum,
1222 1091 1325 1154 miuus
1351 1089 1485 1170 doleret,
1513 1089 1606 1154 letius

300 1202 429 1266 viveret.
477 1197 605 1264 Grande
624 1203 789 1280 peccatum
804 1201 853 1260 est
867 1194 975 1260 odisse
985 1194 1218 1276 corripientem,
1239 1193 1404 1276 presertim
1424 1195 1452 1258 si
1474 1211 1607 1276 pravum

300 1323 406 1367 amore
415 1301 564 1383 corrigas.
607 1298 784 1383 „Corripiet
801 1298 961 1362 meiuslus
975 1297 1008 1360 iu
1028 1296 1246 1362 misericordia
1254 1297 1294 1360 ¹.“
1335 1296 1429 1361 Absit
1450 1295 1506 1359 illa
1517 1294 1608 1358 Pauli

301 1425 450 1470 censura:
474 1401 642 1485 „Inimicus
661 1401 753 1466 vohis
771 1402 872 1465 l‘actus
887 1419 957 1465 sum
977 1419 1053 1465 vcra
1067 1399 1228 1465 dieens2f‘
1254 1400 1370 1464 Verum
1383 1401 1534 1481 quoniam
1546 1400 1608 1465 Ilo·

302 1505 379 1570 mini
391 1505 544 1582 estsalus,
560 1522 645 1568 rana
657 1503 742 1568 salus
760 1501 907 1583 bominis,
929 1508 962 1566 tu
973 1501 1124 1586 deprome
1132 1500 1323 1566 medicinam
1334 1521 1372 1566 eu
1387 1503 1496 1568 schola
1515 1503 1607 1587 spiri-

301 1615 351 1673 tus
378 1607 480 1672 sancti
501 1614 533 1670 et
558 1605 672 1671 studiis
696 1604 924 1688 spiritualibus,
946 1612 980 1668 ut
1001 1604 1094 1668 amici
1115 1597 1272 1688 χειράγρα,
1294 1605 1455 1689 podagra,
1477 1605 1610 1670 cacexia

302 1709 421 1774 divinis
442 1708 572 1774 auxiliis
582 1713 718 1772 sanetur.
760 1707 831 1772 Duo
842 1707 924 1772 uitia
943 1715 1145 1786 corrumpunt
1165 1707 1314 1772 amicum:
1338 1708 1479 1772 cruditas
1497 1715 1530 1773 et
1548 1710 1609 1773 ira-

302 1811 428 1892 cundia,
449 1810 528 1876 illud
549 1809 702 1893 corporis,
732 1809 791 1875 hoc
812 1809 911 1874 animi
932 1810 1060 1874 malum.
1101 1809 1275 1874 Nimietate
1292 1809 1356 1875 cibi
1378 1820 1411 1875 et
1432 1818 1524 1896 potus
1547 1816 1609 1875 sto-

303 1912 448 1978 machum
469 1919 588 1993 onerat,
611 1913 862 1992 seuem³,que111
885 1911 1020 1976 revereri
1032 1910 1171 1991 deberet,
1191 1910 1324 1977 fastidit
1365 1911 1444 1977 lude
1465 1913 1556 1978 tabes
1579 1921 1612 1976 et

302 2014 475 2080 iufirmitas.
519 2014 571 2078 Ira
591 2015 676 2078 l'uror
702 2021 765 2094 est,
794 2033 872 2095 egra
892 2014 1055 2078 concoctio
1081 2033 1195 2078 nervos
1221 2033 1330 2079 omnes
1355 2021 1387 2080 et
1411 2017 1552 2098 corporis
1579 2024 1610 2081 et

272 2175 276 2184 .
301 2116 399 2182 animi
420 2116 583 2196 debilitat,
606 2116 739 2199 primum
761 2115 914 2195 omnium,
940 2116 1016 2196 quia
1036 2115 1228 2197 gravitatem
1249 2118 1389 2200 corporis
1410 2119 1519 2195 sentit,
1546 2127 1611 2184 tum

302 2220 421 2285 vomitu
454 2217 649 2285 stomachum
677 2223 742 2280 tum
775 2217 880 2281 alvum
914 2217 1109 2300 purgacione
1140 2217 1298 2282 sollicitet.
1348 2219 1463 2285 Discat
1488 2221 1610 2304 partius

302 2339 442 2387 comesse
463 2329 496 2386 et
517 2320 641 2398 bibere,
670 2319 775 2385 uulnus
801 2318 983 2399 lucubrare,
1008 2320 1157 2403 amplecti
1183 2319 1392 2398 hilaritatem,
1423 2322 1610 2388 submovere

302 2443 395 2489 ouras
415 2423 540 2488 edaces.
582 2422 744 2504 l‘ropouas
766 2420 811 2483 illi
835 2419 998 2485 laudatam
1019 2422 1122 2487 rictus
1137 2423 1365 2506 parsimoniam
1385 2422 1427 2489 de
1448 2445 1609 2490 cousecra-

303 2527 397 2604 tione,
418 2524 622 2590 distinctione
644 2523 786 2604 quintal,
807 2523 861 2588 nbi
881 2523 933 2588 sic·
950 2523 1033 2590 inter
1053 2525 1128 2590 alia.
1170 2525 1234 2589 Sed
1256 2530 1387 2610 prestat,
1411 2533 1444 2592 ut
1465 2546 1506 2599 ex
1525 2528 1610 2592 tonte

303 2627 440 2692 haurias.
493 2626 665 2692 Gratianus
696 2625 779 2690 enim
817 2625 1002 2708 compilavit
1035 2627 1154 2711 scripta
1181 2627 1380 2710 Hieronymi,
1420 2629 1477 2712 qui
1505 2630 1611 2713 capite

303 2727 478 2793 XXXVIII
507 2732 617 2792 contra
643 2727 840 2792 Ioviniauum
867 2727 915 2791 sic
939 2727 1094 2812 prodidit:
1123 2727 1296 2810 „Legimus
1323 2731 1476 2811 quosdam
1502 2732 1624 2812 morbo¹

302 2829 464 2896 articulari
485 2837 516 2894 et
543 2829 685 2912 podagre
715 2829 894 2894 humoribus
922 2831 1104 2895 laborantes
1130 2832 1359 2915 proscriptione
1387 2834 1538 2902 bonorum
1567 2835 1608 2899 ad

303 2931 479 3017 simplicem
501 2951 641 2997 mensam
665 2938 696 2997 et
718 2950 874 3016 pauperes
902 2931 991 2996 eibos
1018 2931 1161 2997 redactos
1181 2935 1392 3000 convaluisse.
1436 2937 1612 3003 Cameuant

303 3034 386 3099 enim
418 3032 632 3100 sollicitudine
658 3033 875 3119 dispensanda
904 3034 1015 3098 domus
1039 3042 1074 3116 et
1105 3036 1268 3119 epularum
1297 3037 1461 3119 largitate,
1491 3059 1553 3121 que
1578 3047 1611 3104 et

305 3155 417 3219 corpus
438 3136 588 3218 frangunt
609 3144 641 3201 ct
661 3138 808 3204 animam.
852 3138 966 3202 Irridet
987 3137 1158 3203 Horatius5
1180 3139 1356 3223 appetitum
1378 3140 1534 3223 ciborum,
1555 3144 1611 3226 oni

304 3239 480 3323 consumpti
509 3239 688 3322 relinquunt
717 3239 939 3323 penitentiam:
978 3241 1124 3323 „Sperne
1153 3239 1347 3324 voluptates,
1379 3249 1471 3307 nocet
1502 3253 1610 3328 empta

303 3339 411 3406 dolore
431 3337 611 3424 voluptas“.
654 3341 695 3404 Et
716 3361 785 3406 oum
808 3342 840 3405 in
857 3341 1062 3406 amenissimo
1076 3361 1153 3424 agro
1164 3343 1195 3406 in
1208 3363 1343 3407 morsum
1355 3345 1610 3429 voluptuosorum

304 3443 464 3508 hominum
487 3462 521 3508 se
542 3463 682 3510 crassum
705 3444 917 3527 pinguemque
938 3443 1140 3523 describeret,
1161 3445 1237 3509 lusit
1258 3444 1307 3510 his
1328 3447 1508 3512 uersibusi:

444 3575 451 3588 ·
495 3559 570 3638 „Me
594 3560 742 3641 pinguem
765 3566 796 3624 et
817 3559 953 3624 nitidum
976 3559 1056 3624 beue
1075 3567 1185 3625 curata
1206 3566 1278 3626 cute
1300 3563 1394 3641 vises,
1496 3611 1499 3616 .

456 3661 533 3726 Cum
556 3661 657 3725 ridere
679 3663 765 3726 voles
787 3661 917 3745 Epicuri
939 3662 979 3728 de
999 3683 1097 3745 grege
1118 3663 1276 3747 porcum.“

385 3787 457 3852 Non
484 3795 589 3852 tamen
621 3788 719 3871 probo
751 3789 856 3854 cibum
881 3771 1068 3872 Orphicum,
1101 3788 1363 3871 Pythagoricum,
1395 3792 1611 3856 nionssticum.

305 3891 453 3956 Detestor
473 3889 606 3972 frigidos
627 3889 746 3974 pisces,
768 3909 877 3974 ponis,
899 3890 1022 3970 holera,
1041 3890 1212 3973 legumina.
1255 3891 1365 3956 Laudo
1388 3893 1611 3976 frugalitatem,

306 4012 368 4058 non
390 3992 609 4072 multifariam,
632 3991 688 4056 sed
709 3993 823 4058 bonam
840 4000 872 4058 et
886 3979 1061 4077 simplicem
1073 3993 1266 4057 alimoniam.
1308 3995 1514 4060 Miscellanea
1533 4015 1612 4060 cena

306 4095 464 4179 pestifera.
507 4094 583 4160 Ideo
604 4100 688 4160 recte
709 4095 787 4160 dicit
811 4095 995 4159 Horatiuslz

379 4215 390 4240 Ἀ
408 4220 433 4263 F
446 4233 539 4266 amaro.

305 4339 506 4350 ..κ-ψ

372 4413 500 4473 lPsalm
516 4416 582 4486 141,
596 4417 621 4473 5.
674 4413 859 4487 ²(ialater4,
872 4417 917 4472 16.
968 4412 1061 4473 ³Der
1082 4417 1221 4490 bisherigu
1239 4417 1421 4472 Gouucrueur
1440 4417 1489 4471 dea
1508 4419 1612 4488 juugeu
1687 4417 1694 4427 '

308 4499 436 4556 Prinzen.
529 4493 678 4555 ⁴Demeu'
705 4499 786 4554 tertia
811 4516 882 4570 pars.
932 4498 976 4554 De
1005 4499 1226 4565 consecratione,
1255 4497 1397 4553 distinctIo
1416 4497 1452 4551 V.
1478 4515 1494 4552 c
1520 4495 1613 4550 XXX

309 4573 442 4649 inorsa,
464 4578 590 4652 Epistola
601 4577 623 4650 1,
635 4577 660 4634 2.
674 4578 718 4634 55.
780 4573 1161 4652 iufirmitas-16.
1224 4575 1365 4634 isauron
1376 4577 1444 4650 11,a,
1458 4573 1592 4632 13--76,
