3625 5192
322 343 375 400 250
689 347 950 418 Geschicblsqucllen
967 349 1016 406 der
1033 349 1107 408 Pror.
1126 351 1248 406 Secbsen.

321 495 607 564 animadversionis
635 497 720 582 apud
751 499 872 581 priscos
893 499 1005 581 luisse,
1035 506 1070 564 ut
1095 501 1186 566 miles
1212 501 1328 566 tunicis
1353 500 1555 568 interioribus
1580 499 1626 569 'so

322 598 396 662 lutis
422 600 538 664 l'ossarn
560 598 668 664 fodere
696 619 800 664 coram
829 602 969 666 exercitu
999 610 1171 682 cogeretur.
1222 602 1354 667 inermis
1387 623 1512 685 quoque
1536 605 1627 670 miles

322 711 464 766 noneret
484 701 632 782 impunis,
653 703 706 784 qui
728 703 755 768 si
778 703 953 767 centurioni
975 705 1132 786 castigare
1152 725 1187 769 se
1208 705 1327 769 volenti
1348 705 1444 769 vitem
1464 706 1627 780 tenuisset,

324 803 469 867 militiam
494 805 645 869 mutabat.
687 803 737 868 De
759 805 824 869 vite
850 805 1018 869 centuriali
1041 808 1107 869 nori
1131 810 1242 888 poete¹
1265 814 1386 872 tantum
1409 808 1627 880 meminerunt,

321 905 377 970 scd
405 905 585 971 Macrobius
615 919 646 972 et
672 907 881 990 Spartianus²
904 928 944 972 ac
969 907 1121 988 Plinius³,
1148 909 1202 989 qui
1223 909 1358 972 insertas
1384 909 1486 991 inqrrit
1511 909 1626 974 castris

321 1008 403 1072 vitos
433 1027 623 1073 summarum
651 1027 753 1073 rerum
783 1007 1012 1092 imperiumque
1043 1009 1212 1074 continere.
1255 1009 1336 1074 Vide
1368 1011 1625 1074 commentarium

321 1110 492 1174 Beroaldi4
512 1110 545 1173 in
567 1109 746 1193 Apuleium.
787 1109 838 1174 Dc
860 1110 1043 1175 lladriano⁵
1063 1111 1207 1192 Augusto
1232 1119 1373 1175 notatum
1394 1121 1455 1190 est,
1483 1112 1567 1193 quod
1598 1113 1626 1177 is

320 1198 398 1276 nulli
425 1212 521 1276 vitem
543 1212 700 1276 concessit
727 1211 790 1276 nisi
819 1211 946 1276 robusto
972 1220 1003 1276 et
1031 1213 1161 1294 egregie
1190 1211 1273 1276 lanne
1298 1211 1375 1278 viro.
1418 1213 1482 1278 Sed
1509 1221 1541 1278 et
1565 1215 1624 1278 sub

320 1314 439 1378 vitem⁶
461 1313 589 1398 preliari
611 1311 799 1377 dicebantur
818 1313 950 1392 milites,
976 1332 1046 1376 curn
1067 1313 1247 1377 astantibus
1267 1314 1503 1380 centurionibus
1529 1315 1626 1381 sudes

320 1416 421 1480 cicere
445 1421 641 1496 cogerentur.
688 1413 834 1478 Preterea
862 1433 901 1478 ex
930 1415 1001 1497 lege
1023 1415 1121 1478 veteri
1144 1423 1313 1478 annotatur
1339 1435 1422 1498 pena
1449 1436 1506 1500 per
1533 1415 1624 1483 vites'.

320 1517 402 1582 Nam
425 1517 533 1598 Scipio
554 1515 741 1580 Africanus⁷
762 1517 849 1580 circs
870 1516 1028 1591 Romanos
1047 1518 1183 1596 ritibus,
1204 1516 1286 1582 alios
1305 1525 1411 1581 autern
1434 1519 1535 1602 virgis
1555 1517 1625 1583 cedi

319 1619 458 1684 iubebat.
500 1618 654 1696 Quocirca
665 1617 816 1697 Plinius⁸‚
837 1638 899 1699 quo
917 1614 985 1683 loco
1003 1619 1043 1681 de
1063 1618 1228 1683 arboribus
1248 1618 1387 1699 disserit,
1407 1619 1493 1699 vitis,
1513 1620 1626 1701 inquit,
1672 1685 1678 1695 ,

320 1731 351 1785 et
373 1723 404 1786 in
426 1721 552 1785 delictis
576 1720 677 1784 eciam
699 1739 814 1803 penam
835 1719 977 1784 honorat.
1018 1719 1068 1784 De
1083 1720 1249 1804 suppliciis
1269 1720 1403 1785 militum
1424 1722 1457 1786 in
1480 1722 1559 1788 locis
1579 1721 1625 1787 di-

319 1823 509 1888 versissimis
535 1822 634 1886 multa
667 1821 914 1887 observavimus.
968 1821 1071 1899 Quere
1102 1830 1135 1886 tu
1165 1821 1206 1886 de
1233 1832 1309 1886 nota
1342 1823 1493 1889 censoria.
1542 1824 1624 1890 luris

319 1926 452 1990 consulti
483 1925 594 1990 titulo⁹
630 1922 695 2005 „de
728 1943 761 1989 re
792 1923 921 1987 militari
930 1925 947 1955 “
985 1921 1161 1988 desertores
1194 1924 1307 1988 militie
1341 1925 1448 2008 eapite
1481 1926 1625 2010 puniunt.

319 2027 463 2092 Ceterum
487 2045 548 2091 non
571 2044 679 2090 omues
699 2025 876 2103 desertores
903 2024 1050 2089 similiter
1075 2025 1227 2109 puniendi
1249 2032 1337 2106 sunt,
1363 2025 1420 2091 sed
1439 2026 1573 2098 babetur
1591 2035 1625 2092 et

319 2127 440 2193 ordinis
462 2135 494 2192 et
505 2127 734 2211 stipendiorum
748 2126 828 2189 ratic
843 2133 875 2190 et
887 2124 1005 2207 gradus
1022 2126 1143 2190 militie.
1187 2126 1302 2190 Differt
1322 2136 1428 2192 autem
1449 2127 1625 2194 desertor¹⁰

319 2232 360 2295 ab
382 2232 584 2295 emansore¹⁰
609 2227 690 2294 siout
720 2227 872 2309 fugitivus
882 2230 909 2272 11
937 2227 980 2291 ab
1004 2230 1155 2293 errone.¹¹
1201 2228 1348 2292 Livius¹²
1374 2230 1516 2312 prodidit
1542 2250 1624 2307 eum,

319 2334 373 2416 qui
394 2333 489 2414 signa
508 2331 715 2410 deseruisset,
740 2329 926 2393 lustuarium
948 2331 1070 2394 mereri.
1112 2329 1174 2407 Qui
1195 2329 1308 2396 militie
1328 2351 1440 2396 munus
1457 2333 1498 2397 ob
1519 2335 1624 2398 lormi-

318 2435 423 2499 dincm
436 2432 717 2514 subterfugiebant,
738 2431 822 2496 soliti
837 2439 927 2496 erant
941 2431 1003 2496 sibi
1015 2431 1147 2515 pollices
1160 2431 1333 2514 precidere,
1353 2441 1502 2516 tanquam
1518 2435 1623 2501 idonei

318 2537 455 2621 amplius
474 2535 603 2599 minime
626 2534 728 2599 l'orent
748 2534 788 2598 ad
810 2553 899 2598 arma
921 2532 1096 2598 tractanda.
1139 2533 1225 2614 Lege
1243 2533 1402 2598 Valerium
1423 2535 1622 2602 etblarcelli-

381 2820 392 2862 ¹
415 2823 443 2879 Ζ.
454 2823 487 2878 Β.
506 2825 585 2895 Ouid,
604 2824 657 2880 Ars
678 2825 812 2881 amatoria
826 2824 962 2892 111,5‘27:
991 2823 1055 2877 Dux
1076 2824 1166 2878 bonus
1185 2823 1251 2878 huic
1274 2832 1385 2878 centum
1407 2827 1547 2881 commisit
1566 2827 1622 2882 vite

317 2906 465 2975 regendos,
485 2906 598 2961 Iuvenal
607 2906 687 2974 VIII,
700 2904 769 2960 242:
801 2905 941 2960 Nodosam
967 2911 1031 2974 post
1055 2905 1126 2958 haec
1153 2902 1300 2974 frangebat
1324 2905 1427 2959 vertice
1453 2905 1537 2961 vitem
1564 2909 1621 2962 und

318 2983 478 3055 xlv‚193:
499 2992 547 3040 unt
567 2987 651 3041 vitem
674 3005 757 3057 poree
779 2985 875 3040 libello
896 2985 952 3038 und
971 2984 1068 3038 Lucan
1079 2983 1129 3052 Vl,
1142 2982 1206 3036 146.
1248 2983 1396 3039 Promotus
1405 2985 1515 3040 Latium
1537 2987 1620 3060 longo

317 3064 389 3135 gerit
409 3065 504 3121 ordine
523 3067 616 3121 vitem.

378 3140 392 3184 2
412 3144 580 3216 Spartianus,
600 3145 756 3200 Hadrianus
772 3143 821 3199 10:
842 3144 913 3198 nulli
933 3144 1017 3198 vitem
1039 3143 1092 3197 nisi
1110 3145 1224 3198 robusto
1247 3150 1276 3198 et
1295 3145 1385 3199 bonae
1405 3145 1599 3202 famaedaret

378 3219 392 3263 ³
413 3223 552 3283 Naturalis
569 3225 686 3280 historia
699 3225 776 3294 XIV,
789 3226 813 3278 1.
824 3223 851 3278 3.

377 3300 391 3342 ⁴
412 3305 475 3377 Vgl.
491 3305 606 3362 Br.117
628 3303 654 3362 S.
666 3306 722 3359 163
743 3305 824 3358 Auru.
836 3303 861 3357 2.

377 3380 391 3424 5
413 3383 496 3440 Siehe
517 3386 598 3441 Anm.
616 3385 642 3440 2.

378 3459 476 3537 6Vgl.
498 3466 649 3537 Pompejus
673 3465 771 3519 Festus
798 3471 878 3519 rrnter
904 3463 976 3519 Sub:
1001 3463 1059 3519 Sub
1082 3463 1166 3518 vitem
1193 3463 1322 3534 proeliari
1351 3464 1481 3518 dicuntur
1508 3465 1619 3538 milites,

317 3563 379 3600 curn
400 3547 451 3601 sub
472 3546 554 3602 vinea
577 3545 689 3600 militari
709 3549 842 3618 pugnant
884 3543 1024 3598 Lucilius:
1053 3561 1144 3614 neque
1169 3543 1280 3614 prodire
1308 3544 1337 3598 in
1359 3544 1461 3601 altum:
1488 3545 1618 3616 proeliari

316 3625 369 3680 sub
385 3627 449 3680 vlle.

379 3701 391 3746 ⁷
411 3707 557 3777 Epitomae
576 3705 650 3759 Livii
670 3705 719 3762 lib.
736 3703 786 3758 bl:
812 3703 902 3768 Quem
922 3704 1040 3758 militem
1061 3710 1138 3759 extra
1158 3703 1282 3758 ordinem
1304 3703 1499 3775 deprehendit,
1520 3705 1543 3760 si
1563 3705 1617 3761 Ro·

316 3804 414 3841 manus
434 3795 514 3855 esset,
534 3786 646 3851 vitibus,
668 3785 689 3839 si
712 3791 864 3854 extraneus,
887 3783 1008 3840 fustibus
1026 3783 1132 3839 cecidit
1609 3826 1612 3831 ⁴

376 3861 391 3912 1
412 3865 552 3922 Naturalis
574 3865 689 3920 historia
703 3864 780 3934 xlv,
796 3865 858 3920 1.3.
1073 3859 1077 3867 '

377 3942 391 3986 9
411 3947 528 4018 Digesta
546 3946 592 4012 lL,
608 3945 650 3998 16.
665 3945 689 3999 4.

379 4023 407 4066 10
427 4027 598 4081 Modestinus
619 4023 908 4096 (vigoramus)
935 4025 1040 4081 erlrliirt
1058 4026 1193 4080 Emensor
1211 4026 1265 4080 uls:
1290 4025 1339 4096 qui
1367 4025 1415 4079 diu
1442 4033 1558 4098 vagatum
1581 4027 1617 4082 ud

316 4113 406 4162 cestra
426 4107 581 4178 regreditur
601 4106 657 4160 und
676 4105 810 4160 Desertor
829 4106 885 4160 ale:
907 4105 954 4176 qui
978 4123 1028 4176 per
1047 4106 1184 4176 prolixum
1203 4114 1314 4177 tempus
1332 4113 1448 4176 vagatus
1466 4105 1615 4162 reducitur.

378 4183 871 4256 1Ῑ1111111111(1)1311111ΧΧΙ,1.17)
900 4193 962 4257 sagt
982 4186 1052 4240 iiber
1071 4185 1215 4257 Fugitivus
1233 4187 1291 4240 und
1311 4184 1394 4239 Erro:
1421 4185 1555 4241 Erronem
1576 4186 1618 4242 ita

316 4264 414 4320 delinit
434 4265 529 4320 Labeo
550 4266 680 4336 pusillum
692 4265 841 4336 fugitivum
858 4283 917 4321 esse
938 4273 1019 4320 etex
1041 4265 1148 4320 diverso
1168 4265 1317 4336 fugitivum
1339 4283 1470 4337 inagnum
1489 4283 1616 4322 erronem

316 4364 388 4416 esse,
409 4347 457 4402 sed
477 4345 588 4417 proprie
609 4362 734 4400 erronem
756 4345 796 4399 sic
820 4343 980 4400 definimus:
1009 4345 1134 4416 quinon
1156 4345 1268 4414 quidem
1291 4345 1366 4417 fugit
1386 4347 1434 4400 sed
1455 4345 1616 4416 frequenter

316 4425 375 4480 sine
391 4443 474 4481 causa
490 4432 606 4497 vagatur
622 4433 650 4480 et
666 4425 838 4495 temporibus
853 4425 881 4478 in
898 4443 943 4480 res
952 4425 1112 4496 nugatoriae
1129 4426 1299 4495 consumptis
1316 4425 1404 4480 scrius
1418 4427 1531 4480 domum
1542 4426 1617 4482 redit

316 4505 372 4559 und
386 4523 420 4560 an
437 4504 513 4560 einer
525 4505 645 4560 anderen
656 4503 741 4560 Stella
749 4505 879 4577 (Digesta
888 4505 940 4572 XI,
951 4504 977 4561 4.
992 4505 1034 4575 l):
1056 4505 1216 4576 Fugitivum
1225 4505 1321 4576 accipe
1336 4503 1540 4576 etsiquiserro
1550 4506 1594 4563 sit

378 4581 410 4627 ¹²
426 4585 522 4645 Livius
532 4585 568 4659 V,
582 4585 614 4640 6:
635 4583 810 4644 Fustuariuun
828 4592 956 4656 meretur,
976 4585 1025 4660 qui
1040 4585 1121 4660 signa
1134 4585 1269 4657 relinquit
1287 4591 1337 4641 aut
1356 4584 1477 4657 presidio
1497 4587 1614 4644 decedit
