3625 5192
306 339 359 392 200
720 339 981 412 Gesebichtsquellen
999 346 1048 398 der
1066 344 1140 398 Pror.
1160 343 1284 399 Sacbsan.

306 489 389 553 enlm
416 487 476 554 boe
506 493 664 555 eruciatus
692 493 869 574 exemplum
896 493 936 557 nd
964 492 1255 572 mrmsuetudinem,
1284 494 1325 558 ad
1348 495 1550 578 pacientiam,
1571 493 1612 559 ad

307 599 434 658 sanctes
454 613 556 657 mores
577 593 735 675 trahitque
746 594 842 658 etiam
866 593 984 658 idiotas
1005 595 1047 658 ad
1069 596 1180 675 celum,
1201 595 1261 658 boe
1281 601 1339 674 est,
1359 596 1399 661 ad
1421 596 1615 679 centempla-

305 696 424 761 tionem
440 697 700 778 liuitionemque²
720 696 909 761 divinitatis,
953 696 1097 762 Vidimus
1118 699 1257 762 vestales
1285 699 1356 762 illas
1381 699 1542 780 virgines¹
1567 721 1614 762 so-

305 819 390 864 rores
416 797 526 864 ordine
553 805 674 862 stantes
700 786 861 862 sedentem
895 799 1088 882 prepositum
1121 811 1153 864 ct
1185 801 1357 865 maximam
1390 802 1544 882 virginem
1571 802 1612 864 ad
1706 848 1711 854 -

304 903 446 966 mensam
482 899 672 965 eucharistie
699 901 911 964 constitutam.
967 905 1130 985 spectate,
1162 903 1290 986 inquam
1317 905 1448 982 tacitae,
1476 903 1553 986 quid
1582 912 1614 968 et

304 1011 425 1086 quanta
450 1023 564 1087 passus
593 1003 635 1068 sit
666 1003 865 1086 redemptorb
894 1011 926 1068 et
952 1023 1087 1087 sponsus
1114 1013 1220 1070 vester
1239 1013 1347 1069 nostra
1369 1013 1502 1090 peccata
1525 1026 1613 1070 suam

304 1107 431 1191 culpam
458 1107 593 1178 faciens,
623 1114 657 1170 ut
683 1122 771 1169 suum
802 1105 994 1189 pudiciciam
1020 1114 1159 1172 nostram
1185 1109 1311 1172 faceret.
1354 1108 1452 1172 Nulla
1472 1109 1617 1173 exhibuit

289 1218 491 1292 argumenta
513 1207 644 1274 lascivia
673 1217 728 1271 aut
751 1207 930 1272 hilaritatis.
973 1209 1066 1274 Unde
1088 1211 1186 1292 igitur
1207 1211 1367 1292 subrepsit
1388 1212 1551 1286 alacritas,
1574 1232 1614 1277 ne

303 1311 420 1376 dicam
436 1311 587 1376 salacitas
615 1313 743 1375 vestra?
784 1310 884 1374 Multa
911 1319 1125 1401 tum-*mecum
1152 1312 1260 1377 animo
1286 1315 1472 1397 reputabam
1502 1314 1543 1377 de
1563 1334 1612 1378 sa-

303 1414 430 1498 piencia
452 1413 683 1495 theologorum,
709 1414 762 1494 qul
785 1414 991 1478 acerbitatem
1013 1414 1181 1503 Dominiec
1201 1416 1360 1497 passionis
1383 1416 1615 1500 pregrandibus

303 1517 489 1581 commentis
510 1514 719 1598 amplificant,
746 1523 780 1579 ut
797 1516 974 1598 appetitum
997 1518 1126 1598 rationi,
1153 1526 1295 1601 stuprum
1316 1519 1488 1597 sanctitati,
1511 1519 1612 1600 legem

304 1617 497 1682 memborum
526 1617 732 1698 tegimentis,
759 1637 886 1682 carnem
908 1627 941 1683 et
959 1638 1073 1702 corpus
1095 1620 1222 1704 spiritui
1243 1627 1275 1684 et
1294 1621 1380 1684 vicia
1402 1621 1520 1700 virtuti,
1546 1641 1613 1704 per-

303 1721 505 1787 turbaciones
531 1719 753 1801 tranquillitati
785 1727 817 1784 et
843 1721 912 1784 Deo
939 1721 1154 1803 subiugarent.
1203 1723 1284 1787 Caro
1310 1723 1393 1786 enim
1418 1724 1614 1806 concupiscit

303 1825 456 1890 adversus
491 1823 652 1906 spiritum,
681 1822 737 1887 scd
768 1842 829 1904 que
855 1831 942 1887 amat
965 1824 1097 1907 deipara
1117 1813 1252 1907 virginis
1279 1824 1391 1902 lilium,
1419 1825 1509 1890 otl'ert
1529 1825 1611 1906 puri·

304 1933 410 2006 tatem,
432 1944 496 2007 qua
518 1921 636 1990 nullum
659 1924 727 1990 Deo
747 1919 878 1987 circeum
888 1927 1021 2008 gratius,
1042 1934 1074 1991 et
1093 1927 1243 2006 tristisac
1253 1933 1356 1992 mesta
1371 1934 1477 2010 portat
1490 1921 1612 1992 crucem

222 2083 226 2090 .
302 2031 335 2095 in
360 2027 542 2115 precordiis,
584 2027 702 2092 Scribit
713 2028 886 2110 Gregorius
903 2040 1121 2111 argumentum
1141 2028 1284 2094 caritatis
1297 2049 1367 2094 csse
1383 2029 1611 2094 exhibitionem

302 2133 416 2216 operis.
460 2132 509 2195 Sit
533 2131 630 2212 igitur
650 2123 763 2196 amans
786 2129 846 2195 Dei
869 2131 959 2212 virgo
980 2132 1080 2197 tristis
1100 2140 1147 2212 et,
1169 2133 1246 2214 quia
1267 2131 1381 2216 spiritu
1402 2133 1495 2210 vivit,
1521 2132 1627 2215 spiri·-

304 2235 399 2314 tuubs
430 2243 462 2297 et
492 2241 589 2298 easta.
633 2233 718 2313 „Qui
748 2233 880 2298 adheret
900 2234 1025 2313 carni“‚
1053 2235 1157 2324 inquit
1182 2232 1382 2312 Ambrosius,
1415 2253 1508 2314 „caro
1534 2237 1611 2299 est“.

304 2337 441 2422 Spiritus
463 2337 563 2402 tristis
584 2336 684 2400 siccat
705 2354 788 2415 ossa,
807 2355 847 2400 ne
868 2335 1020 2401 videlicet
1042 2344 1154 2401 natura
1171 2337 1302 2420 pruriat.
1345 2336 1437 2399 Dixit
1457 2336 1625 2420 propbeta.
1693 2345 1699 2357 '

304 2441 504 2522 nescioquis
527 2440 640 2504 bonum
662 2457 731 2504 esse
749 2438 926 2520 homini,sl
939 2440 980 2505 ab
992 2441 1158 2505 cunabulis
1168 2439 1263 2505 luerit
1274 2440 1382 2504 tristis.
1426 2438 1610 2504 Procedenti

304 2561 421 2634 pompa
444 2542 522 2608 uerti
545 2542 769 2624 cogitationem
788 2541 830 2606 ad
852 2542 1024 2625 seculares,
1050 2551 1084 2608 ut
1104 2551 1235 2623 vocant,
1254 2543 1371 2608 literas.
1415 2543 1452 2606 ln
1474 2551 1611 2607 mentem

230 2672 234 2678 ·
304 2668 322 2714 e
343 2646 480 2730 'vestigio
500 2645 589 2711 venit
610 2645 689 2710 illud
711 2646 908 2729 poetioome:

504 2791 614 2888 „Tunc
635 2811 706 2856 curn
728 2791 827 2856 tristis
847 2798 916 2856 erat
937 2789 1069 2856 detensa
1090 2799 1139 2856 est
1161 2791 1238 2856 llion
1261 2794 1367 2873 armis,

545 2893 699 2959 Militibus
720 2893 888 2975 gravidum
911 2895 975 2970 lete
996 2895 1117 2978 recepit
1137 2896 1279 2976 erprnnr‘.

384 3042 503 3108 Vellem
523 3061 598 3124 ergo
616 3039 786 3105 salutarem
809 3033 1045 3105 mestitudinem
1067 3059 1129 3104 non
1152 3040 1315 3105 reiecisset
1336 3051 1429 3125 rapta
1443 3042 1610 3126 Penelope.

304 3149 400 3228 „Lete
422 3144 534 3210 salitur
554 3145 653 3216 evis“‚
675 3150 710 3206 ut
732 3143 818 3208 canit
843 3142 982 3224 insignis
1002 3150 1125 3207 amatur
1144 3143 1310 3208 Ovidius³.
1356 3145 1468 3208 Verum
1491 3147 1611 3225 omitto,

303 3269 363 3332 quc
385 3247 474 3330 μωροὶ
494 3243 705 3334 pogtnpolsut
726 3251 798 3310 sunt
819 3243 978 3325 maledici,
999 3242 1039 3308 de
1060 3239 1358 3329 stuprollmehdvoe
1370 3247 1489 3330 pressim
1511 3247 1610 3313 disse·

303 3353 433 3416 minant.
481 3349 603 3414 Contra
624 3344 700 3427 quid
726 3345 790 3411 dici
820 3347 936 3431 possit,
966 3347 1045 3411 salis
1073 3347 1155 3412 scie:
1184 3347 1317 3412 Factum
1347 3349 1380 3413 id
1407 3369 1521 3414 novum
1548 3371 1609 3414 non

258 3464 264 3482 ⁴
302 3473 381 3533 esse,
398 3451 463 3517 lieri
477 3451 596 3536 peiora,
618 3449 810 3534 prophanari
825 3469 930 3528 sexus,
951 3450 1081 3527 ordinis,
1093 3444 1198 3531 etatis,
1216 3451 1392 3532 sanguinis,
1408 3450 1609 3534 dignitatem,

302 3556 403 3620 Deum
425 3563 460 3618 ut
480 3553 586 3618 omnia
608 3553 699 3617 nobis
721 3551 802 3618 bena
823 3552 985 3634 dilargiri,
1014 3552 1061 3614 ita
1081 3552 1192 3630 etiam,
1218 3553 1246 3616 si
1268 3554 1394 3616 veniam
1415 3553 1609 3635 petierimus,

301 3657 480 3723 condonare
507 3663 639 3738 peccata
689 3654 749 3733 Qui
778 3655 915 3738 puellam
936 3655 1078 3736 vitiavit,
1105 3653 1244 3718 dandam
1267 3655 1497 3740 impunitatem,
1517 3655 1610 3721 dissi-

301 3753 483 3820 mutandum
494 3773 574 3818 esse.
598 3772 637 3818 ne
647 3752 797 3818 correctio
809 3755 926 3818 crimen
939 3753 1091 3836 invulget.
1132 3757 1195 3837 Sic,
1218 3756 1438 3840 dicetaliquis,
1457 3768 1609 3842 stuprum,

301 3859 470 3936 incestum,
499 3863 624 3940 raptum
652 3856 746 3922 venia
761 3855 892 3938 dignum
916 3856 1014 3921 reris?
1056 3857 1128 3923 Non
1153 3860 1348 3942 simpliciter.
1394 3860 1471 3926 Volo
1489 3863 1607 3944 raptori

301 3960 389 4024 dicat
409 3959 538 4034 (livinus
559 3965 668 4042 poeta:

370 4100 382 4126 ‘⁸
402 4106 470 4152 retu
487 4105 524 4152 del
544 4107 584 4158 l'e,
657 4089 669 4126 ¹¹
685 4105 810 4152 redemtor
828 4105 931 4152 selrreilrt
951 4106 990 4153 Ta.

339 4353 374 4454 ‚l
396 4358 639 4444 Wahrscheinlicb
664 4357 725 4411 siml
747 4352 793 4414 dio
814 4359 941 4413 lnssesen
960 4361 1009 4415 des
1030 4362 1240 4418 Krruzlrloslms
1260 4365 1391 4435 gurneint.
1433 4365 1495 4435 Vgl.
1520 4365 1563 4418 Br.
1577 4367 1605 4423 3.

299 4437 694 4588 S·02e{)1pp¹-,2Afflamawria
716 4518 737 4588 l,
758 4519 937 4575 sue-364.

359 4594 474 4666 ³0vid,
494 4599 547 4654 Ars
568 4598 702 4654 amatoria
724 4595 848 4680 lutae.
914 4648 920 4656 .
