3625 5192
635 372 723 426 Briese
741 372 861 427 Mutiaus
879 373 938 425 528.
958 372 1016 424 529.
1113 443 1119 453 ι
1432 372 1481 425 193

171 524 303 603 lauram,
336 522 603 587 existimationem
633 522 827 603 salutemque
859 540 1055 586 communem
1087 519 1232 583 offendis.
1290 520 1351 597 Qui
1383 520 1481 585 Rome

173 625 308 706 degunt,
336 623 420 703 oucd
442 626 497 687 tul
527 624 625 707 probe
652 624 748 699 nosti,
776 624 883 687 multis
906 623 1050 704 indigent
1076 630 1141 686 tum
1168 622 1299 706 opibus,
1328 623 1481 705 cognatis,

174 726 338 805 affinibus,
361 726 487 807 amicis,
514 734 578 790 turn
607 727 703 791 etlam
732 725 921 791 assiduitate
947 724 1159 809 procuratoris
1185 725 1355 808 lupatria.
1398 726 1481 789 Nam

174 830 237 893 nisi
258 829 371 912 vigilet
389 830 493 911 Argus
513 829 641 910 aliquis,
668 828 839 911 sublegunt
855 848 918 893 rem
943 836 974 893 et
994 848 1082 911 spem
1104 826 1317 891 insidiatores.
1350 827 1482 892 Moleste

172 950 286 1014 passus
307 950 375 996 sum
396 949 569 1015 occupasse
585 930 813 1007 canonicatum,
837 930 878 994 ad
896 948 990 1011 quem
1005 929 1104 994 frater
1115 930 1324 1013 aspiraverat,
1346 930 1483 993 Lndovi-

172 1054 242 1098 cum
265 1033 452 1113 Thomam2,
474 1034 659 1114 magistrum
682 1034 806 1116 pecoris
828 1032 1027 1099 lllcllislebei.
1069 1032 1132 1097 Orc
1154 1039 1195 1113 te,
1217 1051 1272 1096 cnr
1292 1033 1483 1116 permiseras

175 1136 314 1219 Gaspari
336 1134 544 1199 lemur-echte
566 1142 598 1199 et
612 1134 746 1199 Nicolac
763 1134 920 1212 Grawelh
942 1140 977 1199 ut
991 1134 1154 1198 Laurentii
1171 1135 1360 1217 Campegii⁵
1381 1135 1483 1219 diplo-

171 1243 256 1302 mate
278 1237 346 1301 lulti
369 1238 630 1302 commutaverint
651 1256 739 1321 spem
759 1236 872 1303 falsam
896 1256 967 1301 cum
987 1236 1168 1301 indubitata
1188 1257 1230 1301 re.
1262 1236 1376 1302 Nonne
1393 1257 1482 1301 sanc-

172 1340 314 1404 tissimus
339 1339 453 1404 flamen
479 1340 566 1404 crhis
594 1338 769 1404 Christiani
797 1340 859 1404 Leo
886 1339 919 1403 X
950 1346 1156 1405 revocaverat
1184 1338 1351 1403 facultates
1377 1340 1483 1421 legato

173 1442 344 1507 Laurentio
377 1441 538 1507 indultas?
589 1441 703 1506 Nonne
735 1442 781 1507 tui
809 1442 948 1505 muneris
975 1447 1043 1505 erat
1070 1441 1206 1523 vigilare
1234 1460 1291 1524 pro
1320 1443 1483 1506 commodo

175 1539 338 1605 fraterno?
373 1540 524 1623 Diploma
541 1540 600 1604 lhit
620 1540 811 1614 anniculum,
833 1546 941 1623 utpote
961 1539 1070 1604 datum
1092 1549 1203 1622 quarto
1219 1542 1384 1608 Kalendas
1404 1544 1482 1607 lunii

174 1664 259 1708 anuo
287 1641 457 1706 MDXllll.
505 1642 643 1709 Excitati
674 1652 747 1707 sunt
773 1642 881 1707 callidi
910 1642 1116 1725 tabelliones‚-
1147 1645 1230 1727 quod
1256 1656 1483 1729 perspexerant

174 1745 352 1809 socordiam
381 1746 659 1827 Aperhacchcrum
694 1746 862 1810 connivere
893 1751 925 1808 et
952 1745 1040 1810 luxui
1071 1754 1103 1811 et
1133 1748 1203 1811 ocic
1234 1748 1311 1812 dare
1343 1766 1482 1831 operam.

175 1848 247 1929 Fer,
268 1867 374 1930 queso,
395 1848 509 1913 iustam
532 1847 793 1929 obiurgationem.
836 1848 1015 1912 Amicorum
1038 1849 1157 1913 nemini
1178 1868 1288 1932 parco,
1311 1851 1337 1913 si
1361 1858 1484 1914 erratur

173 1969 244 2014 curn
273 1950 416 2033 pernitie.
463 1948 600 2013 Veniunt
622 1949 653 2013 in
680 1949 763 2012 hunc
790 1956 934 2014 senatum
963 1949 1016 2013 die
1038 1950 1158 2013 vithiss.
1199 1951 1378 2016 Ostendant
1401 1951 1484 2017 Pelt-

176 2052 279 2117 100010
293 2052 460 2135 Campegii
479 2051 595 2116 literas.
635 2052 803 2116 lnveniunt
821 2052 967 2117 fautores.
1004 2052 1080 2116 Post
1096 2053 1292 2117 contrahitur
1306 2053 1483 2137 llrphordic

176 2154 371 2236 permutaeic
397 2154 455 2218 suh
482 2154 587 2219 iudice
609 2153 793 2233 Mogentine
814 2154 955 2219 ditionis.
998 2155 1047 2219 lbi
1068 2162 1101 2219 tu
1123 2156 1270 2237 egregius
1291 2164 1323 2219 ct
1344 2154 1483 2239 diligens
1539 2193 1542 2198 >
1596 2233 1599 2237 ι

174 2260 273 2321 trater
298 2277 358 2321 non
386 2256 617 2321 contradixisti.
673 2257 876 2339 Osupinaru
902 2257 1069 2321 incuriam!
1120 2258 1240 2338 Hodie,
1269 2258 1301 2321 id
1330 2266 1392 2330 est,
1419 2259 1481 2322 Xll

176 2360 337 2425 Calendas
357 2359 495 2424 Sextiles
519 2360 738 2443 emancipatur
758 2359 913 2440 Thomas,
942 2359 1093 2444 recipitur
1118 2361 1152 2423 in
1180 2361 1268 2424 chori
1295 2361 1424 2426 sellaria
1451 2369 1484 2425 et

174 2463 207 2526 in
237 2464 356 2526 curiam
383 2462 568 2526 canonicam
598 2480 683 2526 more
711 2462 842 2526 solenni.
893 2461 1045 2540 Letantur
1072 2460 1249 2527 adversarii
1272 2463 1384 2536 nostri,
1411 2483 1484 2527 con·
1513 2480 1517 2487 ·

178 2564 379 2647 gratulantur
392 2565 503 2644 amieo,
526 2570 559 2627 ut
575 2564 636 2645 ipsi
655 2564 784 2636 iactant,
808 2562 901 2628 felici.
943 2565 993 2627 An
1010 2564 1073 2629 ista
1089 2563 1202 2629 videas
1218 2564 1287 2629 sine
1300 2565 1484 2629 staurachc‘?

177 2668 301 2731 lntcrea
334 2674 405 2731 tuus
437 2667 549 2746 irater,
579 2666 781 2731 doctissimus
808 2674 840 2729 et
871 2665 1110 2730 honestissimus
1142 2667 1283 2746 iuvenis,
1314 2667 1413 2732 Rome
1450 2668 1483 2731 in

176 2769 286 2834 litibus
316 2768 457 2851 agitatur·
485 2775 517 2832 et
545 2774 630 2831 tuam
660 2768 752 2831 tidem
781 2767 897 2833 frustra
930 2768 1079 2851 implorat
1133 2768 1283 2833 Sentisne
1310 2789 1390 2854 opus
1413 2790 1484 2834 csse

177 2872 354 2955 pecuniali
401 2870 435 2935 si
461 2871 524 2945 vis,
554 2877 587 2933 ut
612 2868 733 2952 aliquid
759 2869 917 2949 obtineat,
944 2870 1033 2934 mitte
1059 2890 1178 2934 aurum.
1226 2870 1339 2935 Currat
1363 2871 1484 2935 llul'us8

177 2974 231 3037 illc
253 2980 357 3039 vester
378 2973 441 3039 iarn
464 2981 539 3037 ante
562 2979 671 3037 tonsas
692 2972 834 3053 novales,
855 2978 889 3035 ut
910 2972 942 3036 in
965 2972 1040 3035 llere
1062 2975 1203 3046 autumni
1226 2972 1342 3037 Leonis
1361 2974 1484 3054 gratias

176 3082 264 3140 emat
296 3082 327 3140 et
358 3075 527 3157 dignitatis
559 3075 734 3157 salutisque
760 3093 815 3139 sue
849 3075 1004 3139 rationem
1039 3074 1230 3139 interl'ulciat
1267 3076 1378 3140 urricus
1413 3082 1484 3139 tuus

175 3180 282 3244 irater.
327 3178 414 3244 Vale.

255 3302 436 3349 Handschristl.
457 3302 476 3348 lt*
498 3302 549 3350 498
569 3303 611 3351 tol.
630 3298 822 3351 aler-ttlev.

176 3450 378 3458 --—-.—-—·

238 3543 416 3603 themseca
444 3548 553 3603 schcint
574 3548 707 3602 Heinrich
727 3548 871 3603 Ebcrbach
898 3547 950 3602 auri
973 3548 1064 3601 scirrcr
1091 3547 1283 3602 italienisehcn
1307 3546 1389 3600 Reisc
1411 3547 1483 3600 arech

177 3629 248 3683 Rom
272 3630 388 3684 beriihrt
409 3648 441 3683 zu
463 3628 561 3683 haben.

240 3704 254 3747 ‘²
271 3709 334 3782 Vgl.
348 3710 392 3764 Br.
406 3710 460 3763 511
482 3709 511 3767 S.
525 3708 582 3762 175
602 3708 683 3763 Arum.
695 3707 721 3764 4.

241 3784 255 3828 ³
275 3791 338 3863 Vgl.
349 3790 394 3848 Br.
409 3789 463 3844 511
489 3786 519 3847 S.
533 3788 589 3843 175
610 3788 693 3845 Anm.
709 3788 733 3842 1.

240 3864 254 3908 4
274 3870 339 3943 vgl.
351 3870 398 3928 Br.
410 3871 465 3924 511
490 3869 517 3927 S.
532 3869 589 3924 175
611 3868 733 3928 110012.

239 3944 450 4023 ⁵Pupstlicher
470 3950 567 4023 Legat

240 4026 330 4087 ⁶Am
356 4030 399 4087 15.
410 4032 485 4087 Juni.

242 4107 385 4167 lMutian
405 4114 483 4167 hatte
504 4112 596 4166 selber
616 4112 702 4166 sehon
723 4110 869 4166 Austaltcn
890 4110 1040 4182 getroffcn,
1068 4128 1114 4164 um
1136 4110 1208 4164 Geld
1230 4129 1283 4164 rou
1306 4107 1485 4180 Silrumering

177 4212 211 4247 zu
233 4192 351 4264 bargen.
392 4192 508 4265 vgilsr.
523 4192 589 4249 519.
613 4192 638 4249 S.
654 4192 720 4251 183,

240 4268 255 4312 ⁸
277 4274 365 4329 Wohl
385 4274 464 4329 nicht
483 4274 532 4328 der
553 4272 702 4328 rnehrmals
724 4290 754 4327 so
777 4277 917 4344 genanntc
936 4272 1066 4343 Pyrrhus.

732 4465 934 4474 —-——-

229 4724 426 4776 tumulentuose.
437 4725 472 4765 Pr.
482 4723 503 4764 S.
514 4722 595 4765 xviri.
