3625 5192
317 346 370 400 ‘228
688 340 948 411 Gcschiehtsquollen
967 342 1015 395 ‹icr
1033 339 1107 396 Prov.
1126 342 1248 398 Saehsen.

317 500 374 558 cst.
409 493 471 557 Sed
496 500 527 557 et
548 498 687 557 veterum
710 510 832 573 qnoque
848 492 1057 554 Rornanorum
1078 492 1182 573 epulis
1203 490 1281 555 tides
1303 510 1342 555 ae
1362 491 1459 555 tibias
1470 489 1622 555 adbibere

316 596 411 661 moris
432 594 500 659 luit.
549 594 777 658 Themistocles
796 610 865 655 omn
887 612 921 655 se
943 592 1121 675 imperitum
1143 593 1211 675 ipre
1231 594 1392 658 confessus
1414 602 1512 672 esset,
1534 592 1622 657 hahi-

317 704 366 761 tns
390 705 437 762 est
459 695 645 760 indoctior.¹
672 695 791 760 Omitto
812 694 985 773 Davidem,
1012 715 1104 775 quem
1127 704 1160 759 et
1182 696 1317 760 saltasse
1343 704 1375 760 et
1396 696 1523 778 publice
1544 695 1623 760 ceci-

317 800 401 864 nisse
427 798 570 879 legimus.
621 797 710 861 l’lato
739 816 852 879 pueros
880 796 1063 879 puellasque
1085 796 1125 862 ad
1149 797 1295 863 choream
1317 797 1457 861 hortatur
1477 796 1622 882 exemplo

315 903 458 965 Minerve
484 900 633 981 virginis,
661 918 721 979 que
748 898 881 961 Athenis
908 899 1058 982 precipue
1081 900 1270 964 celebratur.
1319 900 1396 963 ltem
1417 899 1508 963 Plato
1535 900 1621 963 cirili

316 1006 383 1069 viro
406 1003 616 1067 neeessariam
638 1000 777 1063 musicen
801 999 946 1064 credidit.
987 999 1150 1083 Lycurgos
1172 1003 1307 1065 musices
1328 1001 1532 1083 disciplinam
1553 1020 1623 1085 pro

316 1107 414 1199 havit.
462 1104 670 1186 Pythagoreis
697 1108 781 1165 certc
808 1101 1000 1181 mensibu,
1026 1110 1058 1166 et
1088 1122 1156 1167 eum
1183 1102 1404 1183 evigilassem,
1429 1103 1551 1168 animos
1579 1102 1622 1165 ad

316 1208 416 1291 lyram
443 1207 594 1279 excitare,
626 1224 687 1286 qno
723 1209 828 1268 essent
864 1202 904 1266 ad
938 1203 1063 1285 agenda
1095 1205 1276 1284 erectiores,
1312 1212 1344 1268 et
1376 1225 1445 1268 ennr
1480 1204 1622 1269 somnum

316 1318 467 1395 peterent,
488 1307 529 1372 ad
551 1307 684 1371 eandem
705 1308 793 1389 prius
815 1305 915 1371 lenire
924 1313 1069 1381 mentem,
1093 1315 1134 1386 ut,
1156 1307 1271 1388 siquid
1288 1308 1399 1371 thisset
1415 1307 1621 1371 turbidiorum

315 1411 563 1495 cogitacionnnr‚
599 1418 844 1491 componeretur.
920 1406 1143 1472 Laccdemonii
1183 1416 1292 1491 aptore
1317 1409 1508 1473 Plutarcb02
1541 1409 1624 1473 tibia

317 1516 485 1579 utebantur
512 1511 747 1576 concionatoria
776 1516 808 1572 et
839 1508 988 1587 modulis,
1015 1509 1069 1589 qui
1092 1510 1215 1574 animos
1243 1519 1396 1592 augerent
1421 1530 1459 1573 ac
1485 1515 1624 1591 impetus

312 1618 453 1681 facerent
481 1614 740 1678 vehementiores.
794 1611 890 1674 Porro
922 1610 1098 1675 ceremonia
1127 1631 1196 1674 eum
1225 1611 1361 1676 modulis
1387 1618 1419 1675 et
1445 1612 1623 1677 saltaeione

314 1717 440 1801 Orpheo
468 1716 637 1796 Muscoqne
667 1714 830 1777 autoribus
857 1713 1025 1775 constitute
1054 1718 1136 1775 sunt.
1182 1712 1262 1777 Salii
1282 1713 1492 1778 Romanorum
1521 1716 1623 1778 sacris

314 1820 417 1884 eboris
445 1828 476 1881 et
502 1818 674 1882 saltacioue
701 1815 760 1880 deo
785 1814 879 1877 blarti
902 1812 1133 1878 sacrificabant.
1183 1814 1348 1880 Sacrificio
1368 1817 1527 1899 Apollinis
1559 1836 1622 1879 non

314 1923 383 1986 sine
404 1922 525 1985 musica
546 1926 577 1983 et
597 1918 772 1983 saltacione
793 1916 826 1979 in
849 1916 929 1979 Delo
950 1915 1054 1980 insula
1074 1916 1142 1980 lieri
1162 1917 1315 1982 solebant.
1356 1917 1441 1996 Quid
1462 1918 1560 2001 igitur
1581 1919 1622 1982 de

313 2023 502 2089 Christianis
524 2020 655 2103 loquar?
685 2020 737 2099 qni
762 2038 823 2082 non
845 2018 913 2082 siue
934 2037 1032 2082 causa
1052 2027 1237 2083 concentum
1260 2027 1420 2104 usurpant.
1451 2020 1514 2085 Sed
1535 2021 1624 2085 dicct

312 2125 484 2208 quispiam:
516 2124 605 2203 „Qua
627 2123 749 2185 ratione
770 2121 887 2185 laetum
909 2127 973 2201 est,
995 2129 1029 2183 ut
1049 2121 1166 2184 Paulus
1184 2123 1346 2204 apostolus
1365 2123 1512 2186 maluerit
1530 2123 1621 2203 quin·

312 2246 373 2309 que
401 2227 498 2290 verba
524 2226 556 2288 in
579 2222 678 2288 'sensu
701 2243 795 2304 quam
818 2222 925 2286 decern
947 2222 1037 2287 milia
1066 2223 1098 2287 in
1125 2224 1259 2306 spiritu?
1299 2224 1477 2290 Psallianos
1505 2225 1620 2308 impro

312 2330 367 2393 bat
388 2336 419 2394 et
440 2327 648 2391 consimiles.“
691 2324 771 2389 Vide
792 2324 1019 2390 annotaeiones
1038 2324 1189 2405 Erasmi‚³
1210 2325 1431 2391 instauratoris
1451 2326 1623 2407 theologie,

313 2450 391 2512 quas
413 2430 539 2511 scripsit
560 2430 592 2494 in
612 2434 708 2511 eaput
728 2426 884 2491 decimum
906 2429 1075 2507 quartum4
1096 2429 1211 2511 prioris
1231 2427 1365 2512 epistole
1380 2428 1422 2493 ad
1432 2428 1622 2493 Corinthios.

311 2532 399 2595 ldem
421 2532 648 2612 interpretatur
664 2520 829 2603 ἀλαλάζειν
850 2531 978 2612 proprie
994 2536 1147 2613 perpetuo
1161 2532 1264 2595 sonitu
1281 2538 1422 2613 strepere
1437 2550 1476 2594 ac
1493 2531 1620 2604 tinnire,

311 2653 404 2715 quem
431 2633 472 2698 ad
499 2632 624 2697 modum
649 2632 683 2697 lit
706 2633 738 2695 in
760 2630 916 2695 lebetibus
938 2632 1108 2697 Dodoneis.
1155 2633 1247 2697 Hunc
1274 2633 1439 2716 strepitum
1467 2640 1499 2697 ct
1519 2633 1622 2697 sceni-

311 2754 381 2801 cam
410 2736 561 2799 musicam
589 2753 704 2815 graves
732 2734 793 2797 viri
821 2754 882 2798 non
910 2735 1060 2818 probant,
1087 2734 1248 2818 quia‘per
1269 2752 1362 2799 aures
1382 2734 1555 2799 effeminati
1578 2732 1622 2798 ad

311 2838 451 2901 animum
472 2836 603 2901 allectus
624 2843 801 2918 penetrant.
844 2836 912 2914 Quo
933 2828 1004 2901 enni
1026 2836 1073 2901 ita
1089 2837 1162 2915 sint,
1183 2837 1254 2917 quis
1275 2835 1357 2901 adeo
1378 2854 1471 2900 cecus
1486 2842 1543 2911 est,
1564 2835 1621 2917 qui

286 2958 372 3033 'non
395 2939 512 3019 videat,
534 2947 694 3020 qnantum-
706 2958 780 3003 vere
802 2936 907 3003 landis
918 2939 1088 3003 Otbmarns
1105 2946 1260 3003 mereatur
1272 2940 1356 3002 viam
1372 2939 1464 3003 nobis
1475 2945 1623 3001 sternens

310 3042 352 3105 ad
380 3061 448 3105 eam
476 3040 610 3104 canendi
634 3039 832 3121 laenitatem,
858 3060 919 3123 qne
945 3041 1057 3104 summi
1079 3042 1140 3105 Dei
1173 3041 1380 3122 divorumque
1406 3040 1517 3105 laudes
1538 3040 1622 3105 cele-

310 3144 405 3207 brat?
446 3144 528 3206 Nam
550 3152 581 3206 et
602 3140 798 3206 inflammare
819 3151 849 3207 et
870 3162 977 3207 rursus
998 3144 1111 3208 sedare
1133 3162 1195 3207 non
1217 3142 1310 3208 uredo
1332 3142 1488 3221 iuvenum,
1511 3162 1622 3206 verum

308 3247 408 3309 eciam
437 3246 594 3309 seniorum
623 3244 746 3309 animos
772 3246 892 3309 musico
919 3244 1053 3309 artifieio
1078 3252 1242 3328 amputata
1263 3245 1442 3310 Gnidonis⁵
1467 3262 1561 3307 manu
1586 3253 1625 3307 nt

308 3348 514 3413 instrnmento
542 3366 778 3431 supervacaneo
805 3349 936 3413 solerter
963 3347 1160 3428 excogitavit
1191 3356 1224 3413 et
1253 3348 1438 3413 brevissime
1469 3344 1623 3428 clareque

209 3483 214 3491 ·
286 3449 425 3517 docuit.
475 3449 556 3513 lllud
586 3452 617 3513 in
644 3449 731 3514 ealce
759 3449 907 3532 profiteor
931 3451 1108 3535 complures
1130 3450 1285 3516 henelieio
1306 3450 1426 3537 musice
1445 3448 1622 3514 monachos

309 3572 378 3617 esse
412 3552 528 3632 factos,
568 3552 649 3616 alios
687 3552 845 3635 perditam
879 3552 1127 3618 adolescentiam
1155 3552 1357 3635 emendasse,
1398 3572 1458 3615 noo
1498 3568 1623 3634 paucos

309 3653 464 3718 modestia
491 3660 523 3717 et
543 3653 724 3718 sanctitatis
745 3654 906 3737 specimen
930 3656 1080 3720 evasisse.
1130 3653 1191 3732 oui
1213 3656 1297 3720 enirn
1320 3654 1445 3719 canoris
1465 3652 1565 3717 sacris
1587 3660 1624 3716 et

310 3754 427 3819 Christi
448 3754 633 3819 ceremoniis
654 3756 712 3818 rite
735 3754 874 3820 imbutus
894 3763 956 3836 est,
987 3777 1047 3820 non
1072 3763 1176 3841 potest
1200 3776 1261 3821 non
1284 3776 1353 3823 esse
1374 3757 1498 3839 quietus
1520 3759 1622 3835 atque

307 3948 508 3958 *-

374 4093 385 4135 ¹
407 4094 512 4151 Cicero.
544 4093 731 4153 Tusculanen.
755 4096 778 4167 1,
800 4097 825 4151 2.
848 4094 876 4156 4,
979 4092 993 4136 2
1015 4097 1156 4153 Plutarch.
1187 4097 1300 4171 Lyeurg
1319 4098 1398 4155 XXI.

368 4172 382 4216 ³
414 4176 447 4229 ln
479 4177 528 4229 dor
563 4174 694 4247 Ausgabc
734 4178 782 4231 des
822 4194 913 4232 neuen
950 4178 1142 4233 Testamentcs
1177 4177 1274 4248 (Basel
1312 4180 1399 4250 1516)
1441 4167 1530 4235 heisst
1570 4201 1622 4238 es:

308 4256 349 4311 At
376 4274 449 4310 nune
477 4256 506 4309 in
533 4256 676 4310 nonnullis
701 4257 862 4328 regionibus
894 4265 969 4313 totos
1000 4259 1060 4313 dies
1084 4259 1213 4330 psallitur
1238 4260 1337 4331 spiritu
1362 4279 1413 4316 nee
1439 4263 1537 4315 modus
1563 4281 1621 4320 nec

308 4336 371 4392 finis
399 4335 573 4406 cantionum,
601 4354 686 4405 quum
715 4336 760 4390 vix
785 4337 859 4393 intra
884 4356 932 4393 sex
963 4357 1072 4393 menses
1099 4340 1227 4393 atrdiatur
1254 4341 1352 4396 concio
1379 4342 1496 4395 salubris
1516 4343 1622 4400 adhor-

304 4425 366 4475 tans
385 4418 420 4473 ad
441 4434 532 4471 reram
553 4416 704 4487 pietatem3
729 4416 757 4471 id
779 4418 852 4472 enim
874 4420 979 4474 Paulus
999 4420 1128 4475 vocatia
1150 4437 1232 4474 sensu
1248 4421 1334 4491 loqui.

362 4495 467 4555 4ch
489 4495 534 4553 ts.

367 4576 381 4619 5
400 4579 439 4634 Er
460 4578 535 4632 lebtc
556 4576 594 4630 im
615 4576 875 4636 laudabundae.
907 4580 971 4652 Vgl.
994 4580 1083 4635 'lrith
1104 4597 1148 4651 op.
1171 4578 1193 4635 1.
1214 4598 1242 4653 p.
1261 4580 1352 4659 262.-
