3625 5192
650 362 740 420 Briele
760 362 880 420 blotiano
898 366 939 419 ul.
958 366 1000 419 25.
1444 362 1478 418 35

176 511 292 595 sophos
313 510 487 585 advocabo,
509 517 543 575 ut
563 514 681 579 veritas
701 514 893 580 examinatis
913 512 1078 578 multorum
1101 514 1271 579 sentenciis
1292 514 1479 580 inveniatur.

176 615 219 678 lli
234 614 372 695 Urbane,
392 615 473 679 seito
494 635 543 679 me
560 633 632 681 esee
649 614 850 681 ditissimum.
883 616 984 681 Crede
1007 615 1108 681 doctis
1129 624 1160 681 et
1181 616 1280 691 bonis,
1302 636 1364 681 uon
1384 617 1481 699 vulgo

176 717 399 801 imperitorum.
441 715 628 784 sacerdotia
654 725 782 801 propter
809 718 906 783 libros
930 724 1018 802 peto,
1045 723 1151 783 uetera
1178 738 1240 783 non
1269 718 1393 783 desunt.
1434 718 1481 782 Te

176 837 248 882 creo
278 826 519 903 procuratorem.
571 820 605 885 Si
634 820 853 903 procuraveris
884 818 1020 901 aliquid,
1056 817 1090 881 id
1125 819 1258 884 cenobio
1289 818 1417 883 dabitur
1448 820 1481 885 in

178 921 410 986 bibliothecam.
451 921 576 986 literas
598 940 685 986 meas
703 921 841 1005 perlege,
862 920 1019 1005 perlectas
1042 940 1104 985 una
1126 940 1195 985 cum
1217 922 1299 987 tuisl
1321 929 1353 987 et
1369 920 1481 1005 Spala-

176 1025 235 1088 tini
262 1022 304 1086 ad
324 1022 441 1087 Aldum
462 1022 666 1088 Ir'oocbariis2
689 1022 765 1087 dato
814 1022 888 1086 'libi
911 1042 1042 1105 parvam
1072 1022 1199 1105 impono
1225 1042 1392 1105 summam,
1422 1044 1481 1107 ego

176 1126 345 1210 patefactis
366 1124 485 1189 loribus
512 1125 648 1190 noticie³
672 1124 758 1208 apud
779 1124 953 1189 Manutium
981 1126 1151 1190 centenosl
1178 1124 1310 1191 mittam.
1356 1126 1393 1191 ln
1422 1127 1482 1193 hae

177 1246 240 1291 una
265 1247 299 1292 re
326 1233 410 1292 totus
438 1247 553 1292 versor.
601 1226 747 1309 Obsiguu
772 1234 826 1292 tuo
850 1228 951 1310 signo.
1003 1226 1082 1292 ltem
1114 1226 1208 1291 tidem
1234 1226 1483 1311 inquiliuomm⁶

177 1338 299 1395 tuorum
328 1328 477 1412 implora,
509 1348 549 1394 ne
569 1327 710 1393 Venetiis
736 1336 967 1393 remoramenta
993 1336 1172 1401 nascantur.
1222 1330 1249 1395 Ο
1280 1350 1336 1395 nos
1364 1330 1483 1410 beatos,

176 1434 205 1496 si
234 1450 284 1497 res
308 1430 368 1494 hee
394 1430 475 1495 bene
503 1430 649 1495 cesserit!
690 1429 846 1509 ODeus,
874 1430 993 1510 aspira.
1035 1430 1185 1512 Reliquas
1214 1450 1323 1514 preces
1352 1438 1386 1497 tu
1412 1450 1482 1497 oum

177 1528 345 1613 Spalatiuo
365 1531 465 1597 dicas.
492 1531 581 1597 Vale.
622 1532 783 1597 Mutiauus
802 1532 871 1611 agit
892 1532 1016 1613 gratias
1037 1538 1068 1597 et
1089 1550 1123 1597 se
1145 1533 1203 1597 tibi
1226 1540 1323 1598 totum
1345 1532 1483 1600 dedicat.

180 1632 207 1696 l}
213 1632 244 1696 bi
272 1634 482 1717 pulvisculum
514 1653 554 1698 ex
582 1635 729 1699 arenario
760 1633 963 1701 madentibus
995 1634 1099 1698 adbuc
1132 1633 1235 1699 lituris
1271 1654 1483 1720 aspergerem,

177 1735 275 1799 rediit
294 1735 438 1801 lutumst
459 1756 529 1801 cum
551 1738 650 1802 altero
670 1736 862 1801 munusculo.
906 1736 1039 1810 Erubui,
1061 1738 1176 1818 t'ateor,
1203 1743 1236 1802 ct
1261 1740 1429 1819 pronuntio
1451 1748 1482 1805 te

178 1835 297 1903 limites
321 1837 534 1904 munificentie
562 1838 716 1903 latissime
745 1839 949 1923 promovisse.
996 1838 1064 1903 lam
1096 1840 1215 1920 cogito,
1247 1846 1397 1922 quantum
1423 1842 1482 1906 sim

179 1940 241 2003 tibi
268 1958 392 2005 nomen.
437 1940 628 2025 Deprompsi
660 1940 700 2005 de
727 1939 944 2023 promptuario
974 1938 1035 2004 dno
1066 1940 1220 2023 puellaria
1254 1942 1415 2025 marsupia
1443 1950 1484 2021 et,

178 2061 276 2124 quum
296 2042 427 2107 alterum
448 2043 555 2108 villice
580 2041 645 2107 filie
671 2043 803 2107 alterum
826 2042 931 2107 villice
952 2040 1159 2123 destinarem,
1180 2043 1342 2124 consurgit
1367 2043 1485 2109 llianus

177 2152 212 2209 et
243 2144 410 2210 intercedit
445 2145 523 2209 milri
556 2163 690 2209 narrans
723 2144 863 2209 villicum
892 2143 1089 2222 demigrasse
1117 2162 1156 2207 ex
1184 2144 1309 2209 colonia
1330 2144 1393 2209 sibi
1413 2165 1486 2210 con·

181 2244 315 2311 credita.
357 2245 507 2311 Contraxi
535 2246 668 2310 frontem
696 2251 729 2309 et
753 2246 799 2309 ita
821 2244 946 2309 censui:
975 2243 1076 2326 lgitur
1103 2264 1270 2311 economus
1297 2245 1389 2311 herus
1420 2247 1483 2311 l'r-

180 2348 307 2411 banus
322 2346 373 2412 ius
383 2346 592 2433 dispertiendi
605 2345 731 2412 babeat.
773 2348 897 2412 Placuit
910 2347 1013 2411 Iliano
1024 2347 1192 2427 sententia,
1214 2348 1263 2411 eui
1279 2348 1369 2413 dieas
1380 2348 1486 2429 velim,

181 2469 224 2514 ne
250 2450 384 2534 posthac
412 2449 596 2515 rhetoricari
625 2449 710 2515 velit.
760 2449 843 2514 Nam
871 2450 992 2531 gratior
1019 2448 1095 2513 mihi
1127 2458 1175 2515 est
1204 2448 1301 2515 durus
1332 2451 1487 2535 simplicis

177 2571 297 2632 sermo,
324 2552 383 2616 boe
403 2558 452 2616 est
478 2552 630 2633 agrestis,
660 2552 852 2635 incomptus,
882 2553 995 2633 nudus,
1021 2570 1115 2633 quam
1142 2553 1332 2617 concinnata
1352 2561 1383 2617 et
1405 2574 1485 2619 oom-

181 2655 289 2738 posita
308 2652 506 2719 disertitudo.
549 2653 624 2736 lpsa
651 2661 767 2718 natura
793 2653 892 2719 trabit
919 2673 968 2719 me
994 2652 1037 2717 ad
1063 2654 1232 2719 amandum
1258 2654 1291 2719 irl
1312 2674 1412 2737 genus
1433 2656 1486 2721 lro-

181 2758 285 2821 mines
305 2804 311 2819 .
344 2755 447 2821 Credo
472 2758 510 2834 et}
531 2755 589 2819 tibi
615 2754 786 2819 iucundum
813 2774 893 2821 esse.
936 2756 1015 2833 Quis
1035 2758 1119 2821 enirn
1142 2756 1222 2822 bene
1243 2756 1404 2821 institutus
1424 2778 1486 2823 uon

183 2860 336 2941 preferret
368 2858 517 2923 rusticum
544 2857 720 2922 modestum
749 2858 817 2939 regi
850 2858 946 2922 Creso
973 2864 1005 2922 et
1032 2858 1251 2940 virgunculam
1276 2866 1436 2942 agrestem
1457 2867 1488 2925 et

180 2960 353 3025 amabilem
375 2958 606 3043 Erphurdiauis
627 2960 760 3024 noctuis.
801 2959 854 3023 Da
874 2959 1001 3024 veniam
1023 2966 1055 3025 et
1074 2961 1149 3025 vive
1169 2960 1250 3025 letus
1272 2968 1304 3025 et
1322 2961 1407 3025 telin.

265 3064 330 3127 laur
353 3082 405 3127 me
429 3080 508 3147 puer
538 3061 670 3146 piscium
700 3059 872 3127 admonuit.
915 3062 1013 3141 Obe,
1034 3081 1128 3145 qrram
1150 3063 1396 3129 innumerabilia
1416 3068 1489 3128 sunt

181 3165 297 3229 merita
322 3166 355 3228 in
380 3183 439 3229 uos
465 3168 529 3228 tua
572 3162 665 3228 Dabo
691 3162 820 3227 vivendi
848 3182 989 3228 normam
1016 3184 1056 3229 ex
1077 3165 1203 3248 placitis
1224 3165 1433 3247 medicorum,
1455 3172 1489 3230 ut

181 3267 262 3333 milri
286 3268 359 3332 talis
384 3266 504 3330 amicus
521 3264 659 3348 longum,
681 3266 744 3329 iuro
763 3272 904 3331 eternum
927 3272 1077 3346 servetur,
1098 3285 1298 3348 quamquam,
1320 3274 1354 3331 ut
1375 3267 1489 3347 dicam,

183 3369 269 3452 quod
291 3369 403 3448 sentio,
425 3368 482 3432 tibi
506 3367 716 3452 etSpalatino
738 3388 800 3433 non
821 3367 1139 3451 sitpremetuendum.
1184 3368 1311 3433 Utinam
1333 3377 1365 3433 et
1381 3388 1489 3435 aman-

183 3472 326 3537 tissimus
347 3469 448 3535 abbas
469 3475 502 3535 et
523 3469 792 3534 dominnsnuieus
809 3476 915 3534 noster
934 3489 994 3534 nou
1016 3470 1135 3554 passim
1157 3490 1265 3536 omnes
1282 3470 1489 3537 admitteret.l

249 3638 365 3696 lBeide
393 3640 486 3695 Brieie
513 3640 574 3695 sind
601 3639 629 3694 in
656 3641 719 3694 dem
747 3638 929 3694 Frankfurter
949 3636 1041 3694 Codex
1068 3639 1191 3693 erhalton
1221 3640 1278 3694 und
1307 3658 1361 3695 von
1387 3640 1489 3695 Terruel

185 3720 212 3774 S.
234 3720 272 3775 43
294 3721 377 3776 sorvie
396 3738 450 3776 von
473 3716 586 3775 Schiielr
607 3719 803 3774 snut-133
826 3719 999 3791 abgedruelrt
1019 3720 1137 3775 worden.
1179 3720 1227 3774 llur
1242 3720 1490 3789 Wiederabdruclr,

187 3803 281 3856 binter
300 3802 403 3856 diesem
425 3800 528 3869 Basse,
549 3800 644 3855 echien
668 3800 721 3854 mir
743 3800 771 3853 in
793 3799 968 3855 mebrfucher
988 3800 1119 3855 Hinsicht
1138 3802 1378 3858 wiirrsclrensuert.

246 3878 260 3921 ²
282 3881 346 3953 Vgl.
367 3880 413 3937 Br.
437 3880 482 3936 12.
505 3880 551 3934 13.
574 3880 618 3935 14.
640 3879 686 3935 at.

248 3957 339 4017 3Die
367 3960 554 4016 Sebiick'sche
579 3960 795 4031 Interpretation
821 3959 911 4014 dieser
932 3960 1029 4015 Worto
1054 3978 1151 4035 „wenn
1178 3961 1223 4016 die
1252 3961 1344 4017 There
1369 3963 1419 4017 der
1442 3962 1490 4015 Er-

186 4042 319 4097 lrenntuie
346 4042 391 4096 bei
414 4041 502 4096 Aldus
524 4040 648 4113 gcbffirct
673 4040 763 4109 scien,
788 4041 812 4094 d.
828 4041 854 4094 lr.
876 4058 955 4095 werm
982 4058 1012 4094 er
1037 4040 1087 4095 aul
1112 4040 1208 4112 billige
1229 4040 1324 4096 Preisc
1343 4042 1490 4114 einginge“

186 4125 263 4179 halte
291 4122 336 4177 ich
362 4123 409 4175 fiir
428 4122 560 4190 vcrfchlt3
591 4122 636 4175 iclr
664 4122 776 4175 mdclrte
804 4120 982 4175 iibersetucn:
1009 4120 1167 4190 „Nachdcm
1191 4121 1332 4177 Manutius
1360 4122 1411 4176 mit
1439 4140 1491 4176 rms

184 4204 312 4259 bekannt
330 4201 501 4274 gevordenf‘
541 4201 605 4272 Vgl.
626 4201 776 4255 desselben
799 4200 945 4255 Auudrrrck
968 4200 1087 4271 (aperire
1110 4201 1183 4256 iores
1203 4200 1320 4273 noticia)
1344 4202 1389 4257 Br.
1404 4202 1430 4257 6.

248 4279 264 4321 4
287 4282 344 4336 100
366 4282 518 4352 (iunuchos,
539 4288 623 4337 etwas
644 4281 714 4335 iiber
734 4279 753 4333 4
773 4280 958 4352 Goldgulden.

250 4358 323 4417 5Iis
348 4362 411 4416 sind
439 4362 582 4417 hierunter
609 4362 682 4416 doch
702 4363 776 4415 wohl
800 4360 846 4415 die
871 4360 1066 4432 Fuggerscherr
1088 4362 1230 4417 Vertretcr
1259 4362 1309 4417 anf
1333 4364 1386 4417 den
1408 4362 1491 4434 Borg-

190 4443 302 4499 rrerlren
323 4443 369 4498 bei
390 4444 453 4497 dem
474 4442 695 4514 Georgenthaler
717 4440 805 4495 Dorn'e
826 4440 1043 4495 Hohcnkircbon
1061 4460 1093 4495 zu
1116 4444 1270 4502 vorstelren.

251 4519 265 4561 ὓ
287 4524 339 4577 Ein
362 4522 448 4577 iifters
467 4529 622 4595 genannter
640 4522 712 4575 Bote
732 4521 852 4577 Urbane.

252 4599 265 4645 7
287 4604 396 4675 lilngeu
416 4602 506 4659 dieser
526 4602 579 4658 Art
596 4602 780 4658 wiederboleu
801 4602 862 4658 aleb
879 4602 908 4655 in
928 4600 1049 4657 Matiane
1071 4602 1191 4659 Brieiun.

1253 4699 1290 4753 gr·
