3625 5192
299 329 349 384 lto
657 329 917 398 Gcsuhiclrtsqrmllsu
936 330 984 382 der
1000 327 1111 382 Provinz
1129 327 1253 382 Sacbscn.

295 478 358 542 Sed
382 497 452 543 cum
474 479 676 563 Stupitius²¹,
705 478 760 560 qui
785 476 841 541 dis
866 477 983 542 absens
1009 478 1083 554 linit,
1112 485 1187 542 tunc
1214 479 1295 542 lorte
1316 477 1408 542 nobis
1428 477 1599 562 appropin-

293 588 414 662 quaret,
436 581 585 664 respondi
609 583 689 646 satis
708 581 827 646 dictum
840 601 912 646 csse
930 581 1013 646 clam
1033 581 1201 646 insinuans
1218 580 1326 665 lupum
1344 599 1414 644 esse
1431 579 1463 643 in
1484 580 1601 646 tabula.

295 682 400 760 Qum
417 684 563 749 seribas2'
583 683 625 747 ad
647 685 798 762 amioum,
827 679 860 748 ut
880 683 963 749 bono
983 685 1026 748 sit
1046 685 1152 749 animo
1173 690 1205 748 et
1224 684 1349 748 auterat
1367 702 1491 747 omnem
1512 702 1602 747 occa

294 786 416 851 sionem
437 785 634 866 detrahendi,
654 785 715 850 boc
735 794 793 866 est,
814 787 856 850 sit
879 788 1048 865 humanus,
1069 786 1224 867 affabilis,
1245 785 1509 866 sobrinoneqneb
1532 805 1601 868 pro-

295 888 375 952 ferat
397 887 488 952 illud:
511 887 658 970 „Sufficit
679 888 757 954 mibi
777 888 972 954 consm'entis
992 909 1074 970 nen,
1094 889 1186 954 testis
1207 907 1295 955 mens
1315 888 1417 952 estin
1439 887 1517 966 celo,
1538 907 1600 951 non

295 1009 378 1072 curo,
400 990 536 1072 quidde
557 1012 606 1056 me
618 991 785 1071 loquantur
803 992 955 1070 homines,
976 1012 1049 1055 nam
1061 989 1424 1076 apostotusproviduhst
1440 989 1602 1056 mmm

294 1091 394 1158 solnm
405 1113 512 1158 coram
524 1093 602 1174 Deo,
623 1093 680 1159 sed
695 1093 791 1159 etiam
802 1113 907 1158 coram
922 1093 1129 1158 bominibus.“
1171 1093 1228 1158 Et⁶
1242 1093 1317 1176 qaia
1326 1093 1393 1158 lieri
1414 1113 1476 1158 non
1488 1099 1603 1176 potest,

294 1204 328 1259 ut
348 1196 417 1259 sine
438 1195 647 1261 mersionibus
669 1196 752 1261 hanc
773 1198 871 1260 vitam
892 1195 1046 1278 degamus
1066 1202 1099 1260 et
1119 1196 1213 1260 malis
1235 1195 1438 1280 displicuisse
1459 1195 1529 1260 lans
1549 1195 1601 1274 sit,

294 1299 374 1362 l'erat
394 1317 474 1380 equo
496 1298 602 1362 animo
624 1298 850 1363 cavillationes
869 1299 972 1362 minus
993 1299 1073 1362 bene
1093 1298 1144 1362 vel
1156 1295 1197 1361 de
1213 1297 1348 1362 literatis·
1368 1297 1418 1362 vel
1440 1297 1481 1361 de
1502 1297 1602 1364 sacris

232 1389 236 1396 ¹
294 1400 496 1466 sentientium
518 1381 812 1466 contentns⁰iavore
834 1408 866 1465 et
886 1401 992 1483 gratia
1008 1401 1196 1485 principum,
1217 1403 1355 1483 quinon
1377 1401 1484 1466 sinent
1504 1401 1600 1485 peda-

293 1505 432 1585 gogumd
453 1503 639 1576 fidissimum
656 1503 833 1569 invidorum
845 1503 949 1568 ventis
970 1509 1002 1567 et
1023 1502 1170 1568 fluctibus
1187 1504 1310 1569 iactari.
1343 1501 1422 1568 Vale
1443 1508 1476 1567 et
1496 1503 1580 1568 vive.

365 1649 545 1694 usucapere.
565 1649 584 1694 s
599 1649 631 1696 oa
651 1650 690 1696 ror.
706 1644 756 1697 err
768 1673 792 1680 -
804 1647 863 1695 oar.
938 1649 1012 1696 oser.
1033 1649 1057 1695 n.
1078 1649 1112 1695 m
1130 1627 1198 1696 sue
1213 1649 1263 1695 uus
1278 1649 1309 1695 rr
1330 1664 1375 1696 aa
1393 1651 1463 1708 quas
1486 1662 1541 1696 eum
1561 1647 1598 1694 aa

294 1717 344 1764 siut
363 1719 535 1778 filugalaubis
553 1719 669 1765 ductibus
687 1719 783 1766 iactari.
1452 1711 1458 1726 '

363 1842 426 1894 “Ta
446 1847 590 1908 Stnupitius.
660 1831 727 1894 1’Τκ
745 1863 798 1894 πιθα.
868 1841 934 1894 0Τν.
952 1849 996 1894 Ao.
1066 1832 1267 1908 “spartagum

727 2020 818 2088 (Siebe
837 2025 921 2074 untsn
939 2021 1113 2088 Arrmerlrung'
1128 2020 1163 2086 2.)

414 2123 545 2188 Erudito
576 2123 729 2206 magistro
760 2123 898 2205 Georgio
926 2123 1153 2206 Spalatino,
1184 2123 1303 2188 doctori
1334 2122 1504 2206 principis,
1542 2139 1599 2187 suo

333 2227 536 2307 amicissimo,
559 2225 712 2291 Henrieus
734 2226 894 2291 Urbanus.

414 2331 446 2394 S.
488 2329 674 2410 Quanquam
699 2347 760 2393 non
781 2348 822 2393 ea
843 2328 874 2392 in
897 2347 948 2392 me
968 2334 1016 2393 est
1038 2328 1174 2393 eruditio
1198 2335 1254 2392 aut
1272 2327 1442 2412 prudentia
1463 2333 1496 2392 ct
1522 2325 1599 2390 iudi-

332 2432 430 2513 cium,
457 2438 492 2495 ut
512 2439 620 2515 putem
641 2436 672 2495 te
694 2429 839 2512 indigere
866 2429 999 2494 oonsilio
1020 2449 1105 2511 meo,
1133 2430 1267 2516 perculit
1293 2450 1343 2495 me
1364 2437 1470 2494 tamen
1490 2430 1599 2512 singn-

333 2533 410 2598 laris
433 2553 520 2599 amor
540 2533 573 2596 in
595 2540 626 2598 te
646 2552 749 2610 meus,
775 2541 809 2598 ut
836 2539 867 2596 te
896 2531 1048 2598 benevole
1075 2531 1265 2598 admoneam
1290 2553 1347 2617 pro
1373 2537 1482 2596 mutua
1502 2539 1534 2596 et
1554 2533 1599 2596 in-

331 2636 466 2702 dividua
491 2642 599 2701 nostra
624 2636 842 2718 germanitate.
891 2634 960 2716 Ego
987 2635 1072 2700 enim
1102 2633 1221 2700 iubae
1251 2635 1361 2700 schola
1385 2634 1599 2717 Pythagorica

333 2739 462 2804 sedulus
486 2745 747 2821 nugamentorum
768 2738 894 2802 auditor
916 2743 1020 2821 preter
1046 2737 1234 2818 quisquilias
1259 2737 1339 2802 nibil
1364 2736 1445 2820 lego.
1483 2735 1524 2801 m
1544 2735 1598 2799 ab·

332 2841 428 2906 surda
448 2840 625 2922 frivolaque
651 2839 863 2922 sophistarum
891 2838 1014 2903 dietata
1040 2839 1182 2903 nativam
1208 2839 1311 2904 aciem
1338 2838 1459 2920 ingenii
1487 2827 1600 2903 obtun-

333 2944 412 3007 dunt
432 2951 464 3008 et
485 2942 636 3008 hebetant
656 2941 751 3022 adeo,
781 2951 815 3006 ut
836 2962 885 3006 me
905 2943 1022 3006 tinetra
1042 2939 1085 3005 ad
1106 2941 1269 3025 politiores
1288 2941 1450 3006 doctrinas
1472 2941 1598 3020 invites,

333 3065 444 3124 acrias,
475 3043 629 3131 impellas.
681 3045 751 3110 Nou
775 3045 913 3109 urbanus
936 3063 1005 3108 sum
1032 3051 1063 3109 et
1084 3043 1185 3109 literis
1202 3043 1338 3109 literatis
1363 3043 1461 3128 probe
1488 3045 1599 3116 cultus.

335 3155 368 3212 ut
389 3147 548 3212 Mutianns
569 3155 674 3212 noster
694 3147 869 3228 existimat,
890 3145 982 3211 bomo
1002 3145 1112 3228 grado
1131 3153 1164 3211 et
1184 3145 1321 3211 disertus
1342 3154 1457 3228 tueque
1477 3147 1599 3226 salutis,
1705 3197 1711 3208 .

334 3251 396 3314 iuro
428 3257 533 3314 nostre
567 3256 782 3333 propugnator
814 3247 999 3322 acerrimus,
1032 3247 1090 3312 sed
1122 3248 1258 3329 agrestis
1293 3254 1404 3332 stupor
1436 3255 1468 3314 ct
1494 3249 1598 3314 inians

335 3349 532 3430 bacillarius,
561 3371 667 3416 verum
694 3371 755 3415 non
783 3351 954 3430 bausens,
985 3350 1062 3432 quin
1089 3349 1183 3414 utilia
1210 3358 1242 3414 et
1257 3357 1356 3415 recta
1382 3369 1512 3416 narrare
1540 3351 1598 3415 tibi

334 3454 460 3537 possim.
502 3454 616 3518 Testor
634 3473 737 3518 meum
758 3454 791 3517 in
811 3453 1003 3539 teaninrum
1025 3451 1171 3533 etlidcm,
1190 3452 1268 3517 nibil
1291 3452 1379 3517 alind
1390 3453 1598 3530 meseribere,

332 3577 426 3640 quam
448 3555 532 3637 quod
552 3555 751 3620 conducibile
774 3555 911 3620 credam.
951 3555 1078 3619 Tacitus
1104 3554 1162 3619 tibi
1190 3555 1321 3620 cottidie
1349 3555 1455 3621 tausta
1475 3564 1507 3620 et
1527 3576 1598 3638 pro-

222 3684 224 3688 ·
333 3679 428 3742 spera
448 3659 570 3723 ominor
591 3666 623 3723 ct
645 3657 745 3722 Deum
768 3677 892 3741 precor,
921 3666 955 3721 ut
982 3664 1013 3723 tc
1039 3657 1247 3724 lau'orabilem
1273 3659 1356 3724 tanti
1382 3658 1472 3741 pueri
1500 3656 1597 3741 pedu·

360 3931 370 3972 ¹
393 3933 517 4004 Staupitz
543 3935 622 3988 stand
644 3933 690 3988 boi
711 3933 817 3988 Mutian
840 3935 869 3988 iu
890 3937 978 3990 hoher
994 3936 1134 4006 Achtung.
1181 3933 1282 3990 Dieser
1301 3935 1379 3989 hatto
1399 3935 1515 3990 deshalb
1536 3935 1599 3989 dem

298 4015 422 4086 Spalatiu
445 4014 490 4069 bei
512 4015 574 4068 dcrn
597 4014 703 4068 Autritt
722 4014 812 4070 seiner
832 4015 1041 4070 Emiohersteile
1062 4015 1211 4087 garathas,
1236 4015 1296 4069 sich
1313 4017 1407 4084 jencm
1429 4033 1462 4068 nu
1484 4016 1600 4068 nither-u.

296 4096 333 4150 Es
359 4096 427 4149 liisst
452 4094 511 4148 sich
539 4094 598 4148 dies
625 4112 674 4148 aus
701 4095 790 4149 ciuem
820 4094 914 4151 Bricfe
940 4095 1079 4166 Qalafirrs
1105 4114 1141 4150 an
1161 4093 1286 4164 Staupita
1310 4093 1388 4163 (Cori.
1415 4090 1500 4149 chart.
1516 4095 1600 4149 Goth.

297 4176 344 4230 Nr.
356 4176 414 4228 399
437 4173 576 4228 solam
599 4176 779 4229 enmehmen:
801 4176 898 4230 Multis
921 4177 1024 4231 abhinc
1045 4176 1133 4245 annis,
1152 4177 1300 4230 reverende
1322 4182 1409 4246 pater,
1430 4175 1498 4228 mihi
1515 4174 1602 4229 suasit

294 4256 452 4323 dimissus,
479 4256 651 4310 decretorum
673 4256 783 4324 doctor,
809 4274 887 4310 niens
911 4263 1058 4326 preceptor
1083 4262 1112 4310 ct
1136 4264 1269 4327 munaus
1293 4255 1454 4327 singularis,
1480 4255 1522 4308 vir
1542 4262 1599 4310 tam

293 4336 487 4408 integerrimus
508 4353 590 4404 quam
612 4333 796 4406 doctissimus,
816 4343 848 4390 ut
868 4345 943 4391 tuam
964 4337 1140 4391 conciliarem
1161 4335 1349 4391 reverentiam.

359 4412 488 4471 ²Urbun
516 4415 566 4468 hat
591 4416 645 4468 den
671 4413 791 4487 Austrag
817 4417 906 4471 seines
926 4417 1067 4472 Freundos
1092 4416 1248 4488 getrenlich
1274 4416 1331 4469 und
1354 4435 1424 4488 ganz
1450 4415 1488 4468 inr
1514 4415 1600 4470 Sinna

297 4497 441 4552 desselben
462 4494 633 4565 ausgeiiihrt.
675 4493 734 4550 Der
760 4495 840 4551 Briei
859 4495 983 4552 befindet
1008 4497 1068 4551 sich
1093 4496 1123 4550 in
1150 4497 1199 4551 der
1218 4495 1400 4551 Frunktnrter
1419 4495 1602 4555 Handahrift

296 4577 352 4634 und
374 4575 410 4634 ist
431 4575 545 4650 wiebtig
563 4593 665 4650 genng,
685 4593 731 4630 aar
753 4576 814 4636 hier
833 4577 1003 4654 vollstiindig
1022 4577 1249 4654 wiedergegeben
1269 4594 1304 4633 au
1324 4577 1440 4637 nemen.
