3625 5192
309 347 360 420 284
678 346 939 416 Geschicbtsqunllen
956 347 1005 400 dcr
1022 345 1096 399 Prcv.
1114 345 1244 400 Sccbsen.

309 527 391 597 208.
413 527 457 594 ll.
479 546 525 594 an
548 528 683 600 ‘Urbem
956 528 1089 610 (liutius
1100 530 1194 602 1512.
1227 528 1365 614 lniang
1378 488 1615 614 September.)

377 652 439 701 Mur.
459 653 585 714 bespriebt
602 653 688 700 suinen
707 649 785 702 Struit
802 655 847 700 mit
867 653 993 714 Kb'teling.

389 751 524 816 ilenrico
545 751 712 816 Urbano.
1179 842 1182 848 Ι

388 857 419 919 S.
462 853 666 918 Commodum
697 856 867 939 perscripsi
895 854 1064 938 epistelam
1090 862 1122 920 et
1150 857 1317 920 nunciatur
1342 854 1517 921 adventare
1550 854 1614 920 dux
1657 923 1664 934 ,

309 954 474 1020 loannes¹.
523 955 631 1038 ltaque
664 975 738 1038 spes
764 976 813 1019 me
838 957 958 1021 fefellit.
1006 955 1160 1035 Quaud0³
1181 957 1286 1022 enimb
1305 955 1395 1022 deest
1415 957 1564 1022 Mecenas
1583 966 1616 1021 et

276 1143 288 1150 .,
308 1055 478 1139 presidium
506 1077 609 1121 meum
635 1052 767 1138 πυλωρὸς
793 1053 935 1138 ἄριστοςθ,
965 1059 1068 1123 minus
1091 1057 1188 1122 audet
1208 1057 1376 1123 Mutianus.
1418 1059 1490 1137 Qua
1519 1059 1616 1141 igitur
1716 1135 1722 1148 ,

308 1159 430 1224 ratione
450 1178 575 1224 muscas
595 1157 774 1241 depellam?
816 1159 920 1224 Semel
941 1166 1036 1241 atque
1058 1159 1170 1224 iterum
1191 1158 1333 1225 obtulisti
1350 1169 1380 1225 te
1393 1165 1614 1243 seqnmtreme

306 1261 342 1327 Si
364 1260 468 1326 adhuc
489 1259 573 1326 idem
594 1266 643 1326 est
664 1261 815 1340 animun,
836 1261 940 1326 scribe
960 1268 993 1325 et
1014 1261 1154 1326 remissis
1174 1261 1329 1344 exemplis
1352 1262 1446 1344 plane
1457 1264 1615 1328 accuratis
1669 1261 1672 1266 ’

306 1362 475 1446 expediam
509 1368 540 1428 te
569 1382 662 1445 quam
694 1362 841 1427 ocissime
849 1365 866 1426 ¹.
916 1361 979 1427 Sed
1007 1361 1121 1428 vellem
1149 1360 1379 1429 rescinderetur
1408 1366 1613 1448 permutabis,

307 1463 340 1528 id
361 1464 445 1547 quod
463 1463 573 1529 Lutius
594 1465 674 1530 velle
693 1483 728 1530 se
749 1464 834 1529 dicit.
878 1463 1045 1546 Utcunque
1065 1464 1121 1536 sit,
1143 1484 1205 1528 non
1225 1470 1274 1528 est
1292 1466 1355 1528 citn
1376 1474 1440 1530 tam
1462 1467 1616 1549 improbis

306 1566 405 1631 herba
428 1565 629 1651 porrigenda.
676 1567 757 1631 Val'e
783 1574 815 1631 et
841 1565 940 1640 salve.
990 1563 1040 1629 Ad
1067 1565 1220 1630 Paulum2
1246 1566 1386 1632 scribere
1414 1569 1614 1652 supersedeo.

307 1667 401 1734 Dicat
426 1669 501 1733 viva
530 1687 607 1760 voce
632 1668 683 1734 vel
708 1668 866 1756 §ecyrum
894 1669 945 1734 vel
974 1668 1143 1733 Henricns:
1179 1658 1317 1752 impedis
1345 1689 1415 1734 cum
1443 1678 1496 1734 tun
1522 1671 1634 1741 botin.

304 1771 440 1850 gratiam
474 1771 682 1854 principalem
716 1770 803 1858 nulla
830 1769 944 1834 ducum
972 1787 1156 1850 magnorum
1187 1768 1298 1834 habita
1321 1773 1451 1837 ratione.
1506 1775 1615 1853 bessa,

305 1871 446 1937 Mutiano
473 1873 592 1938 faveas.
634 1873 666 1936 Is
692 1879 724 1937 te
745 1871 861 1954 diligit.
913 1871 980 1936 Heu
1013 1871 1044 1934 in
1077 1890 1199 1936 summa
1231 1871 1404 1954 loquatur&
1450 1875 1526 1939 item
1558 1877 1616 1940 illa
1674 1904 1678 1909 ·

227 2003 231 2012 ·
302 1975 418 2062 cratin:
444 1973 542 2039 Wnna
562 1989 599 2038 zu
621 1975 663 2054 l'al
685 1973 800 2050 komel,
821 1974 919 2042 etiam
941 1993 997 2056 pru
1016 1991 1067 2037 me
1088 1979 1144 2037 est.
1187 1973 1271 2038 Nam
1293 1975 1477 2040 beneficium
1499 1979 1613 2059 princi-

303 2077 354 2161 pis
380 2075 551 2159 benignius
576 2085 624 2142 est
649 2074 919 2159 interpretandum
947 2080 979 2140 et
1005 2075 1197 2140 favorabilia
1226 2083 1299 2140 sunt
1330 2077 1547 2161 extendenda,
1581 2089 1615 2145 ut

304 2179 465 2261 utriusque
481 2177 560 2243 iuris
578 2178 672 2261 periti
693 2178 830 2241 tradunt
871 2176 957 2240 Audi
979 2176 1078 2241 verba
1102 2176 1286 2268 labnleni¹fi
1317 2198 1378 2260 que
1400 2190 1560 2263 ponuntur
1580 2184 1612 2248 in

303 2281 334 2346 ll.
356 2280 540 2346 iustiniani:
568 2279 783 2360 „Beneficium
806 2279 1022 2363 imperatoris,
1048 2277 1131 2359 quod
1156 2279 1310 2344 adivina
1329 2280 1451 2348 scilicet
1476 2283 1544 2349 eius
1567 2285 1613 2348 in·

303 2382 469 2466 dulgentia
493 2381 714 2466 proficiscitur,
742 2399 836 2463 quam
857 2379 1042 2464 plenissime
1069 2379 1272 2464 interpretari
1292 2381 1478 2448 debemns“.
1528 2385 1613 2468 Ergo

303 2479 364 2550 nnn
387 2486 421 2550 in
441 2484 539 2564 obitu,
561 2483 618 2549 sed
638 2484 735 2548 etiam
755 2482 837 2547 alian
858 2490 906 2547 est
927 2501 1028 2548 casus.

332 2629 921 2748 HHffdsehmitl.F218i01.148r-l48v.
956 2629 1313 2690 bodecheim-,rue
1349 2632 1640 2704 ΙίἰεαιιίᾱίιΑᾱηκοει

303 2717 331 2748 rc
352 2707 397 2748 sub
423 2703 454 2762 ip.

371 2832 384 2860 ⁸
404 2828 437 2874 rt
454 2827 587 2886 eroniam.
655 2810 667 2848 b
685 2827 754 2872 dbblt
771 2818 869 2874 bci'i'x.
943 2820 953 2847 ⁸
972 2827 1018 2872 Dic
1036 2827 1122 2873 beiden
1140 2827 1302 2886 wmarus
1320 2829 1396 2876 Wcrtae
1409 2829 1496 2888 subleva
1513 2829 1551 2876 ta·
1569 2832 1610 2879 Ta.

301 2883 314 2919 ἀ
334 2899 351 2943 1«
370 2901 528 2960 urpucstrern·
583 2891 594 2917 ⁰
613 2897 644 2942 Τπ
663 2897 825 2946 anirnus'ust.
900 2881 910 2918 s
926 2897 1014 2944 Fund
1033 2898 1066 2943 Ta
1084 2897 1213 2945 ociis-sime.
1286 2891 1300 2927 3
1319 2899 1353 2946 Ta
1371 2899 1490 2959 loquitur.
1544 2887 1557 2921 ²¹
1577 2903 1611 2948 Tz

302 2969 357 3014 blut
376 2969 467 3014 bourml.
524 2961 528 2986 ¹
550 2967 636 3012 brand
655 2967 689 3014 Ta
706 2966 819 3015 lubelirri
875 2995 877 2998 -
1163 2985 1170 2991 ·

855 3069 1055 3078 ——---——-

219 3185 225 3196 ’
301 3206 384 3277 209.
405 3205 449 3278 ll.
464 3205 658 3279 anUrban.
941 3203 1075 3290 (tiatira
1084 3204 1181 3277 1512.
1217 3203 1428 3289 September
1438 3205 1604 3292 lniang.)

369 3353 431 3401 idut.
450 3353 575 3401 bericlrtet
593 3353 655 3400 llbcr
675 3353 800 3400 hilmische
818 3345 1011 3411 samonungun
1029 3351 1122 3398 scitans
1144 3352 1227 3399 selrrer
1241 3353 1336 3400 Feindc
1355 3353 1440 3401 March
1459 3355 1511 3401 und
1531 3355 1609 3402 licitu·

225 3419 229 3428 '
300 3424 360 3484 ling.
398 3424 432 3471 iir
449 3424 508 3483 liegt
527 3438 610 3484 grosse
628 3423 831 3482 Busrlrclrtungen
850 3437 896 3468 ver
915 3421 988 3469 ihren
1006 3422 1221 3470 idaebiuationeu.

381 3543 517 3608 chricn
540 3542 696 3608 Urbane
718 3541 878 3606 Mutianus
898 3541 1006 3607 liuius.

380 3651 411 3710 ὃ.
454 3643 598 3710 Amande
619 3646 661 3708 mi
676 3651 768 3727 pater
782 3651 814 3708 et
823 3643 959 3708 dominc.
1002 3644 1122 3710 Scribis
1143 3644 1255 3708 mirum
1276 3643 1309 3708 in
1331 3642 1456 3709 mudum
1480 3643 1608 3728 placere

300 3748 369 3830 tibi,
389 3746 474 3831 qued
495 3764 565 3812 enm
583 3745 673 3812 Lutin
694 3745 822 3828 egerim,
844 3746 1006 3828 mittisque
1028 3747 1137 3812 literas
1159 3764 1230 3809 meu
1250 3744 1405 3810 arbitratu
1428 3744 1607 3811 reddendas

300 3854 340 3932 nt,
363 3868 424 3932 que
444 3849 637 3932 singularem
661 3847 861 3932 prudentiam
881 3868 922 3913 ae
942 3851 1094 3932 pietatem
1116 3846 1148 3910 in
1171 3865 1221 3912 me
1247 3854 1334 3912 tuam
1355 3847 1477 3929 liquide
1491 3854 1608 3914 testan-
1629 3891 1634 3898 ·

280 3958 358 4032 ·tnr‚
381 3948 549 4036 polliceris.
594 3949 660 4034 Ego
682 3969 756 4042 veru
777 3951 886 4016 meritc
907 3952 1063 4016 maximas
1074 3969 1135 4030 agn
1147 3949 1268 4030 gratias
1284 3953 1316 4011 et
1327 3947 1401 4014 fidei
1413 3948 1608 4031 consilioque

300 4059 353 4118 luc
374 4052 446 4138 plus
465 4051 560 4118 crede
580 4071 674 4134 quam
697 4053 831 4137 proprio.
873 4051 1016 4116 Tametsi
1027 4051 1112 4116 idem
1123 4049 1305 4129 sentiamus,
1327 4051 1396 4133 pari
1408 4050 1481 4116 udin
1495 4052 1605 4134 malus,

301 4231 405 4240 ...ι-..-
418 4231 501 4240 --ιι-

365 4337 375 4380 ¹
395 4341 501 4398 Bruder
520 4341 676 4398 Friedriehs
696 4333 887 4396 des'Wciscn.

360 4417 498 4479 ἱἓΡιιιιΙιιε
520 4423 669 4494 Mystener.

360 4497 374 4542 ³
396 4502 579 4575 vgrsemr
601 4501 626 4557 s.
641 4503 696 4556 167
720 4500 801 4559 unm.
818 4501 841 4556 1.

360 4577 373 4623 ⁴
395 4582 447 4638 Ein
468 4583 557 4640 durist
577 4600 626 4640 aus
646 4583 695 4638 der
715 4582 829 4640 radten
849 4581 948 4638 Hiilfte
969 4583 1017 4638 dee
1038 4585 1150 4639 aweiten
1170 4584 1373 4640 Jabrhunderts
1392 4603 1418 4640 n.
1440 4576 1503 4640 Cirr.
