3625 5192
333 334 386 389 274
706 336 967 407 Gcschichtsqucllen
984 339 1033 393 der
1049 338 1123 393 Pron.
1140 339 1263 395 Sachssn.

334 487 391 549 bus
419 491 467 551 cst
494 484 729 566 grandiusculis
756 494 788 551 et
809 485 958 551 auribus·
977 484 1121 562 flaccidis
1139 506 1178 551 ac
1200 488 1480 572 propendentibus.
1521 490 1641 573 Super·

331 606 406 650 num
429 586 651 669 punrilionenrb
673 586 843 653 dedecorat
864 588 951 653 l'rons
971 589 1092 653 striata.
1113 589 1205 666 Vide,
1232 610 1326 672 quam
1352 609 1461 656 severe
1484 591 1641 657 iudiceme

331 689 373 755 dc
392 690 511 773 insigni
532 690 641 756 forma.
682 690 737 755 Sic
757 689 878 755 Momus
899 689 1079 755 sandalium
1103 690 1286 758 Veneris.‘¹¹

410 792 525 857 Statim
546 810 709 875 concerpe.

401 935 581 985 Handschrllu.
602 936 743 997 Anceps-apl
763 936 807 983 der·
826 936 1095 996 Gprmrnsidbr'dlr'otdclc
1112 938 1139 983 ia
1155 937 1298 999 Heiniuqen.

341 1096 348 1109 .
401 1057 475 1111 *no
496 1060 934 1111 namennnmsmamnamr
955 1064 1096 1125 asymam.
1146 1048 1515 1125 ”nonsummum
1560 1062 1637 1115 ‘nse

329 1134 356 1179 ia
374 1148 395 1182 o.
466 1122 543 1181 nDic
562 1133 800 1193 monusculum
819 1134 911 1181 Marde.

332 1394 416 1462 1199.
438 1393 482 1465 11.
505 1414 551 1463 un
571 1394 714 1463 Johann
735 1394 868 1477 hange.
1366 1394 1484 1465 Gotlm
1501 1399 1635 1481 (loto.)

403 1544 465 1593 llut.
490 1543 647 1601 enachuldigt
669 1542 722 1589 sich
744 1555 831 1601 wegon
856 1540 938 1587 seinos
961 1540 1075 1599 hdnflgan
1097 1540 1259 1602 fleureium,
1281 1542 1327 1589 das
1348 1544 1484 1603 allordings
1507 1545 1637 1591 incurratur

329 1617 374 1663 aui
390 1616 510 1675 Drltngen
534 1614 577 1661 dea
595 1612 727 1660 Helvetios
746 1611 883 1671 geschalis,
907 1608 1029 1656 badanert
1046 1610 1096 1657 doru
1113 1610 1166 1658 Tod
1183 1612 1228 1658 das
1246 1612 1329 1673 Georg
1346 1614 1433 1660 Frank
1451 1614 1503 1661 und
1519 1616 1636 1661 vrinscht

327 1690 403 1745 guten
423 1686 550 1745 Fortgung
568 1684 612 1731 der
630 1676 743 1730 Studien
1564 1702 1569 1711 ·

408 1802 592 1871 Reverendo
621 1802 703 1885 patri
733 1801 846 1867 loanni
873 1801 1004 1882 Lango
1035 1800 1147 1883 priori,
1176 1800 1392 1884 theologorum
1421 1804 1638 1886 integerrimo,

326 1909 429 1976 arnico
450 1905 590 1973 colendo.
795 1904 796 1909 ’

406 2010 438 2076 S.
460 2008 491 2074 d.
526 2008 664 2073 Eiretii2
693 2006 791 2072 nostri
817 2005 1110 2091 simplicitasque
1141 2006 1291 2090 preciqne
1319 2005 1441 2090 gaudet
1470 2006 1636 2073 familiari·

326 2120 376 2179 tas
409 2114 577 2193 bonorum,
607 2108 773 2193 complecti
804 2128 825 2173 a
855 2116 887 2172 te
919 2108 1028 2173 lavore
1065 2107 1162 2174 debet
1191 2129 1230 2174 ac
1260 2109 1389 2194 profusa
1417 2108 1634 2192 indulgentia

327 2216 384 2282 Est
414 2213 566 2279 Hercules
591 2212 635 2276 tni
673 2210 926 2289 amantissimus,
957 2210 992 2275 id
1031 2210 1115 2292 quod
1145 2212 1301 2277 eiusmodi
1336 2218 1523 2294 argumento
1554 2212 1635 2275 milri

326 2316 512 2401 persuadeo.
559 2313 631 2377 Nou
659 2320 750 2397 putat
773 2332 808 2376 sc
836 2310 940 2377 cilicio
968 2318 1025 2377 aut
1051 2314 1164 2396 pietati
1190 2332 1268 2396 erga
1293 2321 1325 2379 te
1352 2332 1409 2379 suc
1436 2314 1635 2393 satisfacere,

327 2420 389 2486 nisi
409 2437 514 2487 secum
536 2414 713 2479 Eriordiam
735 2415 846 2479 literas
866 2412 1001 2479 Mutiaui
1023 2414 1113 2478 ferat.
1148 2414 1335 2498 Quanquam
1356 2415 1488 2480 incivile
1510 2416 1636 2481 videtnr

326 2540 450 2605 semper
475 2519 517 2584 ad
543 2524 574 2582 te
588 2517 751 2596 scribere,
778 2516 881 2581 viruur
905 2517 939 2580 iu
959 2516 1101 2597 regenda
1121 2516 1248 2599 cenobii
1267 2518 1335 2581 vita
1361 2525 1566 2601 occupatum,
1592 2518 1634 2584 de
1711 2520 1716 2530 '

326 2624 419 2702 nugis
440 2627 472 2686 et
491 2639 526 2684 re
545 2618 691 2685 levicula.
733 2618 834 2682 Dabis
854 2617 952 2699 igitur
969 2618 1094 2682 reniam
1116 2618 1250 2702 primurn
1271 2618 1360 2700 milri,
1381 2638 1473 2701 quern
1494 2621 1527 2683 iu
1548 2621 1634 2686 onrni

325 2724 436 2791 ordine
456 2722 645 2806 simplicitas
671 2718 823 2801 delectat,
847 2726 882 2783 nt
906 2720 1036 2802 inritet,
1067 2728 1133 2784 tum
1163 2740 1238 2786 vero
1267 2722 1429 2786 sedulitati
1455 2721 1632 2805 Elvetiane

324 2824 429 2891 Audio
450 2822 577 2888 fratrem
600 2822 769 2903 Georgium
781 2819 965 2885 Francnm³
986 2820 1171 2888 decessisse.
1213 2822 1291 2887 Erat
1310 2822 1365 2887 ille
1386 2824 1433 2887 tui
1453 2822 1552 2887 studii
1576 2824 1632 2889 ad·

325 2928 463 3007 mirator,
482 2923 627 2990 acerrimi
648 2924 768 3005 ingenii
788 2930 821 2987 et
841 2923 921 2987 satis
939 2922 1091 3005 lacnudie
1107 2923 1221 2988 habuit
1239 2930 1348 2989 contra
1369 2924 1520 2989 malorum
1532 2927 1633 2991 eccle-

324 3031 414 3095 siam.
464 3028 610 3093 Dormiat
640 3027 673 3090 in
701 3044 788 3108 pace.
844 3026 880 3088 In
905 3025 966 3090 hoc
991 3025 1097 3090 studio
1124 3025 1277 3090 currimus
1307 3045 1416 3091 omnes
1443 3023 1507 3087 ἄνω
1534 3021 1631 3088 κάτω

324 3130 416 3209 Quod
436 3135 594 3215 superest,
623 3146 747 3212 precor,
769 3134 802 3191 ut
823 3128 929 3192 studia
949 3132 1005 3191 tua
1023 3128 1180 3211 propitius
1199 3126 1287 3192 Dens
1307 3134 1340 3193 et
1361 3127 1500 3211 longera
1519 3128 1633 3194 reddat

325 3240 356 3299 et
376 3234 506 3298 maiora.
553 3230 657 3296 Ornos
682 3230 817 3313 patriam
845 3236 878 3293 ot
897 3229 1066 3312 collegium
1086 3236 1152 3293 tarn
1172 3228 1318 3311 Minerve
1337 3248 1431 3310 quum
1452 3231 1631 3312 Augustini.

324 3336 366 3400 st
386 3342 470 3401 reete
492 3340 525 3397 tn
546 3332 684 3414 quidem.
726 3324 871 3413 Σπάρταν
892 3333 1011 3415 ἔλαχες,
1031 3326 1149 3400 ταύτην
1167 3324 1301 3414 κόσμει*
1342 3330 1472 3396 Utinam
1494 3330 1630 3415 plriloso

324 3436 444 3522 phastri
472 3435 576 3501 miuus
609 3432 767 3515 gravatim
796 3432 974 3515 reciperent
1006 3433 1139 3499 meliora
1170 3432 1305 3498 desertis
1332 3433 1513 3498 Cimmeriis
1545 3442 1630 3499 tenc

325 3539 403 3603 bris!
451 3536 603 3601 Traditus
630 3541 679 3599 est
708 3553 808 3616 nuper
833 3534 867 3598 in
896 3534 1100 3618 disciplinam
1127 3533 1273 3607 νεανίσκος
1301 3535 1431 3616 qnidam
1456 3535 1535 3600 milri
1561 3555 1629 3619 pro

325 3642 461 3724 pinquns
487 3637 685 3719 Melosingo⁵
711 3638 899 3720 preceptori.
950 3636 1052 3714 Quam
1081 3637 1194 3701 vellem
1224 3637 1256 3701 in
1286 3655 1324 3700 eo
1353 3645 1439 3702 esset
1469 3638 1627 3721 gymnasii

325 3814 525 3825 —-.——-

386 3922 397 3967 ¹
419 3926 485 4000 Vgl.
504 3926 643 3983 Erasmus.
663 3924 773 3999 Adngia
793 3944 820 3997 p.
832 3926 899 3983 328.

284 4022 289 4031 ·
386 4002 483 4080 lvgl.
506 4002 623 4065 Ernst
648 4004 675 4061 S.
691 4004 748 4060 233
767 4006 890 4065 dumo.

386 4082 400 4126 3
421 4086 505 4143 Sonat
525 4086 655 4159 nirgends
676 4087 809 4143 erwlihnt.

383 4163 398 4205 ⁴
419 4168 471 4221 Eiu
494 4166 564 4222 Vera
584 4169 633 4222 des
651 4166 806 4239 Euripides,
826 4166 977 4238 angcfdhrt
997 4165 1042 4222 bei
1065 4164 1210 4238 Stobueus,
1228 4168 1409 4239 Florilegium
1422 4168 1471 4226 39.
1497 4166 1543 4224 10.
1573 4168 1629 4222 Fiir

322 4235 438 4309 ταύτην
457 4248 545 4303 heisst
565 4265 595 4302 es
615 4240 717 4310 κείνην.

381 4323 396 4365 ⁵
416 4328 590 4397 „Ludevieun
609 4327 688 4381 Platz
708 4328 743 4381 dc
760 4327 943 4398 Melsungcn“
963 4328 1051 4398 boaog
1072 4326 1156 4381 Miclr.
1176 4327 1251 4381 1497
1274 4328 1320 4382 dio
1343 4329 1514 4385 Universitlit
1526 4328 1628 4396 Eriurt,

327 4409 418 4462 windo
440 4411 536 4479 spillor·
556 4408 677 4462 daselbst
698 4408 903 4479 theologisnlrcr
925 4408 1076 4477 Professor,
1096 4408 1152 4461 rmd
1171 4409 1264 4479 uoigte
1284 4410 1326 4463 uls
1347 4410 1457 4464 solclrer
1475 4410 1526 4463 der
1541 4410 1628 4463 lehre

324 4490 443 4543 Luthers
463 4506 504 4542 au.
553 4486 591 4540 Er
618 4505 674 4542 war
700 4488 806 4543 Lclrrer
826 4490 881 4541 und
904 4488 1013 4542 Frourrd
1035 4489 1084 4542 des
1105 4487 1237 4542 Diclrters
1257 4489 1388 4544 &banus
1408 4490 1521 4543 Housua
1564 4490 1627 4559 vgl.

253 4608 261 4620 .
322 4570 392 4623 iiber
413 4570 460 4622 ilru
484 4568 597 4621 Krnuac.
639 4567 671 4624 E.
692 4567 806 4621 llesaus.
