3625 5192
316 352 351 408 76
687 354 948 426 Gcechiclrteqnellon
968 357 1017 411 der
1034 356 1113 411 Prov-
1130 356 1253 413 Sachsen.

315 505 494 585 pastoralel
516 503 703 570 beneficium
724 513 757 570 et
780 526 841 587 ego
863 512 919 571 tua
958 505 1130 590 prudentia
1150 505 1299 571 rusticam
1325 509 1436 571 araml
1456 506 1620 572 messueri-

314 624 392 669 mus.
434 606 505 684 era
527 627 560 671 re
589 607 696 673 amicti
726 627 879 692 purpura,
907 627 984 673 auro
1009 608 1205 691 gemmisque
1235 607 1374 673 redimiti
1400 616 1431 675 et
1452 628 1509 693 per
1536 616 1568 675 tc
1589 611 1620 675 iu

315 708 414 789 regali
444 708 523 774 solio
552 709 695 775 collocati
726 709 856 775 dextros
877 710 935 775 libi
958 709 1070 775 damus
1096 710 1213 794 pignus
1233 711 1409 775 immortale
1429 717 1494 774 lum
1518 718 1623 776 nostre

313 815 441 891 ergata
462 809 537 875 lidei
558 817 623 875 tum
645 810 761 876 indulti
782 814 921 877 muneris
942 813 996 877 tui.
1037 813 1202 896 *Equidem
1231 819 1262 877 te
1284 814 1384 878 oolam
1410 813 1523 878 officiis
1543 832 1622 879 sem-

313 911 445 993 piternis
475 918 508 976 et
532 912 617 995 grati
654 914 751 979 animi
781 914 1034 980 benevolentiam
1067 913 1247 982 declarabo.
1302 914 1447 998 Denique
1477 916 1623 981 resolutis

314 1014 409 1078 etiam
435 1021 534 1080 morte
563 1016 747 1099 corporibus
773 1026 976 1083 monumenta
1005 1018 1052 1081 tui
1078 1018 1111 1083 in
1140 1038 1190 1083 me
1216 1017 1358 1083 benefitii
1383 1018 1622 1102 permanebunt.

314 1114 402 1180 Vale.

314 1308 321 1319 ·
368 1238 563 1355 Πῌαυάπὴήῆί.
586 1241 612 1286 p·
628 1242 659 1289 79
685 1243 726 1289 fol.
750 1243 915 1292 obs-blla.
992 1244 1068 1293 Godr.
1088 1244 1111 1293 b.
1132 1245 1165 1290 Ta
1190 1260 1234 1291 oon
1262 1244 1423 1291 Tilomannus
1450 1248 1478 1291 ut
1506 1242 1542 1291 bic
1571 1258 1621 1289 nou

313 1314 367 1355 rute
386 1324 447 1369 rges.

314 1515 374 1588 ltu.
396 1513 441 1586 ll.
463 1534 509 1583 an
530 1514 717 1585 Herebord
738 1536 771 1589 r.
794 1518 829 1588 d.
852 1516 1027 1589 llarthen.
1351 1515 1483 1603 (Gotho
1503 1518 1620 1602 1507.)

385 1640 445 1687 lllnt.
464 1646 528 1686 sctzt
547 1641 603 1687 dom
618 1642 748 1689 Horobord
767 1658 817 1689 von
840 1643 885 1689 dor
903 1642 1019 1690 Mantinon
1039 1642 1218 1701 auseiuuudor,
1242 1642 1351 1689 wesbulb
1375 1657 1402 1689 or
1424 1657 1472 1689 nur
1489 1642 1543 1689 sich
1565 1643 1621 1690 lobo

315 1710 366 1755 uud
388 1710 471 1756 niebts
494 1711 691 1758 verb‘ffentlieho.
729 1712 763 1759 Er
780 1713 833 1759 lobt
851 1713 896 1759 das
915 1728 965 1760 von
984 1712 1133 1760 Grussenius
1152 1714 1212 1759 oder
1233 1712 1383 1759 Venator-ius
1406 1713 1622 1773 boruusgogobeno

315 1779 496 1837 Prognosticon
519 1796 605 1840 wagan
628 1782 710 1829 seinos
732 1789 808 1843 guten
827 1783 932 1831 Latoius
958 1783 1010 1829 und
1037 1783 1103 1829 roilrt
1133 1784 1212 1831 daran
1237 1783 1293 1829 olna
1315 1784 1388 1829 Fullo
1409 1797 1460 1831 von
1483 1784 1621 1831 kritiscbeu

312 1850 525 1911 Beobuohtuugsn
543 1852 605 1898 libor
623 1852 665 1898 oin
675 1851 833 1913 juristisehos
853 1854 981 1901 Elaborant.

393 1943 577 2010 Herebordo
598 1945 836 2030 Margarito,
856 1946 1037 2031 iurisperito
1058 1948 1198 2029 egregio.

393 2046 427 2110 Si
448 2046 615 2129 quisquam
634 2048 694 2113 fuit
715 2068 853 2132 unquam
873 2055 1010 2114 remotus
1037 2050 1077 2114 ab
1101 2048 1189 2113 inani
1217 2047 1313 2113 laude
1342 2046 1530 2122 stantior,
1560 2066 1620 2131 ego

311 2149 450 2230 profecto
477 2150 505 2213 is
531 2169 616 2231 sum,
643 2153 696 2234 qui
718 2160 857 2217 secretus
878 2174 899 2217 a
921 2152 1021 2217 turbis
1051 2152 1128 2215 mihi
1158 2151 1283 2215 demum
1311 2149 1400 2214 iuxta
1421 2148 1618 2215 Hismeniam

314 2251 422 2315 cano³.
466 2252 536 2329 Qua
557 2252 589 2317 in
611 2272 646 2318 re
667 2254 777 2319 videor
798 2253 988 2337 quibusdam
1012 2272 1081 2319 esse
1099 2253 1357 2318 nimisausterus.
1399 2250 1515 2316 Putant
1535 2252 1620 2316 enim

312 2352 385 2418 ideo
411 2372 468 2417 nos
493 2353 653 2420 abstinere
674 2376 694 2418 a
715 2355 842 2440 publico
863 2365 895 2421 et
919 2357 1012 2440 quasi
1037 2356 1106 2421 sine
1135 2361 1249 2419 conatu
1278 2354 1382 2417 iacere
1410 2372 1448 2418 ac
1479 2353 1619 2419 laborem

311 2453 562 2538 industriamque
587 2456 745 2538 resurgere,
776 2457 859 2540 quod
888 2458 1044 2537 nesciam,
1082 2476 1175 2539 quam
1206 2453 1321 2520 ardens
1356 2453 1410 2518 fax
1437 2454 1479 2519 sit
1507 2455 1618 2538 gloria,

312 2564 462 2638 quantum
486 2556 615 2641 etquid
636 2559 748 2623 amicis
770 2567 802 2623 et
828 2560 932 2645 patric
960 2568 992 2623 et
1018 2558 1124 2625 seculo
1153 2556 1315 2623 debeatur.
1358 2556 1433 2622 Ceci
1462 2565 1493 2621 et
1521 2557 1620 2641 preci-

312 2658 394 2740 pilas
414 2658 569 2737 l'oruutur,
591 2660 644 2743 qui
661 2661 817 2727 eiusmodi
831 2662 1007 2728 rationibus
1019 2669 1127 2743 agunt.
1170 2659 1504 2725 Namomniamecurn
1526 2666 1620 2723 ante*

311 2761 422 2843 peregi
444 2767 476 2825 et
495 2767 627 2845 paratus
649 2782 718 2827 sum
739 2762 821 2828 hanc
842 2783 944 2829 meam
971 2783 1113 2829 securam
1140 2770 1172 2826 et
1192 2781 1265 2826 vere
1293 2761 1418 2826 beatam
1445 2760 1620 2843 tranquilli-

311 2870 409 2927 tatem
431 2864 492 2941 vel,
512 2871 546 2927 ut
566 2863 620 2928 isti
641 2866 817 2947 loquuntur,
837 2866 1001 2946 inertiam,
1020 2865 1192 2945 desidiam,
1216 2864 1379 2947 ignaviam
1402 2863 1443 2929 ab
1463 2862 1548 2929 omni
1569 2882 1618 2927 ca·

312 2964 432 3028 lunrnia
453 2964 631 3033 defendere.
674 2967 764 3032 Nihil
782 2987 885 3032 moror
905 2967 1060 3050 gloriosos
1081 2964 1366 3045 nonrodidascalos
1388 2965 1530 3031 homines
1552 2964 1619 3050 plri-

311 3066 442 3132 lodoxos
452 3073 484 3132 et
494 3064 744 3153 naupacti-coiri,
755 3070 928 3136 studiorum
945 3072 1063 3134 tinctus
1074 3067 1115 3134 ad
1129 3068 1335 3149 honestatem,
1349 3086 1410 3132 nou
1422 3067 1464 3131 ad
1475 3079 1620 3150 questum

311 3179 343 3234 et
363 3173 611 3236 ostentacionem
631 3176 797 3253 reterensr,
819 3192 881 3237 non
903 3173 973 3238 sine
987 3173 1078 3253 gravi
1091 3170 1234 3248 consilio,
1256 3174 1368 3252 quumd
1390 3170 1432 3233 sit
1453 3169 1525 3254 ipsa
1542 3170 1619 3235 milri

311 3273 512 3338 consciencia
533 3293 590 3355 pro
611 3274 697 3339 mille
717 3273 868 3355 testibus,
896 3275 1061 3359 popularis
1083 3282 1187 3337 autem
1208 3274 1318 3356 opinio
1339 3272 1497 3354 litigiosos
1522 3272 1620 3337 iaciat

309 3384 343 3439 et
362 3375 535 3440 insolentes
556 3385 588 3439 et
608 3383 776 3459 propterea
797 3377 911 3441 multos
933 3377 1050 3443 habeat
1069 3376 1304 3441 obtrectatores.
1347 3374 1451 3452 Quare
1478 3393 1619 3439 mussare

311 3476 438 3543 decrevi
461 3478 599 3542 inomni
620 3478 696 3555 vita,
718 3478 797 3542 nihil
817 3478 921 3559 edere,
943 3498 982 3543 ne
1004 3484 1060 3543 aut
1080 3477 1182 3542 aleam
1203 3476 1310 3541 surbirc
1331 3484 1385 3539 aut
1406 3476 1439 3539 in
1460 3484 1619 3539 mustaceo

310 3578 482 3645 laureolam
494 3582 645 3661 querere⁴
659 3578 832 3645 videamur.
873 3580 993 3661 Habeo,
1012 3579 1126 3661 qrribus
1137 3599 1187 3644 me
1203 3588 1300 3659 tuear,
1317 3577 1472 3661 exempla.
1515 3576 1620 3643 Galba

310 3681 455 3748 trudente
470 3681 645 3747 Cicerone⁵
665 3682 744 3747 nihil
768 3683 896 3766 scripsit
918 3682 1115 3764 cogitatione
1137 3681 1205 3745 sola
1226 3680 1362 3761 insignis
1380 3688 1492 3746 orator.
1534 3680 1619 3759 Quid

378 3816 390 3844 ⁸
401 3823 474 3881 fehlt.
495 3824 521 3871 b.
541 3824 574 3869 Tx
646 3808 659 3843 ¹³
679 3822 713 3868 Τπ
730 3810 926 3885 πομφοσθῑκοὺς.
999 3816 1008 3843 ⁶
1030 3824 1062 3867 Tx
1083 3824 1125 3867 lrul
1142 3822 1220 3867 litato·
1239 3822 1332 3867 l'rurtus
1351 3821 1396 3866 dcta
1416 3822 1479 3867 ll'ort
1498 3822 1617 3881 resolutus,

312 3894 407 3939 redebeo
426 3894 451 3938 io
470 3894 495 3938 F
508 3909 572 3938 :rear
593 3893 759 3952 rrrsprr'luplr'rb
778 3892 896 3953 (lacuerat,
925 3893 1090 3951 rua-laterbplirb
1106 3892 1199 3952 J'edorb
1224 3906 1267 3937 rou
1291 3891 1343 3936 ‹leur
1363 3890 1518 3938 albor-lueida*
1535 3908 1617 3950 ‹arrape-

310 3964 413 4009 arra-ron
431 3963 519 4010 morte.
574 3947 586 3985 ἀ
609 3964 643 4009 le
662 3977 726 4010 cum.

373 4198 384 4241 ¹
406 4204 461 4259 Dic
482 4203 732 4260 lichenkirchener
753 4204 850 4259 Pfarre
871 4204 907 4258 ist
928 4204 1058 4275 gerneint.
1099 4203 1163 4275 Vgl.
1183 4200 1229 4257 Br.
1252 4200 1299 4257 49.
1323 4200 1368 4255 bu.
1391 4199 1436 4255 54.

373 4279 562 4338 ‘²Vielleicht
580 4285 619 4339 ist
644 4304 673 4339 es
694 4286 742 4340 das
764 4284 893 4341 Vikariat
911 4284 1105 4355 zuTarnbueb,
1126 4302 1172 4338 um
1194 4282 1299 4336 welche
1322 4282 1380 4335 sieh
1402 4280 1509 4337 blutian
1531 4282 1617 4337 sehon

313 4362 391 4417 1505
413 4363 530 4419 bemiiht
550 4366 607 4422 hat.
648 4366 712 4438 vgr.
731 4364 777 4423 Br.
801 4364 848 4421 27.

371 4439 469 4516 ³Vgl.
490 4444 536 4500 Br.
553 4445 591 4499 56
613 4444 638 4500 S.
651 4446 687 4499 72
711 4447 791 4501 Anrn.
807 4447 831 4501 1.

369 4520 384 4562 4
405 4523 503 4581 Cicero
523 4526 558 4579 ud
579 4525 705 4582 Atticum
718 4526 742 4581 5.
754 4526 799 4580 20.
811 4525 837 4582 4.

370 4600 506 4663 ⁵Brutus
526 4606 633 4661 xxlv.
