3625 5192
656 338 745 437 lBriele
762 379 882 437 Matiane
901 380 962 438 2¹25.
981 382 1039 437 226.
1449 380 1500 434 805

197 533 254 597 illa
276 531 462 615 principalis
487 530 717 597 munihoenoia.
758 532 807 595 An
834 531 1019 612 eanonicus,
1048 551 1089 596 an
1117 529 1337 598 consiliarius?
1384 531 1501 619 Utique

198 654 298 718 nuper
318 636 438 715 neseio,
463 634 539 715 quid
561 635 662 699 faenus
688 641 746 698 est.
793 633 892 697 Addit
913 632 1039 698 crudele
1060 635 1192 698 sasinus.
1236 632 1360 717 Ubique
1389 634 1501 699 tumul·

197 744 312 800 tuetur.
353 736 432 814 Quis
451 736 588 807 obtinuit
607 736 794 800 Biermosti1
816 735 997 818 pulpitum?
1039 735 1107 817 Ego
1128 735 1261 799 needum
1290 735 1411 820 perlegi
1434 735 1498 800 axi-

197 847 303 903 omata
324 838 453 902 Arnoldi
475 840 604 903 zelosi²
654 838 700 903 lta
729 838 883 902 salutatur
909 857 986 902 rore
1014 838 1156 901 ridicula.
1204 836 1251 900 lix
1279 838 1417 919 Tungris
1443 846 1501 903 est.
1561 908 1566 915 ,

198 942 317 1006 Scribit
338 941 502 1007 Cornelius
522 940 688 1004 Tacitum:
710 939 796 1021 „Qui
820 940 913 1023 primi
937 940 1078 1004 Rhenum
1102 939 1288 1020 transgressi
1311 938 1421 1003 Gallos
1449 960 1500 1003 es-

199 1044 474 1127 pulerunt‚'nrodo
495 1043 634 1124 Tungri,
662 1042 755 1106 modo
776 1041 925 1106 Germani
950 1044 1053 1106 rosati
1075 1043 1190 1122 sunt“‚·
1205 1042 1256 1123 qui
1281 1050 1385 1107 autem
1408 1041 1501 1107 hodie

197 1145 345 1210 dieantur
364 1144 500 1226 Tungri,
528 1165 576 1207 me
596 1145 674 1207 latet
724 1144 885 1226 Principio
913 1150 1011 1207 toturn
1038 1145 1205 1225 negotium
1231 1144 1366 1209 intuenti
1385 1144 1501 1209 Iudeus

197 1248 257 1311 iste
278 1246 461 1328 transfuga⁴
483 1246 654 1329 culpabilis
681 1246 757 1310 mihi
780 1244 922 1323 ridetur,
952 1264 1024 1309 nam
1056 1246 1221 1329 intercepit
1246 1246 1411 1310 eonsilium
1439 1248 1501 1331 sig·

197 1357 304 1413 naturn
335 1357 365 1413 et
391 1348 433 1413 sd
459 1367 494 1412 se
519 1370 580 1413 non
610 1349 781 1431 pertinens.
830 1347 903 1412 Mox
929 1346 1016 1411 edito
1041 1346 1171 1411 libello⁵
1200 1348 1325 1413 taxavit
1353 1348 1502 1413 loannem

198 1452 359 1516 Reuehlin.
403 1452 512 1533 ltaque
539 1460 667 1515 euresius
696 1460 744 1515 est
775 1450 923 1513 iniuriam
951 1451 1151 1533 expostulare
1160 1450 1182 1513 ⁶.
1221 1449 1376 1531 Theologi
1405 1448 1503 1517 ludeo

199 1563 364 1638 paroentes
388 1554 532 1635 dirigunt
558 1554 658 1617 aoiem
686 1553 718 1615 in
746 1552 898 1615 loannem
921 1552 1091 1633 Reuohlin,
1124 1558 1156 1616 et
1181 1554 1278 1632 eoois,
1317 1560 1349 1615 ut
1379 1551 1503 1634 dieitur,

198 1656 297 1720 oeulis
322 1654 477 1719 dimicant
496 1654 626 1719 multum
648 1661 738 1720 extra
755 1652 919 1719 materiam
942 1652 1021 1717 nihil
1041 1653 1082 1718 de
1107 1653 1275 1737 hypothesi
1297 1655 1504 1739 disputantes,

199 1777 268 1821 eum
300 1768 423 1822 sumum
455 1757 579 1840 questio
609 1756 806 1839 potissimum
833 1754 1016 1831 tractanda,
1046 1776 1106 1837 que
1131 1758 1177 1820 sie
1205 1756 1315 1823 habet:
1344 1758 1422 1837 „Ob
1442 1758 1504 1823 den

196 1858 301 1924 duden
321 1859 384 1923 alle
410 1859 437 1922 ir
462 1858 595 1934 bucher,
628 1876 819 1939 usgenomen
841 1857 894 1920 die
915 1856 1034 1936 biehel‚
1062 1877 1099 1921 zu
1121 1878 1233 1923 nemen
1252 1860 1315 1923 und
1337 1860 1505 1943 abzuthuu,

197 1961 332 2042 gotlieb,
358 1960 474 2025 loblioh
496 1959 561 2025 und
582 1961 654 2023 dem
678 1959 816 2040 heiligen
839 1957 1094 2040 Christglawben
1118 1960 1254 2025 nutulieh
1282 1962 1328 2027 sei
1359 1961 1422 2028 und
1450 1983 1506 2029 zou

198 2082 331 2144 merung
363 2061 536 2144 gottsdiust
572 2062 636 2125 und
672 2068 779 2142 gutem
817 2060 932 2123 komen
967 2063 1125 2142 rnoge¹⁷.“
1185 2062 1274 2127 Hane
1310 2066 1505 2146 questionem

198 2165 399 2229 doctissimus
425 2166 519 2228 etatis
548 2175 652 2228 nostre
681 2163 761 2227 adeo
791 2163 928 2227 solenter
954 2170 986 2226 et
1013 2164 1155 2244 graviter
1181 2166 1345 2249 expedivit
1374 2167 1507 2233 loannes

198 2266 382 2346 Reuebliub,
406 2276 440 2329 ut
456 2266 587 2331 eeiarnsi
611 2264 768 2330 interdurn
791 2265 943 2329 errauerit
964 2266 1026 2347 (est
1047 2266 1129 2329 enim
1148 2266 1263 2347 homo),
1285 2275 1390 2333 tanuen
1415 2270 1518 2334 laude*

198 2368 382 2450 dignussit.
417 2368 488 2443 'Sed
510 2388 567 2452 pro
587 2366 680 2431 laude
700 2367 826 2449 eulpam
847 2367 969 2431 inuenit
992 2367 1075 2449 apud
1091 2366 1205 2431 sciolos
1219 2369 1507 2449 inhumanissimos,

198 2478 263 2535 tam
281 2490 374 2551 greoe
390 2490 484 2552 quam
501 2469 600 2533 latine
616 2470 735 2551 lingue,
756 2469 870 2532 nedum
890 2469 1048 2549 hebraice,
1070 2468 1171 2533 rudes.
1217 2470 1266 2535 Do
1287 2492 1349 2553 quo
1371 2474 1506 2539 seribam

198 2572 240 2635 ed
259 2581 290 2637 te
311 2574 470 2657 copiosius
490 2592 586 2655 opero
607 2571 752 2653 perlecto.
796 2570 883 2635 Vale.

279 2675 339 2739 Vll
361 2673 521 2739 calendas
542 2673 731 2739 Novembris
752 2672 889 2736 MDXll.

270 2799 450 2845 llandsohriitl,
469 2798 490 2843 li
505 2798 556 2846 255
575 2799 609 2843 iol
635 2796 801 2845 llin-lssl
809 2811 827 2841 r.
883 2796 959 2845 (ledr.
980 2798 1004 2845 b.
1023 2798 1057 2843 'l'n
1075 2799 1098 2845 S.
1112 2798 1158 2845 131
1171 2798 1259 2845 -188
1278 2816 1324 2846 ron
1343 2800 1408 2859 Quid
1428 2802 1507 2849 laetus

199 2869 235 2915 Iris
253 2884 315 2915 vore
333 2869 438 2915 ridicula
455 2868 506 2913 unul
524 2884 570 2913 aon
588 2866 716 2926 Principio
736 2871 815 2912 lotum
833 2866 869 2911 bis
887 2883 937 2912 zum
957 2868 1072 2914 utalaam.

269 2969 280 2996 ²
300 2976 332 3020 T:
351 2974 390 3019 Ob
408 2976 457 3020 don
472 2974 555 3021 dllden
575 2974 624 3019 ulle
642 2973 695 3018 ihre
710 2973 815 3031 Rhebae,
835 2952 1012 3031 rregenommen
1033 2973 1073 3019 dio
1085 2974 1164 3033 eruor,
1186 2990 1215 3021 au
1235 2976 1342 3021 nelrmorr
1362 2976 1412 3023 und
1432 2978 1506 3024 abzu·

200 3046 276 3105 than,
296 3045 422 3104 (daehheh,
447 3044 541 3091 liiblieh
558 3044 609 3089 und
632 3044 688 3089 dem
711 3043 819 3101 heiligen
839 3044 1031 3099 Christglmrbeu
1055 3044 1165 3089 niitzlieh
1184 3060 1226 3105 aoy
1250 3046 1300 3091 und
1328 3061 1358 3091 nu
1384 3046 1507 3107 hlehrung

200 3116 357 3161 (lottsdienet
376 3115 428 3179 und
447 3115 539 3161 (iurem
557 3115 649 3161 homan
668 3115 746 3172 miige.
818 3099 831 3133 b
850 3114 883 3158 'I'z
902 3114 1060 3160 lleuehliuus.

169 3308 189 3343 Ι
264 3325 335 3382 ¹Er
355 3328 478 3382 versturb
498 3328 526 3381 in
546 3328 595 3381 dor
616 3334 707 3382 ersten
728 3326 825 3381 Hiilfle
846 3328 895 3381 des
917 3325 1041 3382 Oktoher
1066 3328 1148 3383 1512.
1190 3328 1254 3401 vgr.
1276 3329 1402 3385 Burro.

261 3404 276 3447 ²
296 3409 360 3479 Vgl.
382 3407 429 3465 Br.
442 3407 499 3461 218
519 3406 614 3461 81296
637 3408 717 3462 Anm.
731 3409 758 3467 Ξ,

262 3484 449 3543 ³Germanie
469 3487 504 3543 11.
545 3488 601 3557 vgt
628 3488 674 3541 die
685 3488 874 3559 Verspottung
894 3489 942 3541 des
954 3488 1074 3542 Namens
1096 3490 1123 3541 in
1146 3490 1195 3542 der
1214 3489 1347 3544 Defensio
1358 3491 1506 3545 Reuehlini
1593 3526 1599 3541 ,

202 3570 298 3641 (Ausg.
314 3568 403 3631 1514>
423 3568 473 3621 tol.
490 3563 575 3622 dlv:
593 3568 748 3621 Arnoldurn
774 3570 809 3621 de
835 3568 959 3638 'Purrgnri
986 3587 1040 3621 non
1067 3568 1288 3639 'Fungurenserm
1314 3572 1362 3624 sed
1391 3578 1422 3624 ut
1446 3573 1505 3643 ipse

200 3650 239 3703 ait
259 3652 294 3703 de
313 3647 438 3718 Tungari
459 3654 491 3701 ut
510 3648 695 3719 proscriptum
716 3665 733 3700 a
754 3649 843 3718 petria
864 3649 900 3701 ob
922 3650 1024 3703 criruen
1040 3688 1047 3701 .

260 3725 274 3767 ⁴
297 3728 481 3785 Pfefferkorn.
836 3775 839 3779 .

261 3806 276 3848 5
298 3810 331 3863 ln
351 3810 413 3863 dom
439 3808 512 3862 1511
537 3808 734 3863 ersehienenen
756 3807 871 3875 „Haurit
891 3802 1029 3876 Spiegel.“

263 3886 277 3927 ὓ
298 3889 367 3943 Dies
386 3890 508 3959 geschah
529 3890 631 3942 indetur
646 3887 860 3958 hugenspiegol
883 3886 1002 3941 welcher
1014 3888 1049 3941 irn
1063 3888 1172 3959 August
1185 3890 1258 3944 1511
1282 3894 1413 3947 ersohien.

263 3966 276 4008 ⁷
299 3970 396 4024 Worte
418 3970 466 4023 des
483 3969 704 4040 Augenspiogels
724 3967 858 4037 (Alllru
881 3967 918 4021 ob
939 3968 1070 4021 sollieber
1087 3970 1192 4023 biieher
1212 3989 1242 4024 so
1265 3972 1310 4025 die
1332 3973 1413 4027 iuderr
1437 3977 1507 4030 iiber

202 4051 247 4105 die
267 4051 373 4107 biioher
393 4050 442 4104 der
461 4051 547 4103 zohen
568 4050 666 4120 gehott
691 4049 746 4102 und
771 4055 864 4119 gesetz
885 4048 974 4117 Moysi
1003 4049 1052 4102 der
1070 4051 1224 4118 propheten
1246 4052 1298 4103 rud
1321 4054 1437 4122 psaltere
1457 4057 1506 4110 des

202 4130 278 4185 alten
298 4137 461 4184 testamentus
479 4130 656 4201 gebraueben
676 4130 816 4186 nbzhthun
836 4127 954 4198 gdttlieh
975 4128 1092 4198 loblioh,
1119 4133 1193 4184 vrrnd
1211 4132 1273 4184 dem
1297 4132 1418 4203 heiligen
1441 4136 1507 4189 erist

202 4209 322 4282 glauben
345 4210 468 4264 niitzlieh
488 4210 542 4277 sei,
569 4212 626 4263 und
647 4210 679 4265 zu
700 4225 834 4279 meerung
857 4208 1024 4277 gomorrhae,
1045 4210 1099 4263 rud
1127 4212 1232 4281 ghttem
1255 4210 1385 4267 kornmen
1416 4218 1505 4286 mdge·

172 4334 179 4343 .
204 4290 262 4345 Der
282 4290 446 4345 lateinisohe
458 4290 530 4345 Text
550 4290 640 4343 dieser
649 4288 734 4342 Stelle
756 4289 785 4341 iu
797 4290 847 4341 ‹ler
857 4288 990 4343 Defensio
1013 4297 1109 4343 uorrtrn
1129 4290 1255 4345 famosas.
1297 4290 1348 4346 Bei
1370 4293 1506 4367 ebeling,

203 4371 282 4426 llutt.
305 4390 349 4441 op.
371 4370 467 4441 Suppl.
485 4371 508 4442 i,
526 4390 552 4441 p.
565 4370 611 4425 92.
1516 4364 1520 4371 '

755 4547 955 4556 .———-——.-

253 4726 419 4781 Genuuhuqn.
430 4729 452 4770 d.
461 4729 498 4771 Pr.
508 4728 531 4769 S.
541 4728 621 4770 XVIII.
