3625 5192
328 355 381 413 ‘llo
443 321 449 332 Ι
699 351 960 430 Geschlcbisquellen
978 354 1027 416 der
1044 351 1118 417 Prov.
1136 353 1260 418 Saebson.

329 510 378 574 nit
399 507 679 592 Degenbardum¹‚
701 509 811 574 laudat
830 509 1014 576 decoctores
1032 512 1121 576 furca
1135 511 1261 595 dignos.
1305 511 1317 574 l
1337 532 1430 593 nune,
1451 513 1588 595 Duroni,
1606 520 1639 580 et

328 612 460 698 predica
492 612 650 695 proliugos.
698 612 896 678 Hainrcicus.
914 613 1103 696 Oetlarius2,
1133 621 1229 698 caput
1264 615 1442 682 nobilitatis
1469 619 1637 699 senatorio,

328 715 475 780 servilem
498 713 577 779 obiit
597 719 735 804 mortem.
777 715 861 779 Crux
883 716 969 780 enim
990 716 1105 782 servile
1125 724 1193 781 erat
1212 717 1416 802 supplicium.

718 909 886 992 ,llllogium
908 909 1013 994 prisce
1032 910 1237 992 gravitatis⁸l

410 1045 614 1113 Memorabile
633 1045 732 1110 latum
753 1045 936 1125 Policratis,
962 1065 1024 1110 non
1047 1047 1151 1112 minus
1171 1049 1300 1131 insigne
1318 1049 1465 1115 Cellarii:
1488 1025 1638 1134 Uterque,

328 1151 403 1215 dum
425 1149 520 1215 libuit
539 1147 677 1212 Fortuue
699 1148 811 1228 iocari,
832 1147 909 1212 i'elix
930 1158 961 1213 et
982 1167 1043 1212 non
1065 1151 1169 1232 magis
1191 1169 1312 1232 magns
1330 1171 1424 1234 quam
1447 1152 1514 1217 lata
1533 1154 1638 1220 clarus

328 1254 428 1336 gloria
450 1252 519 1317 ruit.
562 1251 659 1332 Atqui
681 1249 744 1316 dea
765 1269 841 1314 ceca
862 1250 1039 1314 mobilitate
1058 1253 1203 1334 gaudens
1223 1255 1300 1318 nulli
1322 1255 1501 1318 mortalium
1522 1257 1568 1320 ita
1590 1237 1638 1319 in'-

219 1381 224 1390 ·
329 1356 452 1438 dulget‚
487 1363 522 1418 ut
548 1352 688 1437 propitia
718 1355 760 1417 sit
791 1363 822 1416 et
848 1344 965 1416 l'autrix
987 1362 1157 1437 perpetuo,
1186 1376 1260 1420 nam
1285 1367 1414 1438 uterque
1441 1357 1593 1422 decussus
1619 1377 1638 1422 e

328 1457 459 1540 lastigie
489 1455 660 1522 bonoribus
684 1455 860 1536 ignominia
881 1456 1011 1518 mutatis
1031 1456 1118 1519 cruci
1138 1468 1187 1520 est
1205 1456 1329 1522 allinus.
1370 1457 1455 1534 Quid
1480 1477 1543 1523 non
1568 1469 1637 1542 pot·

329 1571 378 1626 est
400 1559 545 1624 simultas
565 1564 597 1621 et
624 1557 779 1621 emulaeio
806 1556 939 1620 mutua?
980 1557 1051 1620 buo
1077 1557 1224 1622 scelerati
1245 1559 1432 1624 decuriones
1456 1561 1540 1625 inter
1567 1581 1637 1626 sese
1704 1571 1712 1582 ·

329 1663 445 1729 infensi
466 1681 505 1725 ac
526 1660 620 1725 emuli
641 1668 757 1724 statum
770 1659 943 1742 reipublice
954 1659 1128 1734 turbavere,
1150 1660 1231 1724 alter
1250 1662 1388 1742 agrestis
1408 1672 1440 1726 et
1460 1662 1636 1743 sordidus³‚

330 1766 410 1830 alter
431 1763 594 1847 superbus,
614 1763 715 1843 l‘urax,
736 1762 860 1827 nobilis.
903 1761 1087 1826 Factionem
1099 1781 1216 1826 auxere
1228 1782 1285 1827 suo
1303 1764 1419 1829 damno
1438 1765 1545 1846 studia
1565 1786 1637 1849 par-

330 1870 417 1944 tium,
440 1877 472 1932 et
492 1865 600 1947 gliscit
621 1867 654 1929 in
676 1865 769 1929 boras
789 1864 1013 1947 auxiliatorum
1035 1864 1150 1929 exitica
1170 1884 1268 1929 causa
1288 1885 1381 1948 egre,
1402 1873 1436 1930 ut
1456 1867 1552 1949 vulgo
1573 1886 1637 1931 cre-
1705 1914 1713 1920 -

328 1973 422 2052 ditur,
443 1968 610 2052 sopienda,
631 1968 694 2031 nisi
713 1966 873 2031 molitores
894 1986 997 2033 rerum
1018 1985 1169 2030 novarum
1191 1967 1233 2061 ad
1254 1987 1349 2031 unum
1368 1968 1484 2051 partim
1506 1969 1637 2051 perfidie

329 2073 446 2159 partim
467 2071 631 2155 peculatus
651 2069 792 2133 damnati
816 2089 917 2153 penas
942 2070 983 2132 ad
1009 2069 1164 2133 celebrem
1188 2073 1273 2134 viam
1297 2071 1399 2134 tracta
1424 2071 1501 2152 gula
1520 2091 1637 2154 pepen-

330 2176 443 2242 derint.
486 2174 576 2238 Norit
599 2173 701 2235 omnis
722 2171 1005 2253 lirplrurdiensium
1027 2171 1196 2254 posteritas
1216 2171 1257 2235 de
1277 2171 1414 2236 ilenrico
1425 2173 1562 2238 Oellario
1583 2193 1636 2238 reo

328 2279 394 2343 lese
415 2276 598 2360 reipublice,
620 2274 687 2338 sure
709 2273 812 2348 erarii,
832 2272 872 2336 de
892 2273 1002 2337 ordine
1024 2272 1150 2356 plebeio
1171 2274 1255 2336 male
1275 2276 1386 2338 merito
1399 2273 1464 2336 llll
1478 2273 1636 2340 calendas

328 2379 486 2458 Quintiles
508 2397 591 2441 anno
610 2376 723 2442 salutis
745 2375 840 2439 Max
867 2382 1025 2458 sumptum
1053 2376 1150 2440 luisse
1180 2375 1281 2440 crucis
1307 2376 1506 2460 supplicium.
1551 2377 1638 2441 Vivit

329 2483 426 2564 igitur
445 2482 593 2562 vivetque
614 2479 778 2562 peculator
798 2477 936 2558 insignis
958 2479 989 2578 jn
1011 2478 1234 2542 contumeliam
1255 2484 1287 2542 ct
1301 2478 1489 2562 exemplum,
1511 2479 1637 2559 bocest,

329 2586 361 2648 in
383 2583 535 2647 memoria
555 2600 760 2662 sermoneque
781 2580 956 2645 seculorum
977 2581 1115 2645 omnium
1138 2581 1325 2644 versabitur.

411 2685 477 2748 Viri
500 2683 695 2764 amicissimi,
722 2683 848 2748 Urbane
860 2690 891 2746 et
904 2682 1095 2762 Hereborde‚
1118 2683 1351 2763 benevaleatis.
1393 2683 1461 2749 Nos
1473 2685 1505 2748 in
1520 2686 1637 2750 sancti·
1740 2749 1745 2756 ,

329 2796 394 2852 tate
421 2787 595 2850 serviamus
625 2785 760 2850 Domino
789 2793 821 2848 et
847 2783 996 2847 liberabit
1023 2803 1080 2847 nos
1110 2783 1153 2847 ab
1182 2784 1321 2850 inimicis
1348 2789 1473 2851 nostris.
1523 2787 1636 2870 Legite

300 2945 302 2951 .
328 2887 521 2954 Philomusi4
543 2887 724 2952 Saturnalia
746 2893 777 2950 et
797 2887 904 2950 oblato
926 2887 1040 2950 nuncio
1062 2886 1138 2950 date
1161 2907 1223 2951 una
1243 2907 1315 2952 cum
1336 2889 1437 2954 literis
1458 2891 1573 2954 nostris
1593 2891 1636 2954 ad

329 2993 530 3056 Rsiuensem.
571 2990 729 3054 Fruimini
757 2975 957 3072 presentibus
978 2990 1167 3070 commodis,
1192 3009 1253 3054 non
1280 2990 1352 3054 dieo
1378 2991 1498 3056 connis.
1541 2991 1637 3076 Apud

329 3113 402 3158 aras
414 3094 671 3175 religiosissimas
682 3092 853 3174 Diogenes,
874 3093 1010 3155 littorum
1030 3093 1194 3156 monacbis
1204 3095 1374 3176 exemplar,
1396 3113 1489 3158 manu
1502 3113 1636 3177 pannem

331 3197 482 3262 tractavit
502 3207 588 3261 ratus
609 3196 763 3261 neiat-ium
785 3213 854 3260 esse
877 3193 1034 3290 llagitium
1054 3196 1106 3260 vel
1133 3194 1332 3260 imbubioare
1360 3198 1411 3259 vel
1437 3197 1638 3262 imbulbitare

330 3299 521 3382 prurientem
543 3298 755 3364 carunculam.

399 3443 580 3491 llandschristl.
599 3443 619 3489 F
634 3443 684 3490 363
705 3445 745 3490 iol.
758 3442 804 3490 231
815 3458 830 3488 ν
840 3466 865 3476 -
876 3443 952 3492 tear.

399 3565 410 3592 ⁸
436 3571 557 3618 t'tetta'ett
574 3571 614 3618 eia
631 3571 718 3618 ermta
735 3570 778 3617 das
796 3571 971 3619 Abscbreidcrs.

392 3828 404 3870 1
427 3829 575 3902 Pfefinger.
607 3829 672 3902 Vgl.
695 3828 740 3884 Br.
753 3829 790 3883 86
813 3827 839 3884 S.
854 3828 910 3883 126
932 3829 1050 3884 dnmb.

347 3921 349 3926 '
390 3931 403 3973 ²
426 3933 488 4005 vgr.
507 3933 579 3988 coer
599 3933 694 3987 serien
716 3931 777 3986 noa
798 3931 1004 3998 sarcientem,
1025 3931 1147 3986 Historia
1166 3950 1221 3987 von
1242 3931 1375 4000 armas,
1394 3932 1421 3988 s.
1433 3933 1489 3988 rsr
1501 3933 1612 3989 -rss

390 4031 405 4075 ³
426 4036 495 4090 Eine
511 4033 765 4106 Randbcmerkung
785 4035 815 4088 in
834 4036 884 4089 der
903 4034 1085 4090 hankfumer
1098 4034 1279 4089 llandschrift
1300 4042 1388 4090 nerunt
1408 4035 1456 4090 ilm
1477 4037 1567 4110 „Jorg
1587 4055 1635 4092 zur

331 4115 479 4190 gabundan
503 4115 640 4170 kretaen.“

388 4213 405 4257 4
424 4217 515 4273 Jacob
535 4217 645 4272 Loeber
667 4217 851 4272 Philomusus.
892 4217 955 4289 Vgl.
976 4217 1077 4283 Heble,
1097 4218 1145 4271 der
1163 4218 1354 4274 scbwiibische
1373 4218 1523 4274 Humanist
1542 4191 1633 4275 Jacob
1680 4195 1685 4203 ⁴

329 4291 439 4434 ξιὲξὲὲτ
465 4297 706 4374 (latr-1528).
748 4298 929 4371 Programme
955 4300 1003 4354 des
1029 4297 1228 4368 Gymnasiums
1258 4317 1291 4352 zur
1314 4299 1444 4371 Ebingen
1474 4299 1550 4354 1873
1576 4301 1633 4354 und

882 4529 1083 4540 -,-.....-......-
