3625 5192
282 334 334 385 406
405 292 407 296 Α
656 300 915 400 (lesrrhiohtsqnellen
934 333 982 385 dor
1000 333 1073 386 Prov.
1095 332 1220 386 Saehsen.

282 479 359 550 313.
381 478 426 550 ll.
448 497 493 545 an
515 479 648 550 Urban.
903 479 908 488 '
1033 478 1166 565 (Gotho
1177 479 1270 549 1513.
1300 477 1402 545 Ilndo
1425 479 1588 564 August.)

350 604 412 650 llut.
431 603 559 664 besprieht
579 605 628 650 dan
646 604 746 664 Grund‚
768 606 880 651 walchen
901 604 1063 651 Herebordv.
1082 605 1097 650 d
1114 603 1230 650 Martlmn
1252 605 1427 662 vorgesehiitat
1446 604 1523 664 habe,
1548 619 1588 650 um

282 674 336 722 sein
353 675 498 740 Schweigen
516 689 546 721 zu
566 675 762 734 entscbnldigen.
801 675 834 720 Er
852 675 902 721 will
921 675 972 721 ihm
993 679 1057 722 trotz
1077 675 1184 721 allodem
1201 674 1343 722 veraeihen.

362 772 497 837 Henrioo
519 771 683 837 Urbano
706 772 996 856 Matianusllnfus.

361 875 390 939 S.
432 873 653 940 Herebordnsl
683 883 789 940 noster
819 875 924 940 reiicit
960 875 1078 940 silentii
1111 874 1237 958 eulpam
1269 875 1300 939 in
1336 874 1458 956 studia,
1498 876 1588 956 quasi

279 996 404 1042 menses
434 985 567 1060 quatuor
596 985 750 1060 perpetuo
786 976 949 1042 studuerit.
1000 976 1162 1060 concerpe
1190 975 1299 1040 literas
1327 975 1422 1040 illius.
1471 975 1588 1063 Malum

278 1078 432 1158 studium,
458 1077 542 1160 qaod
564 1076 699 1162 impedit
724 1078 929 1143 salutacionis
957 1077 1103 1142 officium.
1146 1077 1334 1160 Quanquam
1357 1087 1388 1142 et
1409 1078 1475 1143 alla
1500 1078 1588 1144 t'eoit:

172 1211 176 1216 ·
278 1179 451 1245 celebravit
470 1181 662 1261 fontanella,
689 1180 827 1261 quesivit
853 1199 947 1258 aves,
974 1181 1098 1263 optavit
1119 1179 1180 1243 sibi
1201 1197 1349 1274 sponsam
1370 1188 1415 1260 et,
1444 1181 1471 1246 si
1497 1189 1588 1264 pater

278 1283 383 1363 vellet,
405 1283 469 1346 iarn
480 1290 563 1347 esset
574 1283 713 1346 maritus.
744 1281 1041 1366 Coudonoeulparn,
1058 1283 1241 1364 ingratiam
1256 1282 1383 1366 recipio.
1414 1282 1463 1346 Sit
1474 1287 1588 1366 postea

278 1383 464 1468 diligentior
483 1383 517 1447 in
538 1393 647 1449 nostra
666 1385 822 1449 amicicia.
870 1383 957 1449 Vale.

347 1509 529 1556 Handsehriltl.
547 1510 569 1555 F
585 1509 635 1557 849
655 1511 696 1556 fol.
706 1508 781 1556 alar.

835 1613 1037 1620 ..κ-..μ’-

277 1716 355 1786 314.
377 1714 623 1787 llanUrban.
689 1715 834 1800 (Gotho)
846 1715 941 1782 1513.
974 1714 1087 1801 (liora
1103 1671 1337 1784 nachdeml.
1352 1713 1585 1798 septernhcr.)

347 1840 409 1887 Mor.
429 1842 473 1887 hat
492 1841 541 1888 den
560 1841 656 1887 Besucb
675 1842 756 1887 solues
775 1841 888 1887 Erfnrtor
901 1841 1004 1898 hlieters
1023 1840 1172 1900 empsangen
1191 1841 1243 1886 und
1262 1839 1318 1886 teilt
1337 1839 1392 1886 dem
1412 1839 1498 1886 Urhan
1518 1841 1587 1886 soiuu

277 1911 516 1971 Entsohllesanngen
533 1910 595 1958 fiber
613 1911 655 1957 dia
673 1903 967 1971 Vermietungsr'rrkunde
986 1911 1040 1957 ntit.
1306 1903 1308 1909 '

357 2007 518 2073 Urbano
539 2009 715 2087 carissimo,
736 2009 804 2072 viro
826 2008 987 2091 primario,
1009 2008 1169 2074 Matienus
1189 2007 1296 2073 Rufus.

358 2111 388 2175 S.
431 2109 539 2174 Pridie
571 2110 681 2174 Nonas
707 2111 903 2193 Septembris
930 2111 1017 2176 venit
1052 2110 1095 2175 ad
1129 2131 1179 2174 me
1207 2110 1324 2194 hospes
1353 2118 1386 2175 et
1413 2111 1587 2193 inquilinus

277 2220 384 2277 noster
414 2211 507 2278 Titus
533 2212 672 2277 Mar-rust
704 2215 833 2295 egitque
864 2231 985 2277 meeum
1023 2214 1064 2278 de
1092 2213 1294 2280 habitacione
1322 2214 1355 2276 in
1383 2213 1586 2299 domomea,
1692 2281 1696 2288 ,

277 2335 371 2397 quam
396 2315 460 2397 ipsi
480 2315 694 2379 collocaveras
716 2316 748 2377 in
770 2316 1033 2396 quinquennium,
1062 2323 1095 2379 ut
1114 2316 1298 2398 pensionem
1320 2316 1587 2396 quinquennalem

278 2419 310 2481 in
334 2425 521 2481 structuram
542 2417 754 2481 neeessariam
778 2419 963 2482 transferret
983 2417 1042 2482 snb
1064 2418 1124 2482 bac
1145 2417 1345 2497 condicione,
1372 2425 1406 2481 ut
1424 2418 1455 2482 X
1474 2437 1587 2482 aureos

255 2533 258 2536 ’
278 2519 379 2603 primo
401 2539 486 2583 anno
506 2526 652 2600 erogaret
671 2539 710 2583 ao
730 2519 928 2585 collabeneia
950 2519 1087 2599 luloiret,
1118 2519 1239 2584 duobus
1268 2521 1362 2584 annis
1382 2515 1587 2601 sequentibus

278 2610 670 2704 reliquosXexpenderet‚
692 2629 726 2686 ut
746 2624 826 2687 bene
842 2623 988 2686 restituta
1005 2623 1185 2702 retectaque
1204 2622 1297 2686 domo
1312 2622 1441 2686 vicariis
1461 2620 1588 2688 deesset

278 2725 457 2807 importuna
476 2724 612 2805 querela.
655 2723 778 2788 Placuit
800 2724 876 2787 mihi
905 2731 1032 2806 pactum
1053 2733 1240 2790 conventum
1264 2731 1300 2786 et
1316 2723 1512 2789 auctoritatis
1534 2732 1586 2789 tue

279 2813 430 2909 placitum
452 2833 486 2889 ut
506 2825 567 2889 viri
588 2826 713 2890 solertis
734 2833 766 2891 et
787 2827 881 2890 amici
910 2825 1055 2890 fidissimi
1084 2835 1187 2891 ratum
1212 2828 1321 2892 habeo.
1364 2813 1474 2910 Neque
1501 2829 1584 2891 eninr

278 2929 384 3009 magis
408 2928 517 3010 cupio,
545 2948 640 3009 quam
668 2938 706 2993 ut
722 2928 834 2994 domus
862 2937 950 2992 sarta
978 2935 1062 2993 teota
1084 2930 1307 3013 conspiciatur.
1354 2930 1586 2995 satisdationes

278 3039 384 3095 autem
411 3030 483 3094 illas
514 3031 582 3094 inre
615 3030 702 3094 civili
734 3023 930 3095 introductas
966 3031 1160 3096 remittimus.
1216 3032 1326 3113 Neque
1358 3033 1441 3096 enirn
1469 3032 1587 3097 debent
1629 3055 1631 3065 ¹

278 3130 409 3197 honeste
429 3151 563 3215 persone
584 3133 653 3196 sive
679 3133 711 3196 in
738 3132 847 3196 tutelis
868 3132 937 3197 sive
958 3133 991 3196 in
1013 3133 1226 3197 contractibus
1254 3135 1434 3198 cautionum
1461 3135 1586 3198 onerari

278 3235 431 3300 molestia.
474 3234 566 3314 Nam,
590 3241 624 3298 ut
639 3232 856 3298 Modestinus3
877 3234 938 3315 ait,
961 3253 1185 3316 nonnunquam
1208 3236 1373 3318 contingit,
1396 3243 1428 3300 nt
1450 3238 1585 3318 quedam

278 3337 466 3401 nominatim
492 3355 645 3420 expressa
671 3333 824 3414 officiant,
845 3328 997 3417 'quamvis
1024 3337 1141 3401 omissa
1167 3337 1263 3402 tacite
1292 3338 1428 3420 intelligi
1457 3346 1586 3421 possent

222 3497 225 3502 .
278 3457 337 3503 nec
357 3445 463 3503 essent
488 3437 623 3502 affutura
672 3437 782 3501 Cesset
808 3438 905 3519 igitur
933 3445 965 3503 et
991 3439 1183 3502 cancellatur
1209 3441 1390 3510 testamenti
1416 3439 1585 3522 obligaoio.
1648 3501 1651 3508 .

278 3539 396 3606 Credat
418 3540 559 3604 Mutiano
576 3538 800 3604 TitusMarius
821 3547 852 3602 et
873 3559 932 3622 ego
954 3546 1082 3624 propter
1103 3542 1317 3606 reverenciam
1341 3541 1585 3624 prestantissimi

278 3643 340 3707 viri
361 3643 499 3707 Simonis
520 3641 669 3705 Fulcini‘l
699 3641 792 3704 nudis
814 3641 880 3705 Titi
905 3642 1011 3706 verbis
1039 3650 1071 3707 et
1091 3641 1165 3706 fidei
1194 3644 1369 3724 acquiesco.
1418 3643 1585 3725 Reliquum

223 3731 226 3734 ⁴
278 3745 352 3810 boni
380 3744 439 3807 viri
470 3742 623 3807 arbitratu
650 3763 690 3806 ex
716 3743 799 3808 bono
825 3753 858 3807 et
882 3761 977 3824 equo,
1006 3744 1034 3807 si
1062 3745 1223 3808 emerserit
1248 3744 1463 3809 controversia
1488 3745 1584 3825 (quod
1644 3765 1651 3778 ·

277 3845 452 3922 abominor)
478 3845 650 3909 dirimatur.
693 3844 769 3910 Post
793 3846 1042 3927 quinquennium
1059 3846 1177 3936 domus
1205 3849 1236 3910 in
1257 3861 1334 3910 *mea
1361 3865 1455 3910 manu
1482 3843 1585 3911 sunto.

277 3944 354 4027 Hoc,
375 3947 419 4009 mi
441 3945 579 4025 Urbane,
600 3947 685 4011 volui
707 3950 868 4011 ot'seires.
911 3946 1000 4012 Vale.
1402 3965 1405 3971 ·

358 4048 511 4113 MDXllI.

346 4170 527 4217 Handsehrilll.
538 4170 558 4215 1⁸¹
571 4169 615 4216 181
639 4171 681 4217 t'ol.
695 4171 799 4217 131r-
809 4173 887 4219 lsslv.

277 4252 478 4283 s---

340 4324 352 4367 1
373 4329 439 4400 vgr.
460 4328 507 4385 nr.
522 4327 589 4383 eor.

338 4405 352 4448 2
373 4409 436 4481 Vgh
456 4409 502 4464 Br.
516 4409 573 4462 292
594 4409 619 4464 S.
633 4410 692 4464 380
712 4410 836 4479 humi,
857 4412 900 4466 Br.
911 4413 978 4466 306.
990 4412 1048 4471 309
1071 4431 1095 4472 u.
1111 4432 1134 4470 a.
1151 4433 1185 4470 m.

340 4485 354 4529 ³
375 4489 492 4562 Digesta
501 4489 621 4561 XXXV,
635 4491 660 4545 1.
676 4489 721 4546 52.

263 4623 267 4629 ,
337 4565 352 4611 4
375 4568 470 4635 Simon
483 4569 596 4630 volate.
