3625 5192
317 340 368 398 162
699 337 958 412 Gesehiuhlsquelleu
977 342 1025 396 der
1043 337 1117 396 Pror.
1137 338 1260 395 Saebsen.

314 493 372 558 hoe
393 499 454 572 est,
483 493 510 556 si
533 491 627 575 eulpa
648 491 811 564 minuitur,
839 499 989 573 tanquam
1013 491 1098 554 levis.
1115 491 1156 555 sit
1177 497 1207 553 et
1229 489 1364 570 indigna
1391 487 1621 570 obiurgatione.

313 596 428 660 Verum
450 601 482 658 tu
505 592 750 658 eallidusluisti:
775 592 905 658 evasisti
928 593 1059 674 laqueos
1079 591 1317 656 excusationum
1338 591 1495 673 negando.
1536 588 1620 668 Quid

313 699 372 763 tibi
394 695 533 762 faeiem?
574 695 658 772 Quia
678 694 771 759 oredo
794 695 851 758 tibi
871 701 903 759 et
923 694 1198 773 evidensnouesl,
1220 713 1260 763 au
1285 694 1405 773 l'eeeris,
1426 700 1457 758 te
1478 693 1621 773 absolvo,

312 799 369 863 sed
391 798 497 863 hortor
518 797 623 862 diseas
645 799 762 861 eautim
784 796 877 879 loqui.
920 797 1033 861 Mirum
1057 805 1117 876 est,
1145 804 1295 877 errantum
1314 795 1448 878 presidii
1468 795 1622 860 collocent

312 901 458 966 advocati
471 899 514 963 ¹iu
536 899 732 964 initiatione.
774 898 986 983 Propinquurn
1006 897 1109 963 habeo
1126 898 1296 963 Henrieum
1314 897 1469 963 lonam¹·.
1512 898 1543 962 ls
1564 917 1620 982 ap-

312 1003 411 1086 pellat
443 1003 618 1068 debitorem
651 1020 739 1066 suum
771 999 922 1067 ludoeum
950 1000 1088 1066 Smetn2.
1115 1000 1305 1073 Adtende,
1335 1000 1411 1083 quid
1438 1001 1480 1065 sit
1504 1008 1618 1068 aetum.

311 1106 432 1170 Petitur
452 1105 589 1188 peeunia
610 1123 650 1167 eu
670 1103 799 1168 vendito
821 1102 948 1168 hordeo.
990 1103 1054 1166 Sed
1066 1103 1120 1185 qui
1142 1103 1230 1186 petit,
1252 1122 1356 1185 neque
1377 1103 1495 1169 tabulis
1517 1122 1619 1186 neque

311 1208 444 1272 testibus
467 1205 667 1272 traditionem
689 1205 797 1270 hordei
819 1205 921 1287 doeet,
943 1205 999 1270 sed
1022 1212 1143 1270 tantum
1163 1208 1357 1288 argumentis
1379 1207 1490 1270 nititur·
1509 1206 1619 1270 verisi-

311 1310 446 1382 milibus.
463 1307 557 1392 ‘llgo
578 1308 655 1390 quid
675 1307 746 1372 dem
768 1307 902 1387 oonsilii,
925 1309 1040 1372 neseio.
1083 1307 1446 1392 Negatreusaeeepisse
1459 1307 1618 1390 hordeum,

311 1412 390 1476 dieit
418 1418 505 1478 aeter
531 1411 760 1476 transmissum.
806 1411 929 1492 Auriga
955 1411 1085 1490 latetur,
1117 1409 1173 1474 sed
1195 1410 1286 1474 abest
1311 1417 1345 1476 et
1372 1411 1448 1493 quia
1468 1410 1560 1476 abest
1587 1419 1620 1478 et

267 1549 269 1552 ·
310 1515 383 1580 ideo
404 1515 437 1578 in
459 1515 509 1578 ius
529 1513 637 1578 voeari
655 1532 721 1580 ¹uon
742 1518 859 1596 potest,
890 1515 1009 1592 perstat
1030 1531 1101 1576 reus
1120 1513 1152 1576 in
1175 1531 1234 1576 sua
1255 1513 1431 1596 pertinacia
1483 1513 1546 1578 Diu
1567 1535 1618 1580 me

310 1618 400 1698 torsi,
424 1615 500 1698 quid
521 1614 652 1699 presidii
674 1614 754 1680 foret
775 1613 807 1679 in
831 1613 890 1679 bae
913 1634 954 1679 re.
996 1615 1099 1696 Leges
1117 1621 1149 1680 et
1168 1635 1305 1680 eauones
1330 1615 1429 1680 multa
1458 1636 1514 1699 pro
1536 1626 1617 1684 utro-

310 1739 371 1802 que
392 1724 541 1784 statuunt.
590 1719 704 1782 Aetore
731 1737 794 1781 non
821 1717 976 1800 probante
1004 1736 1075 1782 reus
1100 1717 1285 1782 absolvitur.
1334 1717 1406 1783 Nou
1432 1719 1486 1783 ita.-
1533 1720 1616 1785 Nam
1707 1799 1715 1812 .

310 1821 417 1886 inveni
446 1839 553 1884 casum
581 1819 802 1884 admirabilem
827 1819 913 1903 apud
938 1819 1053 1883 Aulum
1078 1820 1216 1884 Gellium
1246 1819 1326 1885 libro
1354 1819 1477 1885 decimo
1505 1829 1617 1904 quarto

309 1924 414 2007 eapite
434 1921 571 1986 seeundo
595 1921 667 1986 huie
695 1929 800 1986 nostru
823 1921 955 2002 negocio
984 1941 1134 2005 perquam
1161 1921 1307 1986 similem.
1349 1922 1493 2007 Excerpe
1519 1924 1618 1991 verba

309 2025 348 2092 M.
361 2025 492 2091 Catonis
513 2041 570 2108 pro
587 2024 812 2088 LutioTurio.3
853 2023 942 2088 llleus
963 2024 1159 2107 propinquus
1179 2024 1316 2107 optimus
1333 2024 1383 2089 vir
1404 2033 1462 2105 eut,
1482 2025 1618 2091 ludoeus

308 2147 382 2192 vero
395 2128 551 2208 pessimus
562 2133 594 2191 et
605 2127 717 2209 plenus
729 2125 869 2210 perlidie.
904 2125 1012 2208 ltaque
1025 2145 1094 2190 meo
1106 2125 1225 2190 iudiuio
1237 2123 1453 2192 adiudicarem
1465 2129 1618 2212 pecunias

309 2229 436 2312 petitori
458 2235 490 2292 et
511 2227 752 2293 condemnarem
773 2227 920 2292 lallaeem
943 2234 975 2291 et
992 2227 1169 2310 improbum
1184 2236 1377 2309 negatorem.
1420 2229 1468 2293 Tu
1491 2251 1549 2296 nos
1569 2232 1617 2296 sie

309 2329 627 2412 redargue:·Prol'ers
650 2329 837 2413 exemplum,
859 2329 1011 2409 Matiane,
1032 2337 1065 2395 et
1086 2330 1261 2412 preiudieio
1282 2330 1413 2396 Catonis
1433 2336 1509 2397 stas.
1551 2333 1616 2399 Sed

241 2428 243 2434 '
307 2433 340 2497 iu
370 2433 479 2497 eodiee
508 2432 683 2496 Iustiniana
710 2431 912 2514 prohibemur
939 2431 1110 2514 exemplis,
1141 2431 1285 2497 iubemur
1312 2433 1437 2515 legibus
1464 2433 1615 2503 iudicare.

306 2533 494 2617 Respondeo
528 2533 698 2597 maximam
725 2542 846 2618 partem
875 2534 980 2614 legum
1011 2534 1223 2598 Romanarum
1250 2542 1395 2600 constare
1421 2537 1616 2620 preludieiis,

308 2637 471 2720 exemplis,
493 2635 735 2700 auetoritatibus
756 2642 788 2699 et
798 2635 1011 2719 opinamentis
1022 2638 1183 2724 maiorum.
1226 2637 1275 2701 Tu
1297 2639 1423 2720 penitus
1446 2639 1615 2721 introspiee

308 2745 403 2822 eaput
424 2736 603 2802 Gellianum
625 2743 657 2802 et
678 2737 864 2821 pervideas,
889 2737 965 2820 quid
987 2739 1029 2804 sit
1049 2738 1172 2803 diffindi
1195 2739 1279 2804 diem
1288 2741 1311 2819 ⁴,
1333 2740 1409 2822 quid
1432 2761 1494 2805 uon
1517 2742 1617 2824 liquet

307 2845 339 2904 et
361 2847 465 2904 eetera
492 2839 736 2922 profundissime
761 2840 918 2921 doetrine,
945 2839 1029 2906 adde
1056 2847 1151 2925 eaput
1171 2842 1316 2906 XXXXI
1342 2843 1373 2907 iu
1401 2842 1615 2909 Miseellaueis

309 2941 489 3006 Politianil.
532 2941 598 3006 Hee
621 2949 715 3024 atque
736 2942 1238 3024 taliapertinentadtiroeinium.
1279 2945 1327 3009 Te
1350 2964 1425 3010 vere
1445 2945 1614 3029 plurimum

308 3063 375 3119 oro,
413 3050 446 3107 ut
473 3035 622 3108 ostendas
651 3050 682 3108 te
714 3044 748 3108 in
775 3045 837 3108 tuis
866 3044 908 3108 ad
934 3064 984 3109 me
1013 3045 1113 3110 literis
1138 3046 1406 3126 iudseonsultum,
1436 3055 1470 3112 ut
1496 3067 1545 3112 me
1571 3048 1614 3113 ad

308 3145 427 3210 similia
445 3147 630 3210 subinvites.
673 3146 709 3210 ln
721 3145 996 3229 seholatualegas
1010 3153 1201 3232 extempore
1241 3148 1403 3214 Meliorem
1415 3149 1479 3214 diei
1492 3157 1614 3233 partem

310 3252 342 3312 et
370 3267 500 3313 acumen
528 3255 613 3312 tuum
642 3249 766 3313 dicabis
794 3249 979 3315 traetaeioni
1007 3250 1102 3333 legali
1132 3259 1165 3315 et
1190 3252 1286 3333 imple
1313 3271 1368 3316 aex
1398 3253 1615 3336 promptuaria

369 3613 378 3656 ¹
401 3616 484 3672 Sonat
505 3619 583 3673 nieht
604 3618 732 3674 bekannt.

367 3716 381 3758 2
401 3719 545 3775 Ebenfells
564 3721 642 3776 nieht
661 3722 794 3776 bekannt.

366 3817 381 3860 3
400 3821 518 3885 Gellius.
560 3822 663 3878 Noctes
683 3823 794 3877 Attieae
816 3823 895 3893 xlv,
911 3824 936 3879 2.
951 3825 1001 3878 26:
1023 3824 1116 3895 Atque
1136 3843 1188 3896 ego
1210 3843 1227 3880 a
1247 3826 1398 3880 maioribus
1417 3827 1551 3881 memoria
1572 3827 1611 3882 sie

302 3903 412 3973 decepi:
445 3903 468 3956 si
489 3903 551 3973 quis
572 3904 640 3974 quid
660 3903 730 3958 alter
750 3904 786 3958 ab
808 3905 894 3959 allero
916 3913 1056 3975 peterent,
1085 3907 1108 3959 si
1129 3906 1212 3960 anrbo
1231 3923 1312 3976 parea
1333 3913 1437 3974 eruent,
1467 3907 1524 3960 sire
1544 3907 1612 3962 boni

192 4047 195 4054 Ι
301 3983 358 4038 sive
379 3983 443 4038 mali
468 3991 570 4052 essent,
599 3984 672 4054 quod
695 3985 749 4038 duo
770 4001 812 4038 res
833 3985 996 4056 gessissent,
1015 3986 1056 4039 uti
1076 3991 1161 4040 testes
1183 4004 1238 4040 nou
1260 3987 1438 4051 interemunt,
1462 3987 1513 4056 illi,
1540 3989 1611 4042 unde

302 4065 421 4134 petitur,
446 4063 470 4116 ei
492 4064 585 4134 potius
608 4065 774 4118 eredendum
797 4083 864 4123 esse.
907 4065 989 4120 Nuue
1011 4065 1034 4119 ui
1057 4066 1233 4136 sponsionem
1260 4066 1393 4121 fecissent-
1412 4062 1522 4122 Gellius
1548 4085 1611 4122 eum

303 4143 402 4198 'fur-io:
428 4143 487 4212 „Ni
508 4145 549 4197 vir
570 4144 668 4199 melior
695 4151 766 4200 esset
791 4145 900 4200 Gellius
926 4163 1008 4215 quam
1031 4145 1154 4200 Turius“
1175 4163 1270 4214 nemo,
1291 4146 1401 4217 opiner,
1421 4152 1476 4201 lam
1498 4147 1612 4201 insarurs

304 4231 389 4292 esset,
410 4224 458 4293 qui
479 4223 615 4279 iudicaret
635 4225 777 4280 meliorem
798 4243 856 4280 esse
875 4225 998 4280 Gellium
1021 4243 1106 4295 quam
1117 4225 1248 4280 Turium:
1269 4227 1291 4282 si
1314 4245 1368 4281 uon
1390 4227 1490 4281 melior
1502 4226 1612 4281 Gellius

306 4311 348 4357 est
368 4303 470 4372 Turio,
491 4305 583 4374 polius
604 4312 713 4375 oportet
734 4306 817 4372 credi,
839 4307 911 4360 uude
931 4306 1042 4376 petitur.

361 4401 373 4442 ⁴
396 4405 464 4459 Eine
482 4406 684 4479 Verhandlurrg
704 4409 790 4462 dureh
812 4407 1046 4478 Unterbreehung
1071 4407 1122 4462 auf
1149 4409 1203 4462 deu
1228 4409 1362 4462 uliebslen
1385 4408 1446 4476 'l'ag
1470 4409 1611 4480 rerlegeu.

305 4485 541 4556 Gelltusxlt',·2.
559 4488 608 4541 11:
630 4488 701 4542 lusui
724 4488 807 4558 igilur·
829 4488 900 4542 diurn
924 4485 1041 4544 diffindi.

332 4571 335 4578 '
361 4583 459 4658 5vgr.
481 4587 525 4642 aa.
544 4589 597 4641 101
622 4587 647 4644 s.
666 4587 720 4641 141
743 4589 825 4644 num.
844 4589 867 4643 1.
