3625 5192
657 333 746 393 Brielu
764 335 883 394 Molitus
903 338 962 393 las.
980 337 1038 394 126.
1450 340 1499 396 181

273 487 377 568 „Tum
401 477 506 551 Venus
536 487 567 550 in
596 486 721 566 silvis“‚
750 495 783 552 ut
811 487 915 571 inquit
941 488 1106 554 Lucretius
1116 491 1137 568 ¹,
1163 488 1343 570 „iungebat
1368 509 1501 571 corpora

191 591 389 668 amantum“.
430 589 502 654 Non
523 589 708 672 gaudebunt
730 590 884 656 divitibus
906 590 1021 674 puelle,
1043 612 1116 657 nam
1138 591 1277 676 precium
1297 591 1432 674 glandes
1454 600 1500 671 at-

192 711 252 775 que
273 691 387 756 arbuta
407 690 458 754 vel
488 691 558 776 pira
584 692 674 757 loeta.
717 691 753 755 ld
775 711 876 776 genus
897 711 1029 759 munera
1055 693 1172 757 dantur
1200 693 1233 759 in
1258 693 1344 759 valle
1372 701 1429 760 tua
1448 695 1502 760 sil-

191 793 288 859 vestri
310 793 420 858 amice.
463 793 557 861 Unde
577 792 627 875 lit,
650 801 683 858 ut
706 801 847 860 extrema
868 794 1051 860 calamitate
1072 795 1176 860 minus
1196 803 1384 862 moveantur
1407 795 1499 864 Hero

193 895 309 962 bordus
340 896 450 962 dootor
481 903 513 962 et
543 895 720 979 discipuli,
765 896 849 975 Quid
888 897 962 962 novi
1001 897 1100 962 habes
1141 896 1182 962 do
1219 898 1302 964 bello
1334 898 1502 966 uenatore

192 999 416 1082 Erpbnrdiana
437 999 799 1065 oivitastumnltuatur³.
842 997 895 1065 Fit
916 998 1053 1083 impetus
1075 999 1108 1064 in
1121 999 1321 1065 loreserarii.
1364 1001 1501 1066 Senatus

191 1101 327 1166 deooxit.
377 1100 461 1179 Quid
487 1101 639 1166 novitatis
667 1101 834 1185 exponitur
862 1102 894 1166 in
921 1100 1130 1186 bibliopoliis!
1178 1101 1227 1166 De
1254 1102 1444 1168 lectionibus
1469 1110 1501 1168 et

192 1203 409 1270 auditionibus
430 1205 493 1268 tuis
513 1203 594 1268 nibil
615 1203 769 1284 scribam,
798 1210 968 1288 propterea
987 1203 1071 1286 quod
1094 1203 1156 1268 ista
1177 1205 1348 1286 garrulitas
1373 1204 1499 1270 inanem

192 1307 333 1372 umbram
355 1305 516 1391 pretendit
536 1312 569 1371 et
588 1306 708 1390 pellioit
734 1307 766 1370 in
795 1306 947 1372 ridiculas
966 1306 1115 1388 ineptias.
1158 1306 1237 1372 Volo
1265 1290 1372 1373 tumen
1395 1303 1499 1390 perso

192 1427 264 1473 nam
287 1409 344 1474 tibi
367 1409 511 1492 magistri
533 1409 692 1492 imponas,
722 1417 755 1474 ut
778 1417 966 1494 personatus
987 1416 1107 1472 terreas
1133 1409 1271 1475 infantes
1296 1409 1499 1476 intenebris.

193 1512 284 1578 Certe
305 1511 443 1578 infantes
469 1519 543 1576 sunt
568 1519 600 1575 et
627 1511 659 1577 in
687 1511 826 1577 tenebris
848 1529 941 1594 evum
970 1509 1113 1594 degunt,¹
1135 1511 1319 1600 qui-literas
1340 1511 1390 1578 vel
1418 1513 1501 1578 male

192 1615 297 1680 sciunt
322 1615 373 1679 vel
401 1616 529 1680 omnino
551 1614 704 1680 nesciunt.
752 1613 843 1679 Mitto
870 1612 913 1677 ad
936 1617 971 1677 'te
996 1631 1099 1696 nugas
1124 1614 1268 1679 triuiales
1294 1613 1335 1680 de
1360 1615 1501 1682 earmina

192 1719 292 1782 saneti
322 1717 486 1782 Davidisl.
535 1717 629 1782 Abba
656 1725 762 1782 noster
792 1716 957 1782 materiam
989 1714 1111 1780 obtulit
1157 1715 1226 1800 Ego
1256 1716 1388 1783 mirilioe
1414 1737 1501 1784 vore·

192 1819 304 1886 onndls
325 1827 362 1886 ot·
377 1818 603 1886 excellentibus
623 1819 776 1902 ingeniis,
798 1817 893 1901 quale
915 1820 1002 1882 tubm
1022 1825 1081 1898 est,
1101 1817 1241 1885 delector
1261 1827 1293 1884 et
1314 1818 1386 1886 ideo
1406 1819 1501 1887 valde

192 1945 285 2006 rogo,
312 1929 346 1987 ut
372 1922 480 1988 literas
501 1941 614 2004 grecas
641 1920 721 1986 bello
742 1921 911 1986 scribendo
936 1919 1043 1986 diseas
1067 1920 1127 1986 sub
1154 1929 1339 2006 preceptore
1364 1922 1500 1989 (1511515-

193 2026 321 2112 phoro⁵,
344 2025 475 2112 physion
486 2025 677 2092 doetissirno.
720 2023 1011 2089 Existimesonrnia
1030 2042 1080 2088 me
1100 2023 1160 2090 tibi
1183 2023 1300 2112 debere
1320 2029 1353 2090 et
1370 2045 1501 2109 operam

193 2137 225 2192 ot
245 2128 383 2194 studium
405 2135 437 2194 et
457 2129 483 2192 si
506 2127 582 2212 quid
605 2135 750 2211 preterea
768 2126 971 2212 possidemus
991 2145 1103 2209 meque
1119 2125 1231 2208 velim,
1256 2135 1289 2192 nt
1310 2127 1404 2204 lauis,
1429 2125 1501 2192 dili-

194 2253 262 2314 gas.
305 2231 393 2297 Vale.

264 2356 446 2404 llnrrdselrriltl.
466 2357 485 2402 l*
500 2355 548 2402 ²01
572 2358 613 2403 lol.
627 2355 819 2403 leur—llum

257 2601 268 2644 ¹
291 2605 437 2660 Lueretius
450 2605 485 2675 V,
497 2603 593 2660 5511-
607 2603 678 2660 562:

435 2721 469 2776 Et
492 2723 587 2776 Venus
607 2723 635 2775 15
658 2721 735 2776 siluis
756 2722 889 2792 iungebat
912 2739 1029 2792 corpora
1048 2726 1197 2775 arnantum.

396 2801 571 2858 conciliabat
591 2803 665 2856 enirn
687 2803 731 2856 vel
753 2809 849 2858 mutua
868 2819 1007 2873 quamque
1028 2801 1130 2872 cupido

395 2884 449 2938 Vol
469 2883 592 2938 violenta
612 2883 662 2937 viri
685 2883 726 2938 vis
747 2891 831 2953 atquo
851 2883 968 2954 inpensa
988 2882 1075 2937 libido

395 2964 448 3018 Vel
469 2965 599 3035 prolium,
616 2965 731 3036 glandes
751 2971 835 3034 atquo
856 2963 947 3018 arbita
967 2965 1010 3018 rol
1031 2963 1093 3035 pira
1113 2963 1192 3018 lenta

256 3077 333 3134 211„
363 3081 453 3136 rotun
479 3081 527 3134 rus
556 3065 611 3134 55
645 3078 725 3135 seren
756 3079 827 3134 naen
853 3079 903 3134 uer
927 3068 1060 3134 55515
1086 3096 1140 3132 von
1163 3077 1317 3149 aaronem
1345 3077 1390 3130 55
1420 3079 1524 3131 vens·
1553 3075 1559 3084 ·

195 3162 350 3217 zianiscben
373 3161 469 3216 Stlidte
496 3161 523 3214 in
545 3159 680 3231 Apulion,
709 3160 759 3214 dor
778 3159 923 3231 Rornagna
943 3159 998 3212 und
1024 3159 1073 3212 der
1095 3157 1260 3212 lombardei
1284 3158 1312 3210 in
1334 3157 1379 3223 die
1401 3156 1500 3211 Hlinde

195 3245 244 3297 der
255 3242 462 3299 Verblindeteu.
504 3240 567 3313 Vgl.
586 3241 654 3296 libor
671 3241 716 3294 dio
734 3240 871 3312 damulige
883 3240 960 3310 lage
970 3238 1093 3307 Ruricius,
1115 3238 1257 3294 Derrtsobe
1278 3237 1448 3293 Gesohiohte
1460 3280 1465 3292 .
1477 3278 1501 3293 ..

196 3324 218 3388 1,
243 3321 331 3376 lalff.
374 3321 480 3376 Mutiau
502 3323 590 3392 zeigte
612 3339 662 3376 aus
684 3321 898 3376 versehiedenen
916 3320 1050 3375 Griinden
1072 3318 1117 3373 ein
1139 3319 1278 3375 lebhaitee
1298 3318 1435 3372 Interesse
1456 3317 1502 3372 fuir

196 3405 248 3459 den
269 3403 410 3475 Fortgang
430 3404 478 3456 des
499 3401 623 3474 Krieges.
665 3401 728 3472 vgl.
748 3401 794 3455 Br.
807 3401 844 3454 119
856 3417 882 3456 n.
896 3399 943 3458 70.

257 3500 272 3544 3
294 3505 387 3561 Uebor
411 3506 456 3559 dio
485 3504 610 3560 Erfurter
635 3504 801 3560 Revolution
829 3503 857 3556 15
884 3505 938 3558 den
963 3503 1068 3558 dabron
1100 3500 1177 3555 151111
1203 3500 1260 3553 und
1290 3497 1385 3568 151ος
1413 3500 1499 3570 vergi.

196 3586 409 3656 hauptsiiohlioh
438 3585 653 3656 Karnpsebnlte:
680 3585 735 3639 Die
761 3583 935 3640 Univorsitiit
955 3583 1050 3636 Erl'nrt
1069 3582 1098 3646 1,
1121 3580 1305 3645 luo-uls,
1329 3581 1386 3634 und
1413 3580 1444 3632 la
1466 3579 1500 3632 A.

196 3667 230 3720 H.
253 3665 425 3720 Burkbardl:
455 3666 513 3719 Das
534 3667 600 3720 tollo
622 3666 692 3721 -labr
713 3683 746 3719 zu
768 3664 861 3718 Erfrnt
890 3665 945 3716 und
973 3665 1049 3716 selue
1067 3661 1175 3734 Folgon
1203 3662 1233 3714 in
1255 3660 1375 3715 Webers
1396 3659 1500 3714 Arolriu

195 3747 241 3802 liir
260 3747 418 3802 siiohsisobe
429 3747 598 3802 Gesuhiobte
612 3745 656 3816 12,
668 3745 725 3800 337
736 3745 847 3799 -rus,
888 3745 995 3800 1151155
1017 3743 1154 3798 nnd'sein
1165 3741 1248 3796 lireio
1268 3741 1494 3812 syrnpatbisisrtn
1610 3797 1613 3802 ,

197 3828 247 3882 mit
269 3829 318 3882 der
338 3827 481 3885 Gemeine.

256 3925 271 3968 4
292 3929 364 3984 Duss
395 3929 500 3984 Mation
529 3929 588 3984 sioh
614 3927 722 3984 lebhaft
749 3929 799 3982 mit
826 3929 888 3982 dem
920 3927 1047 3981 Studium
1073 3931 1122 3995 dor·
1144 3924 1274 3980 Psalmen
1304 3923 1516 3996 besonanigto„

196 4011 263 4082 gobt
285 4029 309 4064 u.
330 4029 354 4066 a.
375 4029 425 4064 aus
446 4009 559 4066 stau.
572 4009 607 4062 31
633 4010 739 4066 hervor.

257 4107 271 4150 5
292 4112 508 4182 Christnpborus
530 4111 650 4182 Sonislt,
679 4111 731 4165 mit
758 4111 820 4166 dem
844 4110 939 4166 Urbani
961 4109 1006 4164 ein
1027 4105 1504 4164 1155555555111155551155111515

197 4194 328 4247 wilbrond
359 4193 448 4248 seinos
475 4193 621 4264 Ireipziger
650 4191 846 4246 Aufenthaltes
876 4189 1051 4262 arrgelmiiplt
1082 4190 1137 4243 bat.
1186 4188 1216 4242 ln
1247 4188 1297 4242 der
1322 4185 1504 4241 Fraukiurter

171 4293 174 4300 ·
197 4273 379 4328 Haudsobrilt
399 4274 436 4328 ist
458 4273 502 4328 ein
523 4273 604 4328 Brief
622 4272 732 4328 Urbane
753 4290 788 4326 nn
810 4271 857 4325 ibn
880 4271 1023 4325 euthalten
1045 4268 1103 4339 (Nu.
1120 4268 1200 4329 238.)

748 4474 951 4486 ——-——-
