3625 5192
309 366 360 427 256
684 360 943 441 (ieschichtsqnellen
962 370 1010 425 der
1030 365 1106 425 Pron.
1127 357 1250 424 Sachaen.

312 522 500 605 integritate
527 520 572 587 ila
600 522 766 606 respondi,
800 534 833 586 nt
860 521 997 605 experiri
1028 520 1124 587 laeile
1146 518 1247 605 possit
1279 518 1405 600 ignotos
1436 530 1497 582 uon
1529 506 1622 581 lacile

310 626 524 691 attentandos.
557 624 714 690 Misissem
737 626 795 689 tibi
818 630 849 689 et
871 627 983 689 snrrsrl
1006 632 1038 690 et
1059 643 1148 689 meas
1164 624 1283 705 literas,
1303 625 1391 701 (sont
1405 620 1489 685 enirn
1508 618 1621 702 prolix·

313 729 445 807 iuscule)
472 728 528 792 sed
555 736 653 810 negat
671 726 864 793 tabellarius.
910 726 1005 795 Forte
1025 729 1152 793 fortuna
1172 726 1214 791 ad
1236 724 1462 791 Corintheum?
1483 728 1620 785 nostrum

313 832 509 913 profecturus
530 849 711 895 commoror.

392 932 494 1015 Super
520 931 673 1013 Luthero,
698 926 768 996 'viro
795 932 934 996 omnium
955 930 1199 1012 candidissimo,
1226 928 1303 1013 qnid
1324 930 1446 997 iudices
1466 931 1620 1007 (indicare

309 1042 414 1099 autem
437 1034 520 1097 mala
542 1031 582 1099 de
603 1035 680 1097 viris
702 1034 793 1099 honis
815 1054 876 1099 non
901 1038 1005 1119 potest
1027 1037 1108 1101 scire
1129 1036 1232 1119 cupio.
1267 1034 1361 1119 Apud
1374 1042 1529 1100 nostrates
1545 1035 1619 1099 Ger-

311 1156 422 1201 manos
442 1137 615 1219 superbae
639 1137 764 1203 homine
788 1138 916 1219 (hersen
937 1139 1048 1202 merito
1067 1136 1310 1217 nominaverim)
1325 1137 1456 1201 mirifice
1471 1137 1618 1201 variatur.

310 1238 468 1320 Quicquid
493 1226 627 1321 purioris
649 1247 697 1304 est
718 1240 861 1307 doctrine
883 1242 916 1305 in
939 1242 1030 1305 terris
1051 1242 1178 1321 nestris,
1198 1240 1619 1321 Luthernmiseqnitursine

308 1342 441 1407 delectu.
482 1344 524 1427 At
543 1342 767 1408 monachorum
789 1344 885 1410 tactio
907 1344 1038 1425 eiusque
1060 1343 1181 1409 ordinis
1203 1342 1359 1425 theologi,
1379 1362 1457 1425 quos
1478 1340 1620 1405 scolasti-

308 1464 362 1508 cos
383 1444 560 1526 nominant,
581 1446 723 1529 exeeptis
741 1454 846 1511 tamen
867 1446 975 1511 multis
998 1447 1106 1531 probis
1128 1446 1215 1525 viris,
1237 1464 1306 1509 eum
1327 1446 1513 1509 damnatum
1534 1445 1617 1527 eupi-

307 1554 372 1611 unt.
404 1546 518 1611 Nostro
540 1547 704 1613 academie
727 1546 867 1631 theologi
887 1548 950 1614 dno
962 1550 1021 1611 viri
1037 1548 1217 1632 probissimi
1229 1557 1261 1611 et
1273 1546 1448 1612 doctissimi
1466 1544 1619 1614 lohannes

308 1648 534 1729 Bresigavius⁴
556 1656 587 1714 et
610 1650 765 1733 Georgius
787 1649 966 1715 Achensis⁵
988 1651 1157 1716 Martinam
1179 1650 1346 1733 recipiunt,
1373 1650 1484 1724 beant,
1512 1650 1619 1713 lavent

310 1758 342 1816 et
364 1751 524 1817 veteribus
546 1752 715 1834 theologie,
737 1752 770 1817 id
790 1760 854 1833 est,
875 1754 959 1818 veris
980 1753 1151 1819 conferunt.
1193 1753 1348 1817 Helveeia
1368 1759 1444 1827 tota,
1464 1751 1617 1817 Constan-

306 1853 374 1933 eie,
399 1854 557 1935 Augusta,
590 1854 672 1919 bona
701 1874 774 1937 pars
798 1854 887 1920 italie
915 1856 1113 1919 aLntlrero‘i
1137 1854 1262 1937 pendet.
1312 1854 1347 1919 Si
1368 1874 1390 1919 a
1410 1854 1530 1919 iuristis
1551 1854 1615 1937 qui-
1692 1884 1695 1888 ¹

310 1954 441 2021 busdam
481 1956 722 2023 sacerdoeiariis
761 1959 881 2039 lbriquc
913 1958 1083 2042 mancipiis
1112 1958 1261 2039 litigiosis
1292 1956 1506 2037 discedimus,
1544 1976 1617 2040 sepe

308 2067 483 2141 pugnaturc
506 2059 579 2122 hinc
603 2078 657 2141 pro
679 2059 806 2125 bomine
829 2060 916 2123 illinc
937 2061 1107 2125 diversum.

387 2160 456 2242 Ego
483 2160 654 2225 Lutherurn
680 2163 726 2227 ita
754 2163 890 2244 recipio,
919 2171 953 2225 nt
980 2163 1130 2227 nonnulla
1158 2164 1190 2227 in
1217 2183 1255 2227 eo
1282 2160 1479 2245 desyderem.
1537 2162 1617 2225 Nam

307 2263 390 2343 qnod
417 2263 624 2345 frigidissima
652 2272 743 2347 putat
770 2265 952 2349 pontificum
980 2264 1122 2341 decreta,
1150 2264 1233 2349 qood
1257 2264 1373 2332 Leonis
1392 2274 1512 2329 textum
1533 2284 1619 2328 resn-

308 2364 418 2447 pinare
444 2366 563 2449 pergit,
591 2388 652 2431 non
681 2367 833 2451 adprobo.
880 2367 949 2431 Nee
970 2366 1034 2431 ulla
1056 2386 1125 2433 enrn
1146 2366 1445 2443 sitarborumne*
1473 2386 1530 2450 pro
1554 2385 1618 2448 qna

309 2474 475 2551 tantopere
498 2468 546 2531 sir
570 2469 691 2535 horrusd
712 2470 846 2549 laborat,
868 2470 1015 2553 perpulit,
1039 2477 1072 2534 nt
1094 2471 1176 2535 ineo
1191 2489 1307 2553 genere
1322 2468 1485 2552 paradoxo
1502 2470 1619 2533 selati-

306 2580 396 2649 garet
418 2590 590 2653 ansanrque
613 2572 804 2636 aduersariis
827 2571 972 2654 preberet
993 2571 1209 2636 calumniandi
1231 2573 1290 2650 sni,
1312 2572 1403 2652 qnasi
1425 2591 1444 2634 a
1464 2572 1619 2655 nephario

307 2670 438 2735 Hessita
472 2692 532 2737 non
569 2674 736 2739 adnmdum
770 2674 962 2739 ahhorreret.
1013 2674 1169 2756 Equidem
1202 2674 1286 2739 sicut
1314 2674 1355 2738 de
1385 2674 1523 2739 Lnthero
1555 2694 1619 2739 ncn

307 2773 399 2838 aliter
426 2794 520 2856 quarn
547 2776 586 2840 de
613 2778 681 2840 viro
711 2778 848 2841 omnium
877 2778 996 2861 optimo
1024 2778 1141 2841 sentire
1168 2796 1311 2859 possum,
1337 2783 1444 2859 utpote
1472 2776 1527 2858 qni
1547 2777 1619 2839 eins

377 2896 387 2921 '¹
408 2902 467 2951 (tat.
492 2908 554 2949 tuas.
625 2895 637 2925 ⁰
665 2904 697 2947 Im
718 2904 778 2950 l'od.
805 2906 869 2951 ur'rltl
893 2906 958 2949 rectu
982 2921 1010 2949 :rr
1031 2905 1189 2959 rrrtselrer'deu,
1212 2904 1241 2949 oh
1262 2905 1389 2950 (hrirrthnu
1408 2904 1468 2948 oder·
1488 2905 1619 2949 (irritatas

309 2985 337 3015 :n
355 2971 416 3017 iussn
435 2973 476 3023 sui,
549 2966 559 2995 ⁰
578 2974 637 3023 (had.
658 2980 808 3033 pungnstur.
881 2959 893 2995 ‘¹
913 2975 953 3021 vir
972 2976 1050 3021 horrus¹
1070 2975 1128 3027 sebit
1148 2974 1186 3020 tei
1204 2974 1303 3025 Gillcrt.

309 3108 508 3115 h——ffl

370 3181 381 3223 ¹
403 3184 461 3238 Der·
481 3184 562 3239 Brief
585 3187 658 3240 steht
680 3187 725 3242 boi
747 3188 773 3244 ,1.
795 3187 828 3243 Α.
851 3188 1012 3260 Ricggerus.
1040 3190 1078 3243 ht.
1100 3190 1171 3244 tari
1194 3191 1335 3260 epistolae.
1365 3190 1466 3245 Ulmae
1488 3189 1566 3243 1774
1589 3209 1619 3261 p.

307 3262 474 3334 dliii-470,
495 3267 543 3321 der
564 3268 611 3321 des
633 3267 727 3322 Zasius
750 3269 856 3323 ehenda
879 3270 1045 3325 err-478.

369 3342 455 3399 ‘²Ein
487 3348 576 3417 wenig
601 3348 756 3401 bekannter
785 3351 985 3405 siiddentseher
1006 3350 1168 3416 Humanis&
1193 3350 1246 3405 mit
1270 3348 1428 3405 l'crnamen
1456 3348 1616 3409 Udalriens.

306 3426 345 3479 Zu
366 3427 414 3479 der·
432 3444 485 3481 von
507 3427 645 3481 Iterreblirr
669 3427 745 3481 1504
767 3428 914 3501 hescrgteu
935 3431 1065 3501 Ausgabe
1092 3433 1140 3484 des
1159 3430 1289 3485 Rabanns
1312 3432 1431 3487 tlara-us.
1473 3431 1517 3487 Dc
1538 3432 1620 3486 insti·

306 3506 413 3561 tutione
437 3506 599 3561 elericorum
622 3510 670 3561 bat
692 3526 721 3561 er
741 3508 1022 3582 Empfehlungsversc
1042 3510 1178 3583 geliefcrt.

368 3582 382 3623 ³
402 3586 495 3641 Uclrer
520 3586 614 3642 7ssirrs
642 3588 769 3661 Stelluug
795 3608 828 3643 zu
856 3590 964 3645 Lulher
990 3592 1046 3645 trud
1067 3610 1114 3644 zur
1140 3590 1328 3645 Reformaticn
1358 3590 1412 3662 rgl.
1439 3591 1564 3663 Stinzing
1591 3592 1619 3647 S

307 3666 365 3718 hro
380 3699 394 3705 --
409 3667 476 3723 255.
1537 3679 1541 3685 '

367 3742 380 3785 ⁴
403 3748 496 3801 Dasius
518 3756 577 3818 sngt
599 3749 626 3801 in
650 3750 739 3803 ciuem
763 3748 855 3805 Briefc
876 3768 912 3805 sn
934 3752 1041 3806 larther
1062 3752 1131 3807 iiber
1152 3752 1212 3807 ihn:
1242 3750 1390 3823 Brisgoici,
1417 3753 1540 3823 inquam,
1568 3751 1618 3805 eni

307 3826 377 3879 nihil
398 3836 461 3896 post
478 3846 568 3881 sacras
587 3830 680 3883 literas
701 3831 754 3884 nisi
775 3830 935 3886 Lutlrerana
955 3833 1073 3902 sapiunt.
1114 3832 1179 3903 vgr.
1201 3832 1353 3904 Rieggerns
1374 3852 1399 3903 p.
1412 3832 1479 3888 396.

370 3902 383 3944 ⁵
411 3906 504 3979 Georg
528 3908 674 3983 Wiigelirr‚
712 3918 788 3965 antrat
825 3930 877 3965 von
911 3912 1005 3966 nasius
1030 3912 1158 3967 Achaeus
1193 3921 1323 3985 genennt.
1369 3912 1433 3983 tgr.
1461 3913 1620 3984 Rieggerns

307 4006 334 4058 p.
352 3986 419 4042 374.

370 4064 383 4105 '3
404 4069 473 4122 Eine
494 4070 579 4123 Stcllo
608 4088 657 4124 sarrs
679 4070 798 4125 Luthera
820 4072 931 4126 'Phesen
955 4091 1045 4145 gegerr
1067 4072 1127 4127 Eek
1154 4074 1242 4127 laniet
1267 4072 1532 4143 folgendennassen:
1560 4072 1620 4127 Ro-

308 4167 416 4203 rnanarn
439 4150 582 4203 eeclesiam
603 4168 661 4205 csse
682 4152 811 4207 omnihus
830 4153 892 4207 aliis
914 4154 1083 4224 superiorem
1104 4154 1237 4223 probatur
1258 4170 1290 4206 ex
1312 4152 1498 4224 frigidissimis
1513 4154 1619 4208 Rorna-

307 4247 404 4282 norum
428 4228 589 4299 pontilicurn
612 4231 730 4285 ‹toci-stis
742 4233 813 4286 intra
828 4234 1044 4305 quadringentos
1063 4250 1150 4287 curros
1171 4234 1251 4302 natis,
1272 4241 1368 4288 contra
1388 4252 1459 4303 quae
1478 4242 1543 4287 suut
1559 4234 1619 4287 hia-

308 4310 393 4363 toriae
418 4310 586 4379 approbatas
609 4311 684 4365 mille
707 4320 735 4365 et
755 4319 865 4366 centum
878 4332 1022 4380 annrrrum,
1041 4320 1132 4368 textus
1147 4315 1298 4385 scripturae
1313 4314 1422 4367 divinae
1434 4322 1461 4369 et
1471 4316 1617 4369 decretum

307 4388 406 4444 Niceni
428 4390 546 4443 'ecrrcllii
570 4391 692 4444 omniurn
714 4388 898 4447 sacratissimi
940 4394 1018 4449 Nach
1039 4394 1163 4449 Jansscn.
1195 4394 1364 4448 Gcsehiclrte
1391 4394 1440 4449 des
1460 4396 1618 4450 dentselrcn

308 4470 419 4525 Vcllres
462 4470 598 4541 Freiburg
621 4470 704 4525 1880.
726 4472 814 4526 trull
835 4472 863 4526 S.
875 4474 914 4529 85
934 4476 1015 4528 Anrn.
1030 4474 1072 4527 10.

369 4546 382 4589 7
406 4550 474 4604 llier
497 4550 532 4604 ist
553 4551 596 4605 ein
617 4551 697 4605 Wcrt
720 4550 769 4606 w'r'e
790 4570 856 4608 eum
875 4555 1055 4626 arrsgefallen.
