3625 5192
321 358 355 416 96
395 300 399 307 ·
689 355 950 433 Gesebiobtsqueilerr
969 361 1017 420 der·
1035 358 1109 421 Prou.
1129 360 1252 422 Sacbsen.
1535 443 1543 469 r

322 511 381 578 69.
404 510 448 583 ll.
471 530 515 577 un
538 510 660 578 Urbau
681 512 754 578 urrrl
779 510 954 597 Spelatlu.
1238 512 1372 596 (Gotho
1391 512 1494 586 1508.
1528 510 1624 601 llal.)

389 623 450 741 blpt
469 623 573 683 belrlegt
595 623 635 669 dio
657 623 817 683 Modounga,
840 625 934 671 welche
953 624 1108 671 Maximillam
1131 625 1209 671 <lumb
1234 626 1274 671 dio
1295 625 1449 672 Verrotinnor·
1470 626 1562 673 sosben
1588 640 1625 672 er·-

319 696 393 742 lit-ton
429 698 464 742 at.

401 778 538 843 Henrioo
562 777 719 842 Urbano
745 787 777 843 et
799 779 938 863 Georgie
959 779 1188 864 spalatino,
1213 780 1291 845 viris
1311 781 1539 863 integerrimis,
1559 782 1624 846 Mu-

320 884 426 946 tianus
446 880 553 945 Rufus.
1462 938 1464 943 ,

400 983 431 1047 S.
473 981 559 1059 Quid
581 981 678 1045 novi?
707 982 826 1047 Cesar¹
848 981 965 1047 dieitur
985 1003 1055 1049 esse
1075 983 1162 1069 apud
1183 984 1378 1065 Mogontiam
1403 986 1435 1049 in
1456 1005 1529 1051 aree
1545 986 1624 1049 llar-

319 1087 388 1166 tini,
408 1085 495 1167 eogit
515 1085 693 1165 concilium,
714 1085 855 1167 queritur
875 1086 933 1151 de²
956 1087 1304 1168 ooniuratisHelvetiis,
1326 1106 1403 1169 quos
1419 1086 1625 1169 egolletbosb

319 1187 541 1272 appellarem.²
582 1187 661 1251 Cum
677 1186 807 1253 Venetis
823 1188 904 1252 male
916 1196 1091 1272 pugnatum
1112 1196 1170 1269 est,
1190 1190 1297 1254 omnia
1312 1189 1375 1253 illis
1385 1190 1624 1270 secundissima,
1729 1198 1732 1205 '

319 1289 412 1356 nobis
433 1288 661 1354 adversissima
681 1288 815 1354 luerunt.
857 1290 999 1355 Castella
1020 1298 1115 1375 eapte
1132 1294 1247 1357 nostris
1258 1292 1451 1372 ademerunt,
1472 1292 1626 1356 inclinata

319 1400 368 1456 est
394 1392 514 1456 cesaris
539 1391 635 1456 acies.
678 1390 806 1473 Errant,
837 1394 892 1474 qui
918 1394 1041 1459 fortune
1067 1394 1209 1459 tribuunt
1236 1405 1383 1461 eventum
1410 1394 1495 1460 belli.
1536 1394 1625 1459 Deus

318 1505 376 1575 est,
399 1494 538 1577 proleoto
560 1492 660 1565 Deus,
679 1493 733 1575 qui
754 1502 917 1577 oorruptos
938 1494 1097 1560 bominum
1120 1516 1232 1577 mores,
1253 1504 1287 1560 ut
1303 1496 1499 1577 Augustinus
1520 1496 1623 1571 refert,

319 1597 412 1661 bellis
433 1595 589 1662 emendat
632 1596 763 1661 Gallus³
782 1597 942 1679 superbit,
964 1597 1050 1662 volat
1071 1601 1103 1663 in
1126 1600 1237 1678 eelum,
1258 1598 1313 1663 sed
1337 1599 1445 1679 aquila
1466 1599 1548 1681 repit
1568 1598 1622 1661 bu·

319 1700 377 1779 mi,
413 1699 482 1763 alae
505 1698 546 1762 ad
574 1704 687 1761 terram
715 1698 851 1767 demisit.
904 1700 983 1777 Quis
1011 1700 1088 1765 lulla
1114 1702 1208 1766 sieois
1232 1700 1343 1764 audiet
1361 1700 1480 1765 berulis?
1521 1700 1562 1764 N.
1583 1720 1622 1766 ex

320 1803 448 1868 vulnere
482 1800 589 1884 periit,
623 1800 805 1865 eeeirlerunt
841 1802 1074 1867 bellicosissimi
1102 1802 1339 1867 Germanorum.
1398 1801 1471 1865 blali
1507 1803 1624 1867 oulioes

318 1922 456 1985 raneque
482 1904 640 1987 palustres
661 1902 865 1987 triumphant.
909 1904 987 1981 Quis
1007 1904 1222 1969 moderabitur
1243 1905 1309 1969 ire?
1351 1904 1515 1985 „Domitio
1541 1904 1621 1967 auri-

319 2007 406 2071 oulas
428 2013 461 2069 ut
471 2005 579 2087 inique
589 2004 704 2069 mentis
714 2005 841 2083 asellus,
862 2006 1178 2088 oumgraviusdorso
1199 2006 1297 2071 subiit
1312 2006 1435 2073 onus.“⁴
1477 2006 1623 2071 Orandus

318 2116 367 2173 est
389 2108 548 2188 Christus,
576 2114 608 2171 ut
634 2107 755 2171 indulta
781 2109 873 2172 nobis
901 2110 997 2173 venia
1026 2108 1154 2173 domitis
1186 2109 1330 2174 hostibus
1360 2128 1470 2191 paoem
1504 2108 1624 2173 inserat

317 2210 497 2275 Germania.

332 2404 365 2449 011
387 2332 567 2449 llsdndsehriltl.
590 2333 610 2378 l*
631 2331 663 2378 78
683 2332 723 2379 sol.
742 2329 895 2379 istu-531*
958 2333 1033 2382 Gedr.
1055 2333 1080 2380 b.
1101 2334 1135 2379 Tu
1162 2335 1184 2383 S.
1205 2332 1264 2379 68φ
1284 2331 1325 2393 69,
1345 2332 1381 2378 bia
1399 2332 1449 2393 aas
1462 2332 1502 2379 die
1521 2333 1622 2379 Adreeee

316 2421 331 2449 v
366 2410 418 2449 uun
438 2404 469 2462 ip.
1267 2437 1269 2447 ,

386 2489 487 2541 “raua
504 2494 542 2540 ua·
560 2496 600 2542 rs.
636 2477 701 2541 bra
719 2494 861 2557 terrenam⁴

318 2667 372 2734 70.
383 2662 1233 2736 ll.anloh.Venatorullereborrlr.bilantbon.
1256 2665 1574 2737 sotna1508.turr
1588 2666 1622 2733 2.

387 2777 449 2823 Mul.
469 2776 594 2822 irolrloekt
616 2776 678 2822 libor
699 2776 748 2823 don
771 2777 906 2823 deurtselreu
925 2777 982 2835 Sieg
1005 2777 1030 2823 irr
1051 2777 1141 2823 ltalierr
1165 2778 1215 2823 und
1239 2778 1303 2837 zeigt
1326 2779 1446 2838 slsdann,
1471 2780 1517 2823 wie
1536 2778 1622 2824 Eoban

318 2848 411 2894 Hermus
434 2861 489 2892 zum
513 2846 716 2893 Dicutarlorbeor
741 2849 863 2907 gelangerr
888 2848 981 2893 klinne.
1018 2848 1052 2892 Er
1076 2848 1201 2908 wllnsulrt,
1225 2847 1282 2893 dass
1304 2849 1373 2895 seins
1391 2849 1488 2907 jnngen
1509 2846 1623 2893 Frounde

317 2919 388 2965 mehr
406 2918 548 2963 Vertrauen
566 2931 596 2962 au
615 2917 666 2963 ibnr
689 2918 767 2975 hegen
786 2918 837 2964 und
856 2918 1030 2964 irerrndlirbon
1048 2917 1124 2965 Tadel
1143 2918 1196 2965 slulr
1214 2918 1320 2977 geinllen
1341 2919 1431 2966 lasseu.

399 3014 552 3097 Magistro
563 3014 699 3079 Iohanni
710 3015 910 3096 Venatori,
932 3015 1102 3081 uomitum⁵
1123 3015 1324 3101 paedagogo,
1345 3022 1377 3082 et
1397 3014 1624 3083 Herebordo

317 3117 491 3198 Margarito
511 3116 739 3192 iuriseonsulto‚
761 3118 840 3181 uiris
862 3116 995 3183 eruditis
1017 3116 1047 3182 S.

397 3219 530 3284 Gratum
552 3226 615 3300 est,
635 3218 720 3300 quod
741 3219 864 3299 seribis,
884 3219 1038 3301 Venator,
1060 3218 1101 3284 de
1122 3220 1260 3303 galeatis
1281 3221 1458 3304 leporibus,
1485 3220 1544 3284 boe
1573 3226 1622 3283 est

319 3322 407 3386 ranis
436 3319 642 3402 Adriatieist,
674 3320 715 3385 de
751 3320 866 3402 quibus
897 3320 1061 3405 inalpinae
1095 3328 1207 3403 gentes
1234 3341 1389 3389 nervosae
1421 3329 1452 3387 et
1480 3320 1624 3386 bireosae

319 3423 541 3508 triumphanti
581 3423 674 3487 Nono
684 3422 834 3487 desinant
843 3423 917 3487 Itali
930 3430 1088 3488 nostrates
1099 3423 1291 3506 insimulare,
1312 3424 1450 3507 culpare,
1471 3422 1625 3501 mordere,

319 3526 542 3591 commentitiis
566 3526 754 3609 opprobriis.
803 3525 952 3590 Sentiunt
973 3524 1143 3591 Rhetorum
1165 3525 1335 3606 numellas,
1357 3524 1535 3609 oompedes,
1556 3524 1622 3605 gla-

380 3719 391 3761 ¹
414 3722 476 3793 Vgl.
504 3722 574 3776 iiber
600 3720 644 3775 die
677 3721 815 3793 domalige
839 3721 980 3777 missliebe
1008 3722 1084 3793 Lege
1111 3723 1159 3777 des
1180 3720 1293 3775 Kaisers
1321 3719 1492 3775 Maximilian
1514 3720 1621 3792 Rsnke,

319 3802 462 3858 Deutsebe
482 3801 651 3857 Gesehiebte
667 3801 704 3854 im
725 3801 856 3857 Zeitnlter
876 3804 926 3857 der
946 3802 1136 3857 Reformation
1161 3800 1212 3853 Bu.
1233 3799 1256 3871 1,
1276 3798 1302 3855 S.
1322 3800 1379 3854 120
1401 3800 1457 3854 und
1481 3800 1546 3859 121.

380 3880 564 3937 lvtetleieht
584 3883 646 3937 eine
666 3881 841 3955 Auspielung
860 3883 912 3937 auf
929 3883 1027 3938 Horon
1048 3881 1126 3936 Oden
1139 3880 1187 3937 lv.
1201 3880 1246 3937 14,
1261 3880 1306 3935 15.

377 3957 688 4033 ³Luuwigx11.von
708 3962 880 4018 lbankreieb
906 3965 983 4018 batte
1012 3964 1071 4017 sich
1099 3962 1150 4016 mit
1172 3961 1298 4032 Verretlig
1328 3978 1417 4031 gegeu
1449 3962 1621 4018 Maximillam

318 4044 480 4098 verbiiodat.
502 4040 613 4114 (1507).

375 4120 389 4161 ⁴
411 4124 479 4178 Hor.
492 4122 547 4178 Sat.
559 4124 581 4192 I,
595 4126 620 4178 9.
632 4124 678 4180 ab.

378 4199 612 4276 ⁶Henneberger
629 4204 741 4261 Graferu
783 4204 848 4276 Vgl.
870 4204 915 4259 Br.
936 4203 983 4261 60.
1004 4203 1030 4259 S.
1044 4204 1080 4257 78
1100 4202 1183 4258 Anno,
1196 4204 1219 4258 1.

374 4279 389 4323 θ
410 4283 543 4339 Gemeint
560 4284 621 4340 sind
644 4286 689 4340 die
709 4285 887 4341 Venetianer.

376 4360 447 4419 ilus
474 4365 605 4420 seheinen
630 4365 757 4435 partiolle
778 4364 905 4436 Erfolge,
931 4364 1035 4419 welche
1063 4363 1227 4420 kaiserliehe
1255 4362 1386 4435 'Pruppeu
1412 4380 1456 4418 am
1478 4363 1618 4419 Gardesee

317 4444 386 4499 iiber
407 4444 612 4500 venetianisehe
633 4444 811 4501 Streirkrtfte
831 4446 1053 4516 davongetragon
1075 4446 1185 4515 hatten,
1204 4446 1232 4498 in
1255 4444 1445 4499 Deutsehland
1465 4446 1505 4499 als
1525 4463 1620 4515 grosse

316 4524 397 4597 Siege
423 4526 573 4582 verbreitet
600 4544 633 4580 zu
659 4525 726 4581 sein.
767 4525 832 4597 Vgl.
853 4524 887 4579 G.
906 4524 1020 4591 Weber,
1048 4524 1222 4597 Allgemeine
1251 4525 1492 4597 Weltgeschiehte
1520 4524 1570 4579 Bu.
1594 4526 1620 4597 9,
