<?xml version="1.0" encoding="UTF-8"?>
<!DOCTYPE html PUBLIC "-//W3C//DTD XHTML 1.0 Transitional//EN"
    "http://www.w3.org/TR/xhtml1/DTD/xhtml1-transitional.dtd">
<html xmlns="http://www.w3.org/1999/xhtml" xml:lang="en" lang="en">
 <head>
  <title>
</title>
<meta http-equiv="Content-Type" content="text/html;charset=utf-8" />
  <meta name='ocr-system' content='tesseract 3.04.00' />
  <meta name='ocr-capabilities' content='ocr_page ocr_carea ocr_par ocr_line ocrx_word'/>
</head>
<body>
  <div class='ocr_page' id='page_1' title='image "./derbriefwechsel00sachgoog_0451.png"; bbox 0 0 3625 5192; ppageno 0'>
   <div class='ocr_carea' id='block_1_1' title="bbox 313 343 1249 421">
    <p class='ocr_par' dir='ltr' id='par_1_1' title="bbox 313 343 1249 421">
     <span class='ocr_line' id='line_1_1' title="bbox 313 343 1249 421; baseline 0.005 -17"><span class='ocrx_word' id='word_1_1' title='bbox 313 343 365 405; x_wconf 71' lang='grc'><strong>382</strong></span> <span class='ocrx_word' id='word_1_2' title='bbox 684 343 944 421; x_wconf 80' lang='lat' dir='ltr'><strong>(ieschiclrtsqoellen</strong></span> <span class='ocrx_word' id='word_1_3' title='bbox 964 348 1012 408; x_wconf 84' lang='lat' dir='ltr'><strong>der</strong></span> <span class='ocrx_word' id='word_1_4' title='bbox 1030 344 1105 409; x_wconf 76' lang='lat' dir='ltr'><strong>Pron.</strong></span> <span class='ocrx_word' id='word_1_5' title='bbox 1125 345 1249 410; x_wconf 83' lang='lat' dir='ltr'><strong>Sachscn.</strong></span> 
     </span>
    </p>
   </div>
   <div class='ocr_carea' id='block_1_2' title="bbox 313 499 1622 690">
    <p class='ocr_par' dir='ltr' id='par_1_2' title="bbox 313 499 1622 690">
     <span class='ocr_line' id='line_1_2' title="bbox 314 499 1622 587; baseline 0.004 -23"><span class='ocrx_word' id='word_1_6' title='bbox 314 519 422 565; x_wconf 87' lang='lat' dir='ltr'><strong>cesare</strong></span> <span class='ocrx_word' id='word_1_7' title='bbox 455 500 487 563; x_wconf 92' lang='lat' dir='ltr'><strong>in</strong></span> <span class='ocrx_word' id='word_1_8' title='bbox 520 499 653 565; x_wconf 81' lang='lat' dir='ltr'><strong>Colonia</strong></span> <span class='ocrx_word' id='word_1_9' title='bbox 683 502 863 585; x_wconf 80' lang='lat' dir='ltr'><strong>Agrippina</strong></span> <span class='ocrx_word' id='word_1_10' title='bbox 895 503 1046 568; x_wconf 89' lang='lat' dir='ltr'><strong>coronati.</strong></span> <span class='ocrx_word' id='word_1_11' title='bbox 1101 503 1224 567; x_wconf 82' lang='lat' dir='ltr'><strong>Dicitur</strong></span> <span class='ocrx_word' id='word_1_12' title='bbox 1254 522 1324 567; x_wconf 87' lang='lat' dir='ltr'><strong>esse</strong></span> <span class='ocrx_word' id='word_1_13' title='bbox 1354 506 1557 587; x_wconf 79' lang='lat' dir='ltr'><strong>geographus</strong></span> <span class='ocrx_word' id='word_1_14' title='bbox 1588 511 1622 570; x_wconf 90' lang='lat' dir='ltr'><strong>et</strong></span> 
     </span>
     <span class='ocr_line' id='line_1_3' title="bbox 313 601 1619 690; baseline 0.005 -25"><span class='ocrx_word' id='word_1_15' title='bbox 313 601 408 667; x_wconf 86' lang='lat' dir='ltr'><strong>valde</strong></span> <span class='ocrx_word' id='word_1_16' title='bbox 437 605 557 686; x_wconf 87' lang='lat' dir='ltr'><strong>peritus</strong></span> <span class='ocrx_word' id='word_1_17' title='bbox 581 604 813 685; x_wconf 80' lang='lat' dir='ltr'><strong>antiquitatis.¹</strong></span> <span class='ocrx_word' id='word_1_18' title='bbox 837 605 973 669; x_wconf 85' lang='lat' dir='ltr'><strong>Omilias</strong></span> <span class='ocrx_word' id='word_1_19' title='bbox 1000 605 1184 687; x_wconf 83' lang='lat' dir='ltr'>Hieronymi</span> <span class='ocrx_word' id='word_1_20' title='bbox 1214 614 1355 688; x_wconf 82' lang='lat' dir='ltr'><strong>expecto.</strong></span> <span class='ocrx_word' id='word_1_21' title='bbox 1398 608 1495 672; x_wconf 84' lang='lat' dir='ltr'><strong>Faxit</strong></span> <span class='ocrx_word' id='word_1_22' title='bbox 1523 607 1619 690; x_wconf 83' lang='lat' dir='ltr'><strong>Deus,</strong></span> 
     </span>
    </p>
   </div>
   <div class='ocr_carea' id='block_1_3' title="bbox 313 703 1620 871">
    <p class='ocr_par' dir='ltr' id='par_1_3' title="bbox 313 703 1620 871">
     <span class='ocr_line' id='line_1_4' title="bbox 313 703 1620 793; baseline 0.003 -24"><span class='ocrx_word' id='word_1_23' title='bbox 313 711 348 770; x_wconf 91' lang='lat' dir='ltr'><strong>ut</strong></span> <span class='ocrx_word' id='word_1_24' title='bbox 367 703 446 769; x_wconf 82' lang='lat' dir='ltr'><strong>lelix</strong></span> <span class='ocrx_word' id='word_1_25' title='bbox 474 706 517 769; x_wconf 89' lang='lat' dir='ltr'><strong>sit</strong></span> <span class='ocrx_word' id='word_1_26' title='bbox 536 713 591 770; x_wconf 90' lang='lat' dir='ltr'><strong>tua</strong></span> <span class='ocrx_word' id='word_1_27' title='bbox 612 707 671 770; x_wconf 86' lang='lat' dir='ltr'><strong>tibi</strong></span> <span class='ocrx_word' id='word_1_28' title='bbox 700 713 731 770; x_wconf 88' lang='lat' dir='ltr'><strong>et</strong></span> <span class='ocrx_word' id='word_1_29' title='bbox 756 707 861 783; x_wconf 89' lang='lat' dir='ltr'><strong>nobis,</strong></span> <span class='ocrx_word' id='word_1_30' title='bbox 893 708 946 789; x_wconf 88' lang='lat' dir='ltr'><strong>qui</strong></span> <span class='ocrx_word' id='word_1_31' title='bbox 969 709 1160 787; x_wconf 76' lang='lat' dir='ltr'><strong>misenum,</strong></span> <span class='ocrx_word' id='word_1_32' title='bbox 1191 708 1366 773; x_wconf 81' lang='lat' dir='ltr'><strong>literatorie</strong></span> <span class='ocrx_word' id='word_1_33' title='bbox 1395 712 1620 793; x_wconf 76' lang='lat' dir='ltr'><strong>peregrinatio.</strong></span> 
     </span>
     <span class='ocr_line' id='line_1_5' title="bbox 393 805 483 871; baseline -0.022 0"><span class='ocrx_word' id='word_1_34' title='bbox 393 805 483 871; x_wconf 87' lang='lat' dir='ltr'><strong>Vale.</strong></span> 
     </span>
    </p>
   </div>
   <div class='ocr_carea' id='block_1_4' title="bbox 383 907 1618 1097">
    <p class='ocr_par' dir='ltr' id='par_1_4' title="bbox 383 907 1618 1097">
     <span class='ocr_line' id='line_1_6' title="bbox 393 907 733 975; baseline 0.009 -3"><span class='ocrx_word' id='word_1_35' title='bbox 393 907 453 973; x_wconf 93' lang='lat' dir='ltr'><strong>VII</strong></span> <span class='ocrx_word' id='word_1_36' title='bbox 473 908 574 974; x_wconf 83' lang='lat' dir='ltr'><strong>llidus</strong></span> <span class='ocrx_word' id='word_1_37' title='bbox 595 910 733 975; x_wconf 81' lang='lat' dir='ltr'><strong>Sextilis.</strong></span> 
     </span>
     <span class='ocr_line' id='line_1_7' title="bbox 383 1030 1618 1097; baseline 0.005 -19"><span class='ocrx_word' id='word_1_38' title='bbox 383 1032 563 1079; x_wconf 83' lang='lat' dir='ltr'><strong>Handsclrrit&#39;tl.</strong></span> <span class='ocrx_word' id='word_1_39' title='bbox 574 1030 654 1077; x_wconf 74' lang='lat' dir='ltr'><strong>usto</strong></span> <span class='ocrx_word' id='word_1_40' title='bbox 672 1032 713 1078; x_wconf 80' lang='lat' dir='ltr'><strong>fol.</strong></span> <span class='ocrx_word' id='word_1_41' title='bbox 725 1032 831 1078; x_wconf 76' lang='lat' dir='ltr'><strong>ator-</strong></span> <span class='ocrx_word' id='word_1_42' title='bbox 841 1032 922 1079; x_wconf 72' lang='lat' dir='ltr'><strong>stov.</strong></span> <span class='ocrx_word' id='word_1_43' title='bbox 959 1033 1034 1081; x_wconf 81' lang='lat' dir='ltr'><strong>(ledr.</strong></span> <span class='ocrx_word' id='word_1_44' title='bbox 1053 1035 1076 1081; x_wconf 92' lang='lat' dir='ltr'><strong>b.</strong></span> <span class='ocrx_word' id='word_1_45' title='bbox 1087 1034 1153 1081; x_wconf 67' lang='grc' dir='ltr'><strong>Γ1111.</strong></span> <span class='ocrx_word' id='word_1_46' title='bbox 1167 1032 1216 1081; x_wconf 78' lang='grc'><strong>165</strong></span> <span class='ocrx_word' id='word_1_47' title='bbox 1235 1051 1280 1082; x_wconf 84' lang='lat' dir='ltr'><strong>uon</strong></span> <span class='ocrx_word' id='word_1_48' title='bbox 1294 1036 1347 1082; x_wconf 88' lang='lat' dir='ltr'><strong>lloc</strong></span> <span class='ocrx_word' id='word_1_49' title='bbox 1367 1038 1485 1097; x_wconf 88' lang='lat' dir='ltr'><strong>temporis</strong></span> <span class='ocrx_word' id='word_1_50' title='bbox 1503 1036 1539 1082; x_wconf 81' lang='lat' dir='ltr'><strong>ln&#39;s</strong></span> <span class='ocrx_word' id='word_1_51' title='bbox 1549 1038 1618 1085; x_wconf 85' lang='lat' dir='ltr'><strong>Vale.</strong></span> 
     </span>
    </p>
   </div>
   <div class='ocr_carea' id='block_1_5' title="bbox 313 1339 1617 1433">
    <p class='ocr_par' dir='ltr' id='par_1_5' title="bbox 313 1339 1617 1433">
     <span class='ocr_line' id='line_1_8' title="bbox 313 1339 1617 1433; baseline 0.006 -24"><span class='ocrx_word' id='word_1_52' title='bbox 313 1342 397 1409; x_wconf 75' lang='grc'><strong>295.</strong></span> <span class='ocrx_word' id='word_1_53' title='bbox 419 1339 463 1415; x_wconf 85' lang='lat' dir='ltr'><strong>ll.</strong></span> <span class='ocrx_word' id='word_1_54' title='bbox 485 1360 531 1410; x_wconf 85' lang='lat' dir='ltr'><strong>an</strong></span> <span class='ocrx_word' id='word_1_55' title='bbox 553 1341 789 1413; x_wconf 78' lang='lat' dir='ltr'><strong>Trlthcmlus.</strong></span> <span class='ocrx_word' id='word_1_56' title='bbox 1151 1346 1281 1433; x_wconf 77' lang='lat' dir='ltr'><strong>(liotha</strong></span> <span class='ocrx_word' id='word_1_57' title='bbox 1293 1347 1405 1429; x_wconf 76' lang='lat'>1513.)</span> <span class='ocrx_word' id='word_1_58' title='bbox 1436 1349 1617 1433; x_wconf 72' lang='lat' dir='ltr'><strong>Augusti).</strong></span> 
     </span>
    </p>
   </div>
   <div class='ocr_carea' id='block_1_6' title="bbox 382 1468 1595 1534">
    <p class='ocr_par' dir='ltr' id='par_1_6' title="bbox 382 1468 1595 1534">
     <span class='ocr_line' id='line_1_9' title="bbox 382 1468 1595 1534; baseline 0.006 -20"><span class='ocrx_word' id='word_1_59' title='bbox 382 1468 443 1515; x_wconf 75' lang='lat' dir='ltr'><strong>tint,</strong></span> <span class='ocrx_word' id='word_1_60' title='bbox 464 1468 591 1528; x_wconf 83' lang='lat' dir='ltr'><strong>emptielrlt</strong></span> <span class='ocrx_word' id='word_1_61' title='bbox 609 1469 665 1515; x_wconf 87' lang='lat' dir='ltr'><strong>dem</strong></span> <span class='ocrx_word' id='word_1_62' title='bbox 675 1469 826 1516; x_wconf 86' lang='lat' dir='ltr'><strong>Trithemius</strong></span> <span class='ocrx_word' id='word_1_63' title='bbox 844 1470 893 1515; x_wconf 89' lang='lat' dir='ltr'><strong>deu</strong></span> <span class='ocrx_word' id='word_1_64' title='bbox 912 1470 957 1515; x_wconf 80' lang='lat' dir='ltr'><strong>ani</strong></span> <span class='ocrx_word' id='word_1_65' title='bbox 973 1470 1017 1516; x_wconf 89' lang='lat' dir='ltr'><strong>der</strong></span> <span class='ocrx_word' id='word_1_66' title='bbox 1035 1470 1209 1519; x_wconf 82' lang='lat' dir='ltr'><strong>italicnisclren</strong></span> <span class='ocrx_word' id='word_1_67' title='bbox 1220 1472 1293 1519; x_wconf 73' lang='lat' dir='ltr'><strong>Reice</strong></span> <span class='ocrx_word' id='word_1_68' title='bbox 1311 1474 1465 1533; x_wconf 82' lang='lat' dir='ltr'><strong>bcgrlffanen</strong></span> <span class='ocrx_word' id='word_1_69' title='bbox 1476 1476 1595 1534; x_wconf 84' lang='lat' dir='ltr'><strong>Petrejus.</strong></span> 
     </span>
    </p>
   </div>
   <div class='ocr_carea' id='block_1_7' title="bbox 309 1567 1628 4097">
    <p class='ocr_par' dir='ltr' id='par_1_7' title="bbox 312 1567 1618 1748">
     <span class='ocr_line' id='line_1_10' title="bbox 391 1567 1618 1656; baseline 0.004 -25"><span class='ocrx_word' id='word_1_70' title='bbox 391 1567 600 1632; x_wconf 86' lang='lat' dir='ltr'><strong>Sacrosancto</strong></span> <span class='ocrx_word' id='word_1_71' title='bbox 617 1568 699 1649; x_wconf 91' lang='lat' dir='ltr'><strong>patri</strong></span> <span class='ocrx_word' id='word_1_72' title='bbox 711 1567 840 1632; x_wconf 80' lang='lat' dir='ltr'><strong>loanni²</strong></span> <span class='ocrx_word' id='word_1_73' title='bbox 853 1567 1058 1649; x_wconf 82' lang='lat' dir='ltr'><strong>Triternio,</strong></span> <span class='ocrx_word' id='word_1_74' title='bbox 1076 1567 1159 1632; x_wconf 89' lang='lat' dir='ltr'><strong>abbe</strong></span> <span class='ocrx_word' id='word_1_75' title='bbox 1168 1569 1389 1653; x_wconf 89' lang='lat' dir='ltr'><strong>llerbipolensi</strong></span> <span class='ocrx_word' id='word_1_76' title='bbox 1399 1572 1420 1643; x_wconf 86' lang='lat'><strong>¹,</strong></span> <span class='ocrx_word' id='word_1_77' title='bbox 1442 1574 1618 1656; x_wconf 75' lang='lat' dir='ltr'><strong>preceptori</strong></span> 
     </span>
     <span class='ocr_line' id='line_1_11' title="bbox 312 1669 1461 1748; baseline 0.001 -14"><span class='ocrx_word' id='word_1_78' title='bbox 312 1678 360 1734; x_wconf 85' lang='lat' dir='ltr'><strong>ter</strong></span> <span class='ocrx_word' id='word_1_79' title='bbox 381 1670 527 1748; x_wconf 72' lang='lat' dir='ltr'><strong>unanimo,</strong></span> <span class='ocrx_word' id='word_1_80' title='bbox 550 1669 711 1733; x_wconf 89' lang='lat' dir='ltr'><strong>Mutianus</strong></span> <span class='ocrx_word' id='word_1_81' title='bbox 732 1670 840 1734; x_wconf 82' lang='lat' dir='ltr'><strong>Rullus.</strong></span> <span class='ocrx_word' id='word_1_82' title='bbox 1458 1737 1461 1742; x_wconf 76' lang='grc'><strong>,</strong></span> 
     </span>
    </p>

    <p class='ocr_par' dir='ltr' id='par_1_8' title="bbox 309 1760 1628 4097">
     <span class='ocr_line' id='line_1_12' title="bbox 392 1760 1621 1854; baseline 0.003 -19"><span class='ocrx_word' id='word_1_83' title='bbox 392 1771 424 1835; x_wconf 88' lang='lat' dir='ltr'><strong>S.</strong></span> <span class='ocrx_word' id='word_1_84' title='bbox 467 1770 712 1852; x_wconf 85' lang='lat' dir='ltr'><strong>intereruditos,</strong></span> <span class='ocrx_word' id='word_1_85' title='bbox 734 1760 917 1836; x_wconf 81' lang='lat' dir='ltr'><strong>doctissime</strong></span> <span class='ocrx_word' id='word_1_86' title='bbox 938 1779 1037 1854; x_wconf 88' lang='lat' dir='ltr'><strong>pater,</strong></span> <span class='ocrx_word' id='word_1_87' title='bbox 1058 1772 1110 1853; x_wconf 85' lang='lat' dir='ltr'><strong>qui</strong></span> <span class='ocrx_word' id='word_1_88' title='bbox 1132 1772 1172 1837; x_wconf 91' lang='lat' dir='ltr'><strong>de</strong></span> <span class='ocrx_word' id='word_1_89' title='bbox 1194 1780 1248 1837; x_wconf 87' lang='lat' dir='ltr'><strong>tua</strong></span> <span class='ocrx_word' id='word_1_90' title='bbox 1269 1774 1463 1838; x_wconf 78' lang='lat' dir='ltr'><strong>excellencia</strong></span> <span class='ocrx_word' id='word_1_91' title='bbox 1486 1775 1621 1840; x_wconf 91' lang='lat' dir='ltr'><strong>tideliter</strong></span> 
     </span>
     <span class='ocr_line' id='line_1_13' title="bbox 314 1873 1620 1958; baseline 0.003 -23"><span class='ocrx_word' id='word_1_92' title='bbox 314 1880 346 1936; x_wconf 93' lang='lat' dir='ltr'><strong>et</strong></span> <span class='ocrx_word' id='word_1_93' title='bbox 367 1873 470 1939; x_wconf 85' lang='lat' dir='ltr'><strong>amice</strong></span> <span class='ocrx_word' id='word_1_94' title='bbox 491 1873 659 1955; x_wconf 87' lang='lat' dir='ltr'><strong>loquuntur</strong></span> <span class='ocrx_word' id='word_1_95' title='bbox 679 1875 870 1952; x_wconf 87' lang='lat' dir='ltr'><strong>etsentiont‚</strong></span> <span class='ocrx_word' id='word_1_96' title='bbox 895 1882 929 1937; x_wconf 91' lang='lat' dir='ltr'><strong>ut</strong></span> <span class='ocrx_word' id='word_1_97' title='bbox 950 1874 1030 1937; x_wconf 85' lang='lat' dir='ltr'><strong>alios</strong></span> <span class='ocrx_word' id='word_1_98' title='bbox 1050 1876 1173 1939; x_wconf 83' lang='lat' dir='ltr'><strong>fortune</strong></span> <span class='ocrx_word' id='word_1_99' title='bbox 1194 1894 1249 1939; x_wconf 90' lang='lat' dir='ltr'><strong>sue</strong></span> <span class='ocrx_word' id='word_1_100' title='bbox 1271 1874 1416 1957; x_wconf 75' lang='lat' dir='ltr'><strong>tarneque</strong></span> <span class='ocrx_word' id='word_1_101' title='bbox 1437 1877 1620 1958; x_wconf 83' lang='lat' dir='ltr'><strong>relinquam,</strong></span> 
     </span>
     <span class='ocr_line' id='line_1_14' title="bbox 312 1974 1621 2062; baseline 0.002 -23"><span class='ocrx_word' id='word_1_102' title='bbox 312 1975 431 2039; x_wconf 88' lang='lat' dir='ltr'><strong>eminet</strong></span> <span class='ocrx_word' id='word_1_103' title='bbox 450 1975 605 2056; x_wconf 80' lang='lat' dir='ltr'><strong>singulari</strong></span> <span class='ocrx_word' id='word_1_104' title='bbox 629 1974 1173 2059; x_wconf 85' lang='lat' dir='ltr'><strong>doctrinaPetreiusApcrbueclrns,</strong></span> <span class='ocrx_word' id='word_1_105' title='bbox 1194 1980 1346 2059; x_wconf 87' lang='lat' dir='ltr'><strong>magister</strong></span> <span class='ocrx_word' id='word_1_106' title='bbox 1366 1976 1621 2062; x_wconf 88' lang='lat' dir='ltr'><strong>Erphurdiensis,</strong></span> 
     </span>
     <span class='ocr_line' id='line_1_15' title="bbox 312 2076 1620 2161; baseline 0.002 -21"><span class='ocrx_word' id='word_1_107' title='bbox 312 2076 390 2141; x_wconf 89' lang='lat' dir='ltr'><strong>mihi</strong></span> <span class='ocrx_word' id='word_1_108' title='bbox 420 2078 630 2142; x_wconf 83' lang='lat' dir='ltr'><strong>amicissimus</strong></span> <span class='ocrx_word' id='word_1_109' title='bbox 658 2076 802 2159; x_wconf 87' lang='lat' dir='ltr'><strong>adeoque</strong></span> <span class='ocrx_word' id='word_1_110' title='bbox 829 2076 931 2141; x_wconf 91' lang='lat' dir='ltr'><strong>cultus</strong></span> <span class='ocrx_word' id='word_1_111' title='bbox 958 2090 990 2141; x_wconf 88' lang='lat' dir='ltr'><strong>et</strong></span> <span class='ocrx_word' id='word_1_112' title='bbox 1016 2078 1146 2157; x_wconf 87' lang='lat' dir='ltr'><strong>elegans</strong></span> <span class='ocrx_word' id='word_1_113' title='bbox 1173 2088 1304 2161; x_wconf 86' lang='lat' dir='ltr'><strong>utraque</strong></span> <span class='ocrx_word' id='word_1_114' title='bbox 1334 2079 1459 2160; x_wconf 87' lang='lat' dir='ltr'><strong>lingua,</strong></span> <span class='ocrx_word' id='word_1_115' title='bbox 1486 2088 1520 2142; x_wconf 93' lang='lat' dir='ltr'><strong>ut</strong></span> <span class='ocrx_word' id='word_1_116' title='bbox 1551 2100 1620 2143; x_wconf 89' lang='lat' dir='ltr'><strong>cunr</strong></span> 
     </span>
     <span class='ocr_line' id='line_1_16' title="bbox 312 2179 1621 2265; baseline 0.003 -23"><span class='ocrx_word' id='word_1_117' title='bbox 312 2179 465 2262; x_wconf 81' lang='lat' dir='ltr'><strong>preclaris</strong></span> <span class='ocrx_word' id='word_1_118' title='bbox 492 2180 630 2259; x_wconf 88' lang='lat' dir='ltr'><strong>ingeniis</strong></span> <span class='ocrx_word' id='word_1_119' title='bbox 658 2181 754 2244; x_wconf 90' lang='lat' dir='ltr'><strong>etiam</strong></span> <span class='ocrx_word' id='word_1_120' title='bbox 783 2181 997 2261; x_wconf 86' lang='lat' dir='ltr'><strong>antiquorum,</strong></span> <span class='ocrx_word' id='word_1_121' title='bbox 1027 2200 1105 2261; x_wconf 83' lang='lat' dir='ltr'><strong>quos</strong></span> <span class='ocrx_word' id='word_1_122' title='bbox 1130 2180 1337 2257; x_wconf 85' lang='lat' dir='ltr'><strong>admiramur,</strong></span> <span class='ocrx_word' id='word_1_123' title='bbox 1364 2189 1483 2245; x_wconf 84' lang='lat' dir='ltr'><strong>certare</strong></span> <span class='ocrx_word' id='word_1_124' title='bbox 1512 2182 1621 2265; x_wconf 87' lang='lat' dir='ltr'><strong>possit.</strong></span> 
     </span>
     <span class='ocr_line' id='line_1_17' title="bbox 312 2280 1622 2365; baseline 0.002 -20"><span class='ocrx_word' id='word_1_125' title='bbox 312 2281 405 2345; x_wconf 88' lang='lat' dir='ltr'><strong>Nosti</strong></span> <span class='ocrx_word' id='word_1_126' title='bbox 437 2282 506 2345; x_wconf 89' lang='lat' dir='ltr'><strong>eins</strong></span> <span class='ocrx_word' id='word_1_127' title='bbox 540 2290 661 2365; x_wconf 84' lang='lat' dir='ltr'><strong>patrem</strong></span> <span class='ocrx_word' id='word_1_128' title='bbox 688 2282 858 2363; x_wconf 81' lang='lat' dir='ltr'><strong>Georgium</strong></span> <span class='ocrx_word' id='word_1_129' title='bbox 880 2280 1154 2363; x_wconf 60' lang='lat' dir='ltr'><strong>Aperbacclrurnl,</strong></span> <span class='ocrx_word' id='word_1_130' title='bbox 1181 2280 1336 2345; x_wconf 87' lang='lat' dir='ltr'><strong>medicum</strong></span> <span class='ocrx_word' id='word_1_131' title='bbox 1365 2290 1558 2365; x_wconf 88' lang='lat' dir='ltr'><strong>prestantem</strong></span> <span class='ocrx_word' id='word_1_132' title='bbox 1591 2290 1622 2347; x_wconf 87' lang='lat' dir='ltr'><strong>et</strong></span> 
     </span>
     <span class='ocr_line' id='line_1_18' title="bbox 313 2382 1620 2470; baseline 0 -23"><span class='ocrx_word' id='word_1_133' title='bbox 313 2383 499 2461; x_wconf 88' lang='lat' dir='ltr'><strong>humanum,</strong></span> <span class='ocrx_word' id='word_1_134' title='bbox 524 2384 579 2463; x_wconf 87' lang='lat' dir='ltr'><strong>qui</strong></span> <span class='ocrx_word' id='word_1_135' title='bbox 600 2391 631 2446; x_wconf 90' lang='lat' dir='ltr'><strong>te</strong></span> <span class='ocrx_word' id='word_1_136' title='bbox 652 2385 788 2470; x_wconf 85' lang='lat' dir='ltr'><strong>amavit,</strong></span> <span class='ocrx_word' id='word_1_137' title='bbox 816 2382 1009 2466; x_wconf 81' lang='lat' dir='ltr'><strong>predicavit,</strong></span> <span class='ocrx_word' id='word_1_138' title='bbox 1036 2384 1217 2447; x_wconf 86' lang='lat' dir='ltr'><strong>observavit</strong></span> <span class='ocrx_word' id='word_1_139' title='bbox 1238 2394 1269 2448; x_wconf 92' lang='lat' dir='ltr'><strong>et</strong></span> <span class='ocrx_word' id='word_1_140' title='bbox 1291 2404 1360 2447; x_wconf 90' lang='lat' dir='ltr'><strong>curn</strong></span> <span class='ocrx_word' id='word_1_141' title='bbox 1384 2384 1441 2448; x_wconf 88' lang='lat' dir='ltr'><strong>tibi</strong></span> <span class='ocrx_word' id='word_1_142' title='bbox 1469 2385 1620 2449; x_wconf 87' lang='lat' dir='ltr'><strong>bonarum</strong></span> 
     </span>
     <span class='ocr_line' id='line_1_19' title="bbox 314 2483 1621 2569; baseline 0.002 -20"><span class='ocrx_word' id='word_1_143' title='bbox 314 2486 434 2549; x_wconf 86' lang='lat' dir='ltr'><strong>arcium</strong></span> <span class='ocrx_word' id='word_1_144' title='bbox 461 2483 640 2548; x_wconf 88' lang='lat' dir='ltr'><strong>thesaurum</strong></span> <span class='ocrx_word' id='word_1_145' title='bbox 671 2485 820 2569; x_wconf 86' lang='lat' dir='ltr'><strong>privatim</strong></span> <span class='ocrx_word' id='word_1_146' title='bbox 853 2493 885 2549; x_wconf 89' lang='lat' dir='ltr'><strong>et</strong></span> <span class='ocrx_word' id='word_1_147' title='bbox 918 2484 1043 2569; x_wconf 89' lang='lat' dir='ltr'><strong>publice</strong></span> <span class='ocrx_word' id='word_1_148' title='bbox 1075 2485 1226 2549; x_wconf 87' lang='lat' dir='ltr'><strong>tribueret</strong></span> <span class='ocrx_word' id='word_1_149' title='bbox 1254 2494 1346 2567; x_wconf 87' lang='lat' dir='ltr'><strong>teque</strong></span> <span class='ocrx_word' id='word_1_150' title='bbox 1378 2506 1472 2550; x_wconf 89' lang='lat' dir='ltr'><strong>unum</strong></span> <span class='ocrx_word' id='word_1_151' title='bbox 1499 2488 1621 2551; x_wconf 91' lang='lat' dir='ltr'><strong>ratione</strong></span> 
     </span>
     <span class='ocr_line' id='line_1_20' title="bbox 312 2586 1623 2665; baseline -0.001 -14"><span class='ocrx_word' id='word_1_152' title='bbox 312 2586 486 2651; x_wconf 89' lang='lat' dir='ltr'><strong>studiorum</strong></span> <span class='ocrx_word' id='word_1_153' title='bbox 513 2595 637 2649; x_wconf 90' lang='lat' dir='ltr'><strong>tuorum</strong></span> <span class='ocrx_word' id='word_1_154' title='bbox 674 2593 707 2650; x_wconf 91' lang='lat' dir='ltr'><strong>ut</strong></span> <span class='ocrx_word' id='word_1_155' title='bbox 734 2607 848 2651; x_wconf 87' lang='lat' dir='ltr'><strong>numen</strong></span> <span class='ocrx_word' id='word_1_156' title='bbox 875 2595 1015 2651; x_wconf 88' lang='lat' dir='ltr'><strong>eternum</strong></span> <span class='ocrx_word' id='word_1_157' title='bbox 1046 2586 1176 2650; x_wconf 86' lang='lat' dir='ltr'><strong>cottidie</strong></span> <span class='ocrx_word' id='word_1_158' title='bbox 1209 2594 1423 2665; x_wconf 86' lang='lat' dir='ltr'><strong>veneraretur,</strong></span> <span class='ocrx_word' id='word_1_159' title='bbox 1451 2587 1623 2652; x_wconf 89' lang='lat' dir='ltr'><strong>hauserunt</strong></span> 
     </span>
     <span class='ocr_line' id='line_1_21' title="bbox 311 2674 1621 2770; baseline 0.002 -19"><span class='ocrx_word' id='word_1_160' title='bbox 311 2708 352 2751; x_wconf 81' lang='lat' dir='ltr'><strong>ex</strong></span> <span class='ocrx_word' id='word_1_161' title='bbox 374 2694 504 2770; x_wconf 87' lang='lat' dir='ltr'><strong>paterno</strong></span> <span class='ocrx_word' id='word_1_162' title='bbox 524 2687 667 2753; x_wconf 87' lang='lat' dir='ltr'><strong>instituto</strong></span> <span class='ocrx_word' id='word_1_163' title='bbox 697 2689 741 2751; x_wconf 94' lang='lat' dir='ltr'><strong>tui</strong></span> <span class='ocrx_word' id='word_1_164' title='bbox 771 2674 986 2753; x_wconf 81' lang='lat' dir='ltr'><strong>reverenciam</strong></span> <span class='ocrx_word' id='word_1_165' title='bbox 1013 2688 1070 2751; x_wconf 91' lang='lat' dir='ltr'><strong>lilii</strong></span> <span class='ocrx_word' id='word_1_166' title='bbox 1091 2687 1171 2767; x_wconf 88' lang='lat' dir='ltr'><strong>duo,</strong></span> <span class='ocrx_word' id='word_1_167' title='bbox 1201 2708 1330 2769; x_wconf 82' lang='lat' dir='ltr'><strong>quorum</strong></span> <span class='ocrx_word' id='word_1_168' title='bbox 1354 2690 1433 2752; x_wconf 87' lang='lat' dir='ltr'><strong>alter</strong></span> <span class='ocrx_word' id='word_1_169' title='bbox 1462 2690 1512 2753; x_wconf 88' lang='lat' dir='ltr'><strong>iric</strong></span> <span class='ocrx_word' id='word_1_170' title='bbox 1533 2692 1621 2753; x_wconf 88' lang='lat' dir='ltr'><strong>venit</strong></span> 
     </span>
     <span class='ocr_line' id='line_1_22' title="bbox 314 2789 1621 2872; baseline 0.003 -19"><span class='ocrx_word' id='word_1_171' title='bbox 314 2792 347 2853; x_wconf 93' lang='lat' dir='ltr'><strong>in</strong></span> <span class='ocrx_word' id='word_1_172' title='bbox 368 2789 572 2871; x_wconf 85' lang='lat' dir='ltr'><strong>colloquium,</strong></span> <span class='ocrx_word' id='word_1_173' title='bbox 600 2792 680 2854; x_wconf 88' lang='lat' dir='ltr'><strong>alter</strong></span> <span class='ocrx_word' id='word_1_174' title='bbox 701 2791 836 2872; x_wconf 87' lang='lat' dir='ltr'><strong>insignis</strong></span> <span class='ocrx_word' id='word_1_175' title='bbox 858 2790 1016 2855; x_wconf 87' lang='lat' dir='ltr'><strong>medicine</strong></span> <span class='ocrx_word' id='word_1_176' title='bbox 1042 2790 1149 2853; x_wconf 93' lang='lat' dir='ltr'><strong>doctor</strong></span> <span class='ocrx_word' id='word_1_177' title='bbox 1170 2791 1388 2854; x_wconf 87' lang='lat' dir='ltr'><strong>auctoritatem</strong></span> <span class='ocrx_word' id='word_1_178' title='bbox 1417 2791 1511 2854; x_wconf 85' lang='lat' dir='ltr'><strong>trahet</strong></span> <span class='ocrx_word' id='word_1_179' title='bbox 1539 2792 1621 2857; x_wconf 80' lang='lat' dir='ltr'><strong>iuter</strong></span> 
     </span>
     <span class='ocr_line' id='line_1_23' title="bbox 311 2890 1620 2975; baseline 0 -20"><span class='ocrx_word' id='word_1_180' title='bbox 311 2910 394 2957; x_wconf 88' lang='lat' dir='ltr'><strong>suos.</strong></span> <span class='ocrx_word' id='word_1_181' title='bbox 436 2890 531 2955; x_wconf 86' lang='lat' dir='ltr'><strong>Cordi</strong></span> <span class='ocrx_word' id='word_1_182' title='bbox 553 2900 602 2954; x_wconf 87' lang='lat' dir='ltr'><strong>est</strong></span> <span class='ocrx_word' id='word_1_183' title='bbox 622 2891 695 2955; x_wconf 87' lang='lat' dir='ltr'><strong>lrnic</strong></span> <span class='ocrx_word' id='word_1_184' title='bbox 717 2892 868 2956; x_wconf 85' lang='lat' dir='ltr'><strong>hebraica</strong></span> <span class='ocrx_word' id='word_1_185' title='bbox 888 2892 1062 2975; x_wconf 90' lang='lat' dir='ltr'><strong>disciplina</strong></span> <span class='ocrx_word' id='word_1_186' title='bbox 1088 2906 1183 2973; x_wconf 83' lang='lat' dir='ltr'><strong>atque</strong></span> <span class='ocrx_word' id='word_1_187' title='bbox 1205 2892 1276 2955; x_wconf 89' lang='lat' dir='ltr'><strong>ideo</strong></span> <span class='ocrx_word' id='word_1_188' title='bbox 1298 2900 1382 2954; x_wconf 87' lang='lat' dir='ltr'><strong>tuam</strong></span> <span class='ocrx_word' id='word_1_189' title='bbox 1413 2894 1562 2973; x_wconf 87' lang='lat' dir='ltr'><strong>pietatem</strong></span> <span class='ocrx_word' id='word_1_190' title='bbox 1588 2900 1620 2955; x_wconf 90' lang='lat' dir='ltr'><strong>et</strong></span> 
     </span>
     <span class='ocr_line' id='line_1_24' title="bbox 310 2992 1617 3077; baseline -0.001 -21"><span class='ocrx_word' id='word_1_191' title='bbox 310 2992 422 3056; x_wconf 87' lang='lat' dir='ltr'><strong>Ianum</strong></span> <span class='ocrx_word' id='word_1_192' title='bbox 442 2993 596 3057; x_wconf 84' lang='lat' dir='ltr'><strong>Renchlin</strong></span> <span class='ocrx_word' id='word_1_193' title='bbox 618 2995 686 3058; x_wconf 88' lang='lat' dir='ltr'><strong>sive</strong></span> <span class='ocrx_word' id='word_1_194' title='bbox 709 2994 921 3077; x_wconf 81' lang='lat' dir='ltr'><strong>Capoioneur,</strong></span> <span class='ocrx_word' id='word_1_195' title='bbox 942 2992 1022 3057; x_wconf 81' lang='lat' dir='ltr'><strong>uiiril</strong></span> <span class='ocrx_word' id='word_1_196' title='bbox 1045 3002 1151 3058; x_wconf 87' lang='lat' dir='ltr'><strong>tamen</strong></span> <span class='ocrx_word' id='word_1_197' title='bbox 1173 2996 1276 3057; x_wconf 79' lang='lat' dir='ltr'><strong>miurus</strong></span> <span class='ocrx_word' id='word_1_198' title='bbox 1297 3014 1391 3075; x_wconf 84' lang='lat' dir='ltr'><strong>quam</strong></span> <span class='ocrx_word' id='word_1_199' title='bbox 1413 2994 1617 3077; x_wconf 82' lang='lat' dir='ltr'><strong>Capnionern,</strong></span> 
     </span>
     <span class='ocr_line' id='line_1_25' title="bbox 312 3095 1619 3178; baseline -0.001 -19"><span class='ocrx_word' id='word_1_200' title='bbox 312 3096 451 3160; x_wconf 89' lang='lat' dir='ltr'><strong>salutare</strong></span> <span class='ocrx_word' id='word_1_201' title='bbox 470 3096 642 3160; x_wconf 90' lang='lat' dir='ltr'><strong>constituit.</strong></span> <span class='ocrx_word' id='word_1_202' title='bbox 686 3096 868 3159; x_wconf 82' lang='lat' dir='ltr'><strong>Delectatur</strong></span> <span class='ocrx_word' id='word_1_203' title='bbox 892 3096 988 3159; x_wconf 90' lang='lat' dir='ltr'><strong>etiam</strong></span> <span class='ocrx_word' id='word_1_204' title='bbox 1010 3115 1171 3177; x_wconf 86' lang='lat' dir='ltr'><strong>magorum</strong></span> <span class='ocrx_word' id='word_1_205' title='bbox 1196 3095 1429 3160; x_wconf 81' lang='lat' dir='ltr'><strong>honestioribus</strong></span> <span class='ocrx_word' id='word_1_206' title='bbox 1451 3096 1619 3178; x_wconf 82' lang='lat' dir='ltr'><strong>mysteriis,</strong></span> 
     </span>
     <span class='ocr_line' id='line_1_26' title="bbox 311 3198 1618 3281; baseline -0.001 -19"><span class='ocrx_word' id='word_1_207' title='bbox 311 3217 372 3279; x_wconf 90' lang='lat' dir='ltr'><strong>que</strong></span> <span class='ocrx_word' id='word_1_208' title='bbox 398 3198 457 3262; x_wconf 91' lang='lat' dir='ltr'><strong>tibi</strong></span> <span class='ocrx_word' id='word_1_209' title='bbox 486 3198 612 3280; x_wconf 89' lang='lat' dir='ltr'><strong>penitus</strong></span> <span class='ocrx_word' id='word_1_210' title='bbox 639 3208 807 3281; x_wconf 84' lang='lat' dir='ltr'><strong>perspecta</strong></span> <span class='ocrx_word' id='word_1_211' title='bbox 834 3206 907 3262; x_wconf 87' lang='lat' dir='ltr'><strong>sunt</strong></span> <span class='ocrx_word' id='word_1_212' title='bbox 934 3207 965 3262; x_wconf 91' lang='lat' dir='ltr'><strong>et</strong></span> <span class='ocrx_word' id='word_1_213' title='bbox 997 3199 1135 3281; x_wconf 86' lang='lat' dir='ltr'><strong>cognita.</strong></span> <span class='ocrx_word' id='word_1_214' title='bbox 1186 3198 1348 3263; x_wconf 86' lang='lat' dir='ltr'><strong>Modestus</strong></span> <span class='ocrx_word' id='word_1_215' title='bbox 1379 3210 1428 3262; x_wconf 85' lang='lat' dir='ltr'><strong>est</strong></span> <span class='ocrx_word' id='word_1_216' title='bbox 1457 3204 1488 3261; x_wconf 90' lang='lat' dir='ltr'><strong>et</strong></span> <span class='ocrx_word' id='word_1_217' title='bbox 1520 3199 1618 3262; x_wconf 90' lang='lat' dir='ltr'><strong>animi</strong></span> 
     </span>
     <span class='ocr_line' id='line_1_27' title="bbox 311 3298 1620 3385; baseline -0.002 -22"><span class='ocrx_word' id='word_1_218' title='bbox 311 3298 473 3381; x_wconf 80' lang='lat' dir='ltr'><strong>tranquilli</strong></span> <span class='ocrx_word' id='word_1_219' title='bbox 508 3306 539 3363; x_wconf 92' lang='lat' dir='ltr'><strong>et</strong></span> <span class='ocrx_word' id='word_1_220' title='bbox 567 3298 683 3380; x_wconf 87' lang='lat' dir='ltr'><strong>dignus</strong></span> <span class='ocrx_word' id='word_1_221' title='bbox 707 3308 762 3361; x_wconf 90' lang='lat' dir='ltr'><strong>tua</strong></span> <span class='ocrx_word' id='word_1_222' title='bbox 793 3300 943 3364; x_wconf 85' lang='lat' dir='ltr'><strong>familiari</strong></span> <span class='ocrx_word' id='word_1_223' title='bbox 972 3300 1200 3385; x_wconf 87' lang='lat' dir='ltr'><strong>disputacicnc.</strong></span> <span class='ocrx_word' id='word_1_224' title='bbox 1243 3301 1315 3364; x_wconf 89' lang='lat' dir='ltr'><strong>Non</strong></span> <span class='ocrx_word' id='word_1_225' title='bbox 1341 3302 1560 3384; x_wconf 88' lang='lat' dir='ltr'><strong>peregrinatur</strong></span> <span class='ocrx_word' id='word_1_226' title='bbox 1586 3306 1620 3361; x_wconf 91' lang='lat' dir='ltr'><strong>ut</strong></span> 
     </span>
     <span class='ocr_line' id='line_1_28' title="bbox 309 3400 1617 3484; baseline -0.001 -19"><span class='ocrx_word' id='word_1_227' title='bbox 309 3400 409 3475; x_wconf 90' lang='lat' dir='ltr'><strong>multi,</strong></span> <span class='ocrx_word' id='word_1_228' title='bbox 433 3402 485 3483; x_wconf 84' lang='lat' dir='ltr'><strong>qui</strong></span> <span class='ocrx_word' id='word_1_229' title='bbox 503 3400 658 3483; x_wconf 84' lang='lat' dir='ltr'><strong>vagantes</strong></span> <span class='ocrx_word' id='word_1_230' title='bbox 679 3420 714 3465; x_wconf 90' lang='lat' dir='ltr'><strong>se</strong></span> <span class='ocrx_word' id='word_1_231' title='bbox 734 3411 766 3463; x_wconf 90' lang='lat' dir='ltr'><strong>ct</strong></span> <span class='ocrx_word' id='word_1_232' title='bbox 782 3421 841 3465; x_wconf 88' lang='lat' dir='ltr'><strong>sua</strong></span> <span class='ocrx_word' id='word_1_233' title='bbox 862 3403 1084 3465; x_wconf 74' lang='lat' dir='ltr'><strong>circumlinunt</strong></span> <span class='ocrx_word' id='word_1_234' title='bbox 1105 3409 1137 3465; x_wconf 90' lang='lat' dir='ltr'><strong>ct</strong></span> <span class='ocrx_word' id='word_1_235' title='bbox 1158 3409 1318 3466; x_wconf 90' lang='lat' dir='ltr'><strong>ostentant</strong></span> <span class='ocrx_word' id='word_1_236' title='bbox 1345 3402 1429 3484; x_wconf 91' lang='lat' dir='ltr'><strong>pleni</strong></span> <span class='ocrx_word' id='word_1_237' title='bbox 1453 3401 1617 3483; x_wconf 90' lang='lat' dir='ltr'><strong>popularis</strong></span> 
     </span>
     <span class='ocr_line' id='line_1_29' title="bbox 310 3502 1618 3586; baseline -0.002 -19"><span class='ocrx_word' id='word_1_238' title='bbox 310 3524 396 3569; x_wconf 90' lang='lat' dir='ltr'><strong>aure.</strong></span> <span class='ocrx_word' id='word_1_239' title='bbox 438 3502 503 3567; x_wconf 87' lang='lat' dir='ltr'><strong>Sed</strong></span> <span class='ocrx_word' id='word_1_240' title='bbox 531 3514 697 3586; x_wconf 84' lang='lat' dir='ltr'><strong>postquam</strong></span> <span class='ocrx_word' id='word_1_241' title='bbox 728 3510 758 3567; x_wconf 89' lang='lat' dir='ltr'><strong>tc</strong></span> <span class='ocrx_word' id='word_1_242' title='bbox 784 3512 815 3568; x_wconf 89' lang='lat' dir='ltr'><strong>et</strong></span> <span class='ocrx_word' id='word_1_243' title='bbox 841 3504 994 3569; x_wconf 87' lang='lat' dir='ltr'><strong>Rcucirlin</strong></span> <span class='ocrx_word' id='word_1_244' title='bbox 1025 3506 1251 3569; x_wconf 85' lang='lat' dir='ltr'><strong>Gerrrranorunr</strong></span> <span class='ocrx_word' id='word_1_245' title='bbox 1279 3503 1509 3568; x_wconf 88' lang='lat' dir='ltr'><strong>eruditissimos</strong></span> <span class='ocrx_word' id='word_1_246' title='bbox 1536 3502 1618 3567; x_wconf 86' lang='lat' dir='ltr'><strong>salu·</strong></span> 
     </span>
     <span class='ocr_line' id='line_1_30' title="bbox 311 3604 1617 3689; baseline -0.002 -18"><span class='ocrx_word' id='word_1_247' title='bbox 311 3606 441 3685; x_wconf 87' lang='lat' dir='ltr'><strong>tavcrit,</strong></span> <span class='ocrx_word' id='word_1_248' title='bbox 466 3606 498 3669; x_wconf 93' lang='lat' dir='ltr'><strong>in</strong></span> <span class='ocrx_word' id='word_1_249' title='bbox 526 3604 652 3669; x_wconf 86' lang='lat' dir='ltr'><strong>ltaliam</strong></span> <span class='ocrx_word' id='word_1_250' title='bbox 674 3624 708 3669; x_wconf 93' lang='lat' dir='ltr'><strong>se</strong></span> <span class='ocrx_word' id='word_1_251' title='bbox 729 3606 871 3689; x_wconf 90' lang='lat' dir='ltr'><strong>recipiet.</strong></span> <span class='ocrx_word' id='word_1_252' title='bbox 914 3606 1004 3670; x_wconf 90' lang='lat' dir='ltr'><strong>Hunc</strong></span> <span class='ocrx_word' id='word_1_253' title='bbox 1031 3613 1095 3671; x_wconf 89' lang='lat' dir='ltr'><strong>tam</strong></span> <span class='ocrx_word' id='word_1_254' title='bbox 1119 3606 1280 3689; x_wconf 87' lang='lat' dir='ltr'><strong>egregium</strong></span> <span class='ocrx_word' id='word_1_255' title='bbox 1301 3607 1447 3671; x_wconf 87' lang='lat' dir='ltr'><strong>invenem</strong></span> <span class='ocrx_word' id='word_1_256' title='bbox 1469 3604 1617 3669; x_wconf 67' lang='lat' dir='ltr'><strong>charnnrl’</strong></span> 
     </span>
     <span class='ocr_line' id='line_1_31' title="bbox 311 3706 1616 3792; baseline -0.001 -21"><span class='ocrx_word' id='word_1_257' title='bbox 311 3708 430 3773; x_wconf 81' lang='lat' dir='ltr'><strong>habeat</strong></span> <span class='ocrx_word' id='word_1_258' title='bbox 457 3714 511 3771; x_wconf 90' lang='lat' dir='ltr'><strong>tua</strong></span> <span class='ocrx_word' id='word_1_259' title='bbox 538 3706 717 3792; x_wconf 25' lang='lat' dir='ltr'><strong>reverenda·</strong></span> <span class='ocrx_word' id='word_1_260' title='bbox 745 3710 930 3791; x_wconf 89' lang='lat' dir='ltr'><strong>paternitas.</strong></span> <span class='ocrx_word' id='word_1_261' title='bbox 986 3708 1054 3791; x_wconf 82' lang='lat' dir='ltr'><strong>Ego</strong></span> <span class='ocrx_word' id='word_1_262' title='bbox 1084 3709 1281 3792; x_wconf 80' lang='lat' dir='ltr'><strong>exploratum</strong></span> <span class='ocrx_word' id='word_1_263' title='bbox 1313 3708 1414 3773; x_wconf 87' lang='lat' dir='ltr'><strong>habeo</strong></span> <span class='ocrx_word' id='word_1_264' title='bbox 1447 3708 1616 3772; x_wconf 89' lang='lat' dir='ltr'><strong>relatorum</strong></span> 
     </span>
     <span class='ocr_line' id='line_1_32' title="bbox 311 3808 1617 3893; baseline -0.002 -19"><span class='ocrx_word' id='word_1_265' title='bbox 311 3808 485 3893; x_wconf 88' lang='lat' dir='ltr'><strong>aliquando</strong></span> <span class='ocrx_word' id='word_1_266' title='bbox 509 3810 662 3890; x_wconf 73' lang='lat' dir='ltr'><strong>gratiam⁰</strong></span> <span class='ocrx_word' id='word_1_267' title='bbox 695 3818 726 3872; x_wconf 88' lang='lat' dir='ltr'><strong>et</strong></span> <span class='ocrx_word' id='word_1_268' title='bbox 752 3811 922 3891; x_wconf 81' lang='lat' dir='ltr'><strong>quoniam‘1</strong></span> <span class='ocrx_word' id='word_1_269' title='bbox 955 3810 994 3874; x_wconf 93' lang='lat' dir='ltr'><strong>de</strong></span> <span class='ocrx_word' id='word_1_270' title='bbox 1022 3832 1071 3875; x_wconf 88' lang='lat' dir='ltr'><strong>me</strong></span> <span class='ocrx_word' id='word_1_271' title='bbox 1098 3812 1167 3893; x_wconf 85' lang='lat' dir='ltr'><strong>ipsc</strong></span> <span class='ocrx_word' id='word_1_272' title='bbox 1198 3810 1281 3874; x_wconf 84' lang='lat' dir='ltr'><strong>facio</strong></span> <span class='ocrx_word' id='word_1_273' title='bbox 1315 3810 1521 3891; x_wconf 90' lang='lat' dir='ltr'><strong>mentionem,</strong></span> <span class='ocrx_word' id='word_1_274' title='bbox 1556 3828 1617 3872; x_wconf 92' lang='lat' dir='ltr'><strong>non</strong></span> 
     </span>
     <span class='ocr_line' id='line_1_33' title="bbox 312 3910 1618 3995; baseline -0.003 -18"><span class='ocrx_word' id='word_1_275' title='bbox 312 3912 452 3977; x_wconf 89' lang='lat' dir='ltr'><strong>alienum</strong></span> <span class='ocrx_word' id='word_1_276' title='bbox 473 3930 544 3976; x_wconf 88' lang='lat' dir='ltr'><strong>esse</strong></span> <span class='ocrx_word' id='word_1_277' title='bbox 566 3910 689 3975; x_wconf 90' lang='lat' dir='ltr'><strong>videtur</strong></span> <span class='ocrx_word' id='word_1_278' title='bbox 709 3915 820 3993; x_wconf 90' lang='lat' dir='ltr'><strong>paucis</strong></span> <span class='ocrx_word' id='word_1_279' title='bbox 841 3920 1025 3994; x_wconf 74' lang='lat' dir='ltr'><strong>monstrare,</strong></span> <span class='ocrx_word' id='word_1_280' title='bbox 1044 3914 1120 3995; x_wconf 88' lang='lat' dir='ltr'><strong>quid</strong></span> <span class='ocrx_word' id='word_1_281' title='bbox 1141 3912 1182 3977; x_wconf 86' lang='lat' dir='ltr'><strong>de</strong></span> <span class='ocrx_word' id='word_1_282' title='bbox 1204 3918 1234 3976; x_wconf 89' lang='lat' dir='ltr'><strong>te</strong></span> <span class='ocrx_word' id='word_1_283' title='bbox 1253 3912 1370 3993; x_wconf 88' lang='lat' dir='ltr'><strong>egerim</strong></span> <span class='ocrx_word' id='word_1_284' title='bbox 1392 3910 1479 3994; x_wconf 89' lang='lat' dir='ltr'><strong>apud</strong></span> <span class='ocrx_word' id='word_1_285' title='bbox 1501 3910 1618 3975; x_wconf 82' lang='lat' dir='ltr'><strong>abbam</strong></span> 
     </span>
     <span class='ocr_line' id='line_1_34' title="bbox 310 4012 1628 4097; baseline -0.002 -20"><span class='ocrx_word' id='word_1_286' title='bbox 310 4013 501 4078; x_wconf 84' lang='lat' dir='ltr'><strong>Fuldanum.</strong></span> <span class='ocrx_word' id='word_1_287' title='bbox 547 4012 708 4094; x_wconf 76' lang='lat' dir='ltr'><strong>Parmani,</strong></span> <span class='ocrx_word' id='word_1_288' title='bbox 747 4022 781 4077; x_wconf 92' lang='lat' dir='ltr'><strong>ut</strong></span> <span class='ocrx_word' id='word_1_289' title='bbox 807 4013 849 4077; x_wconf 87' lang='lat' dir='ltr'><strong>ad</strong></span> <span class='ocrx_word' id='word_1_290' title='bbox 878 4021 988 4079; x_wconf 88' lang='lat' dir='ltr'><strong>nutum</strong></span> <span class='ocrx_word' id='word_1_291' title='bbox 1020 4016 1276 4097; x_wconf 84' lang='lat' dir='ltr'><strong>voluntatemque</strong></span> <span class='ocrx_word' id='word_1_292' title='bbox 1303 4022 1388 4077; x_wconf 86' lang='lat' dir='ltr'><strong>tuam</strong></span> <span class='ocrx_word' id='word_1_293' title='bbox 1412 4014 1552 4077; x_wconf 84' lang='lat' dir='ltr'><strong>tacturus</strong></span> <span class='ocrx_word' id='word_1_294' title='bbox 1578 4013 1628 4096; x_wconf 90' lang='lat' dir='ltr'><strong>sit</strong></span> 
     </span>
    </p>
   </div>
   <div class='ocr_carea' id='block_1_8' title="bbox 381 4121 1300 4197">
    <p class='ocr_par' dir='ltr' id='par_1_9' title="bbox 381 4121 1300 4197">
     <span class='ocr_line' id='line_1_35' title="bbox 381 4121 1300 4197; baseline 0.002 -16"><span class='ocrx_word' id='word_1_295' title='bbox 381 4131 394 4158; x_wconf 75' lang='lat'>⁸</span> <span class='ocrx_word' id='word_1_296' title='bbox 413 4137 446 4183; x_wconf 79' lang='lat' dir='ltr'><strong>l&#39;a</strong></span> <span class='ocrx_word' id='word_1_297' title='bbox 464 4137 577 4186; x_wconf 81' lang='lat' dir='ltr'><strong>iohanni.</strong></span> <span class='ocrx_word' id='word_1_298' title='bbox 632 4122 696 4183; x_wconf 61' lang='lat' dir='ltr'><strong>”Ta</strong></span> <span class='ocrx_word' id='word_1_299' title='bbox 718 4152 810 4184; x_wconf 85' lang='lat' dir='ltr'><strong>carum.</strong></span> <span class='ocrx_word' id='word_1_300' title='bbox 864 4131 928 4183; x_wconf 77' lang='lat' dir='ltr'><strong>⁰l&#39;a</strong></span> <span class='ocrx_word' id='word_1_301' title='bbox 946 4138 1078 4197; x_wconf 85' lang='lat' dir='ltr'><strong>graeciam.</strong></span> <span class='ocrx_word' id='word_1_302' title='bbox 1133 4121 1198 4183; x_wconf 63' lang='lat' dir='ltr'><strong>“Ta</strong></span> <span class='ocrx_word' id='word_1_303' title='bbox 1217 4152 1300 4197; x_wconf 83' lang='lat' dir='ltr'><strong>quum.</strong></span> 
     </span>
    </p>
   </div>
   <div class='ocr_carea' id='block_1_9' title="bbox 312 4346 1618 4665">
    <p class='ocr_par' dir='ltr' id='par_1_10' title="bbox 312 4346 1618 4489">
     <span class='ocr_line' id='line_1_36' title="bbox 312 4346 1618 4423; baseline -0.002 -17"><span class='ocrx_word' id='word_1_304' title='bbox 312 4352 489 4411; x_wconf 81' lang='lat' dir='ltr'><strong>Documenta</strong></span> <span class='ocrx_word' id='word_1_305' title='bbox 510 4370 560 4407; x_wconf 85' lang='lat' dir='ltr'><strong>aus</strong></span> <span class='ocrx_word' id='word_1_306' title='bbox 579 4355 629 4408; x_wconf 87' lang='lat' dir='ltr'><strong>der</strong></span> <span class='ocrx_word' id='word_1_307' title='bbox 648 4353 710 4407; x_wconf 82' lang='lat' dir='ltr'><strong>Zeit</strong></span> <span class='ocrx_word' id='word_1_308' title='bbox 731 4354 781 4408; x_wconf 91' lang='lat' dir='ltr'><strong>der</strong></span> <span class='ocrx_word' id='word_1_309' title='bbox 800 4353 999 4409; x_wconf 82' lang='lat' dir='ltr'><strong>Reformaticn.</strong></span> <span class='ocrx_word' id='word_1_310' title='bbox 1041 4352 1210 4423; x_wconf 83' lang='lat' dir='ltr'><strong>Herausgcg.</strong></span> <span class='ocrx_word' id='word_1_311' title='bbox 1232 4368 1286 4405; x_wconf 83' lang='lat' dir='ltr'><strong>von</strong></span> <span class='ocrx_word' id='word_1_312' title='bbox 1305 4350 1339 4405; x_wconf 85' lang='lat' dir='ltr'><strong>K.</strong></span> <span class='ocrx_word' id='word_1_313' title='bbox 1350 4348 1442 4404; x_wconf 81' lang='lat' dir='ltr'><strong>Krafft</strong></span> <span class='ocrx_word' id='word_1_314' title='bbox 1462 4348 1519 4403; x_wconf 89' lang='lat' dir='ltr'><strong>und</strong></span> <span class='ocrx_word' id='word_1_315' title='bbox 1531 4346 1618 4403; x_wconf 77' lang='lat' dir='ltr'><strong>Willn</strong></span> 
     </span>
     <span class='ocr_line' id='line_1_37' title="bbox 316 4432 851 4489; baseline 0.002 -2"><span class='ocrx_word' id='word_1_316' title='bbox 316 4432 413 4487; x_wconf 77' lang='lat' dir='ltr'><strong>Kraffc</strong></span> <span class='ocrx_word' id='word_1_317' title='bbox 454 4434 696 4487; x_wconf 73' lang='lat' dir='ltr'><strong>Elberfeldllllli.</strong></span> <span class='ocrx_word' id='word_1_318' title='bbox 738 4435 764 4489; x_wconf 88' lang='lat' dir='ltr'><strong>S.</strong></span> <span class='ocrx_word' id='word_1_319' title='bbox 788 4435 851 4489; x_wconf 88' lang='grc'><strong>191.</strong></span> 
     </span>
    </p>

    <p class='ocr_par' dir='ltr' id='par_1_11' title="bbox 376 4512 1235 4583">
     <span class='ocr_line' id='line_1_38' title="bbox 376 4512 1235 4583; baseline 0.001 -16"><span class='ocrx_word' id='word_1_320' title='bbox 376 4512 386 4551; x_wconf 90' lang='lat'><strong>¹</strong></span> <span class='ocrx_word' id='word_1_321' title='bbox 407 4513 471 4583; x_wconf 79' lang='lat' dir='ltr'><strong>vgt.</strong></span> <span class='ocrx_word' id='word_1_322' title='bbox 495 4512 568 4567; x_wconf 67' lang='lat' dir='ltr'><strong>Bet</strong></span> <span class='ocrx_word' id='word_1_323' title='bbox 589 4513 644 4567; x_wconf 80' lang='lat' dir='ltr'><strong>S.3</strong></span> <span class='ocrx_word' id='word_1_324' title='bbox 667 4514 749 4572; x_wconf 81' lang='lat' dir='ltr'><strong>Auni,</strong></span> <span class='ocrx_word' id='word_1_325' title='bbox 762 4515 790 4567; x_wconf 80' lang='lat'><strong>2.</strong></span> <span class='ocrx_word' id='word_1_326' title='bbox 829 4515 869 4569; x_wconf 74' lang='lat' dir='ltr'><strong>&#39;hu</strong></span> <span class='ocrx_word' id='word_1_327' title='bbox 890 4514 944 4569; x_wconf 88' lang='lat' dir='ltr'><strong>Set.</strong></span> <span class='ocrx_word' id='word_1_328' title='bbox 966 4514 1055 4569; x_wconf 81' lang='lat' dir='ltr'><strong>Jacob</strong></span> <span class='ocrx_word' id='word_1_329' title='bbox 1074 4515 1126 4569; x_wconf 87' lang='lat' dir='ltr'><strong>seit</strong></span> <span class='ocrx_word' id='word_1_330' title='bbox 1150 4513 1235 4568; x_wconf 78' lang='lat'>1507.</span> 
     </span>
    </p>

    <p class='ocr_par' dir='ltr' id='par_1_12' title="bbox 372 4588 867 4665">
     <span class='ocr_line' id='line_1_39' title="bbox 372 4588 867 4665; baseline 0.002 -16"><span class='ocrx_word' id='word_1_331' title='bbox 372 4588 471 4665; x_wconf 64' lang='lat' dir='ltr'><strong>tvgt.</strong></span> <span class='ocrx_word' id='word_1_332' title='bbox 493 4592 538 4649; x_wconf 86' lang='lat' dir='ltr'><strong>Br.</strong></span> <span class='ocrx_word' id='word_1_333' title='bbox 551 4592 607 4647; x_wconf 85' lang='grc'><strong>163</strong></span> <span class='ocrx_word' id='word_1_334' title='bbox 629 4592 723 4649; x_wconf 69' lang='grc'><strong>11233</strong></span> <span class='ocrx_word' id='word_1_335' title='bbox 745 4594 827 4652; x_wconf 79' lang='lat' dir='ltr'><strong>Anum</strong></span> <span class='ocrx_word' id='word_1_336' title='bbox 840 4596 867 4651; x_wconf 89' lang='grc'><strong>1.</strong></span> 
     </span>
    </p>
   </div>
   <div class='ocr_carea' id='block_1_10' title="bbox 0 0 1818 5192">
    <p class='ocr_par' dir='ltr' id='par_1_13' title="bbox 0 0 1818 5192">
     <span class='ocr_line' id='line_1_40' title="bbox 0 0 1818 5192; baseline 0 0"><span class='ocrx_word' id='word_1_337' title='bbox 0 0 1818 5192; x_wconf 95' lang='lat' dir='ltr'><strong> </strong></span> 
     </span>
    </p>
   </div>
  </div>
 </body>
</html>
