3625 5192
318 351 371 404 204
702 351 961 421 Geschichtsquellen
981 353 1030 406 der
1047 351 1121 406 Pron.
1140 351 1264 406 Saehsen.

317 499 459 566 ordinem
494 500 629 565 subinde
650 521 777 564 causam
806 501 988 584 postulans,
1014 521 1071 565 cur
1099 501 1257 565 Christum
1286 501 1393 566 lovem
1419 500 1625 585 appellemus.

319 603 428 666 Nescit
449 603 555 680 „lovis
576 605 683 668 omnia
705 605 798 688 plena
811 595 931 668 ¹“'dici
959 627 979 667 u
998 604 1150 685 Vergilio.
1190 603 1299 680 Quid?
1328 603 1412 685 quod
1435 603 1521 668 Deus
1539 603 1627 669 aliud

319 707 416 771 habet
445 709 527 771 iuter
553 707 683 787 angelos
712 707 847 771 nomeu?
889 708 998 785 Quid?
1019 707 1102 788 uuod
1125 708 1251 770 nomine
1272 727 1334 769 non
1360 714 1432 790 eget-
1460 709 1627 771 utunicus

257 873 260 876 .
317 809 467 874 autlroroa
495 809 690 874 Lactancio‘?
731 809 837 886 Quid?
868 809 998 892 quoda
1025 810 1183 874 nonnullis
1210 810 1390 886 balneator,
1419 809 1502 891 qrrod
1530 809 1628 893 pedes

317 913 556 988 lavitsuorum,
584 912 625 976 ab
651 912 790 994 antiquis
819 913 929 976 asinus
956 912 1149 976 claudicans.
1198 911 1261 976 Sed
1288 913 1395 976 absint
1420 911 1625 996 blasphemie.

317 1015 452 1079 Desinat
472 1015 568 1079 ctiam
592 1014 645 1079 ille
670 1011 762 1086 καλὸς
782 1015 833 1074 καὶ
855 1010 973 1099 ἀγαθὸς
995 1015 1061 1079 lovi
1084 1013 1282 1079 maledicere.
1318 1014 1377 1078 Vel
1409 1014 1524 1079 multos
1550 1015 1625 1080 olim

317 1117 408 1182 loves
430 1118 526 1182 luisse
547 1137 585 1182 ae
607 1137 698 1200 porro
718 1117 856 1181 oruntimb
878 1117 961 1199 loqui
983 1117 1094 1182 diseat.
1252 1111 1255 1114 ’

398 1219 567 1284 celebrata
600 1229 631 1284 et
662 1220 824 1302 popularis
859 1227 909 1284 est
939 1221 1116 1285 sentencia:
1151 1219 1388 1285 Gedanckenm
1415 1219 1483 1284 sein
1509 1220 1625 1287 zolirei.

318 1323 544 1402 Interpretaeio
561 1323 709 1388 huiusoel
731 1323 808 1386 dicti
821 1321 884 1388 late
896 1331 992 1408 patet.
1035 1323 1408 1397 Monemurantcomnia,
1430 1317 1626 1402 ut'linguam

315 1445 524 1504 ‹roerccamus
546 1426 645 1490 multa
656 1425 901 1510 complectamur
915 1427 1117 1508 cogitatione,
1140 1446 1243 1510 panca
1265 1427 1438 1507 loquamur.
1481 1426 1625 1492 Vivimus

317 1528 399 1592 iuter·
427 1527 617 1611 Coryeeos‘l,
643 1528 725 1592 inter
754 1527 882 1593 Clodios
909 1536 941 1593 et
966 1529 1123 1594 Catilinas
1150 1537 1182 1593 et
1211 1528 1319 1593 idiotis
1346 1527 1483 1594 ludibrio
1509 1548 1625 1594 sumus

317 1628 405 1692 Nihil
430 1649 505 1711 ergo
532 1629 630 1694 tutius
656 1649 749 1712 quiam
774 1638 888 1696 tacere.
931 1631 1090 1696 Postremo
1117 1639 1297 1696 convertam
1328 1632 1359 1694 in
1384 1631 1516 1696 latinam
1542 1631 1625 1716 puri-

316 1736 411 1796 tatem
434 1731 552 1796 dictum
575 1731 653 1796 illud
675 1751 783 1797 recens
805 1734 837 1796 in
859 1733 1040 1818 superbiam
1057 1734 1198 1798 Venete³
1219 1733 1446 1816 expeditionis:

619 1878 672 1943 leh
694 1879 798 1960 gleioh
820 1874 895 1944 dein
917 1880 993 1944 saolr
1016 1879 1074 1944 der
1093 1880 1235 1945 Lerohen
1256 1900 1379 1962 gesang

570 1982 631 2047 Die
648 1982 807 2063 seluvingt
828 1982 895 2047 sich
918 1982 997 2048 hoclr
1020 1983 1083 2048 und
1107 1990 1185 2048 wcrt
1207 1984 1255 2047 nit
1277 1984 1362 2064 lang.

349 2201 352 2208 ¹
398 2129 483 2192 Nota
508 2129 662 2202 esteris,
690 2148 751 2210 que
777 2129 961 2194 cantitando
989 2130 1141 2213 assurgit,
1171 2132 1295 2207 nititur,
1325 2130 1484 2211 aseendit,
1510 2131 1564 2195 ubi
1585 2151 1624 2195 ex

282 2273 285 2280 .
317 2249 437 2297 summo
466 2237 565 2296 terras
594 2231 789 2312 despexerit,
815 2253 890 2314 egre
919 2234 1077 2308 consistit,
1106 2233 1169 2298 cito
1195 2233 1323 2298 decidit.
1371 2234 1426 2298 Sic
1452 2235 1530 2297 mori
1559 2235 1625 2298 iere

232 2376 235 2386 -
317 2333 536 2416 superbientes
558 2355 620 2399 non
646 2333 700 2398 diu
729 2333 867 2399 letantur
891 2335 979 2400 inani
1004 2334 1104 2401 titulo.
1145 2336 1251 2401 Preire
1271 2336 1425 2418 gestiunt,
1451 2335 1542 2418 quasi
1561 2355 1624 2400 nou

219 2491 221 2495 .
315 2437 411 2499 etiam
434 2436 543 2500 asinus
565 2437 694 2518 pistoris
714 2437 939 2502 anteambulet.
984 2437 1096 2502 Verum
1119 2438 1246 2503 inflatos
1268 2446 1352 2503 utres
1374 2445 1406 2503 et
1427 2459 1500 2503 rere
1522 2459 1625 2503 moros

316 2537 349 2602 in
372 2539 548 2621 promotior
569 2539 681 2604 missos
702 2539 865 2605 iaciamus.
908 2540 965 2603 Est
985 2540 1069 2604 euim
1091 2540 1256 2624 prudentis
1276 2546 1308 2605 et
1327 2540 1412 2605 dooti
1431 2540 1492 2604 viri
1513 2541 1627 2606 cedere

316 2641 558 2724 grunnientibus
580 2641 699 2724 porcis,
728 2661 768 2706 ne
781 2642 864 2706 ¹t'eda
885 2663 942 2706 nos
963 2644 1153 2725 contagione
1174 2643 1334 2709 obliment.
1376 2643 1563 2725 Spacicmur
1592 2644 1624 2706 in

316 2744 383 2808 lata
404 2742 576 2808 studiorum
601 2744 748 2827 planicie,
767 2745 854 2809 nulla
876 2765 933 2810 nos
954 2745 1064 2811 devios
1085 2747 1205 2810 t'aciant
1225 2745 1421 2810 diverticula.
1465 2745 1514 2810 lta
1535 2746 1623 2811 brevi

317 2847 522 2930 proficiemus.
574 2847 716 2930 Expecto
742 2868 762 2911 a
788 2855 818 2912 te
848 2869 910 2912 non
929 2848 1057 2919 t‘ecundi
1088 2849 1168 2912 ruris
1194 2869 1339 2925 munera,
1368 2847 1476 2929 qualia
1497 2847 1623 2922 dedisti,

316 2949 372 3013 sed
392 2948 499 3013 edulia
521 2948 664 3030 legitima
685 2949 867 3015 conditione
889 2951 1032 3032 condita,
1055 2952 1113 3016 lroc
1134 2958 1197 3029 cst,
1219 2951 1385 3016 intinctum
1407 2971 1446 3015 ex
1468 2951 1626 3021 continuis

316 3052 503 3117 lectionibus
517 3052 579 3116 tuis
590 3053 821 3132 concinnatum,
847 3074 909 3135 quo
930 3053 1019 3135 nihil,
1040 3056 1123 3136 ‹pmd
1144 3053 1272 3118 avidius
1292 3071 1362 3118 esse
1375 3048 1484 3133 uelim,¹
1504 3054 1623 3138 apponi

315 3153 391 3217 milri
417 3162 527 3238 potest.
570 3154 659 3220 Vale.

337 3322 339 3326 .
396 3255 444 3320 Ex
468 3257 581 3322 Gurtha.
624 3255 742 3334 Qurarto
766 3256 874 3322 Nonas
897 3257 995 3324 lulius
1013 3257 1132 3322 lllDlX.

386 3403 566 3448 lluudsclrriltl.
582 3402 662 3448 l'sun
683 3404 722 3450 l‘ol.
735 3403 936 3450 nutv-nuum
973 3403 1051 3450 (ludu.
1068 3404 1167 3451 offas.
1181 3404 1228 3450 liu
1246 3406 1325 3450 -180
1346 3403 1623 3462 communimus-siu

316 3474 351 3520 bio
372 3475 520 3531 coruugiouo
539 3473 666 3520 olilimcut.
1278 3511 1281 3517 .

385 3599 395 3622 ²¹
416 3605 448 3648 l'n
467 3610 577 3650 sructura.
649 3585 661 3622 b
680 3602 712 3646 T:
731 3609 811 3648 cusulo.
883 3596 1119 3648 “nauatam-ran.
1182 3586 1248 3649 “Ta
1267 3604 1348 3649 huius
1421 3595 1485 3648 ⁶1¹:
1504 3602 1623 3648 luciuurus

315 3673 339 3720 iu
361 3673 515 3734 praesencia,

380 3930 391 3970 1
413 3933 518 4004 Vergil.
541 3931 666 4002 Elrlogcn
682 3931 734 4000 lll,
749 3931 796 3987 uu.

376 4010 389 4051 ²
411 4014 475 4084 Vgl.
498 4013 634 4080 Erannos,
657 4012 765 4083 Adagia
787 4031 811 4082 p.
830 4013 864 4065 ll
885 4015 966 4070 will.

377 4089 391 4133 ³
414 4094 467 4148 llic
486 4091 655 4147 Venetiuucn
676 4094 771 4147 hutten
796 4093 872 4145 1508
895 4095 974 4148 nicht
994 4097 1205 4148 uubcdcutcndc
1228 4095 1340 4166 Erfolge
1362 4095 1431 4149 iiber
1456 4097 1501 4149 die
1521 4095 1622 4150 kaiser·

318 4174 409 4228 lichen
433 4174 564 4244 Truppcu
586 4191 747 4245 gcrwouucu.
792 4174 854 4244 Vgl.
876 4173 987 4240 Runkc,
1013 4175 1154 4230 Deutsclre
1175 4175 1345 4230 (ieschiclrtc
1367 4177 1403 4229 im
1425 4175 1555 4230 Zeitutter
1575 4177 1624 4230 der

231 4311 233 4314 .
313 4254 504 4311 Reforrnaliou
521 4255 543 4324 l,
564 4255 591 4314 S.
608 4254 664 4307 120
672 4254 700 4308 ff.
