3625 5192
682 299 770 390 IdrIclc
788 327 909 390 Idutians
929 328 986 387 131.
1009 331 1065 387 1²32.
1481 317 1531 380 189

221 484 391 552 concordia
419 481 709 566 adgsigilhterunm
729 491 760 548 at
782 483 824 548 ad
844 483 987 564 Crotum,
1008 483 1066 548 hos
1087 503 1174 548 meos
1194 488 1335 548 oratores
1353 483 1403 546 l'ac
1422 489 1457 546 ut
1477 500 1529 546 ex·

220 597 361 654 oratores
385 587 482 651 luisse
506 585 712 666 gaudeamus.
763 586 865 650 l'num
891 593 954 664 est,
986 585 1070 667 qnod
1095 586 1225 668 culpare
1257 585 1370 665 statui,
1403 592 1529 650 cactcra

219 691 315 756 laudo
344 697 376 756 ot
403 707 497 772 agam
517 688 653 771 gratias,
679 689 705 754 si
732 686 896 772 ἀμνηστίαν
917 688 1083 772 receperis.
1126 687 1307 753 Notandum
1327 695 1375 751 est
1395 688 1530 752 miniata

219 794 350 872 cerula,
366 791 449 876 quod
473 791 654 878 scripseris:
681 841 699 868 „
707 798 853 874 egestosa
874 793 1019 874 poetae“,
1040 791 1131 873 quasi
1153 810 1229 854 uero
1249 789 1382 856 divitias
1401 791 1433 854 in
1455 796 1529 854 rate

221 895 370 978 requiras.
412 893 541 960 Excidit
564 893 621 958 hoc
638 893 696 958 tibi
720 892 1043 977 perimprudentianr,
1064 892 1171 975 itaque
1187 911 1249 957 non
1266 894 1529 976 appouoaigrum

219 997 387 1076 calculum,
413 996 487 1079 quia
509 995 662 1062 lubricum
683 995 827 1078 linguae,
850 1002 883 1060 ut
903 995 951 1060 ait
970 995 1188 1062 Modestinus2
1209 1003 1329 1076 nostcr,
1351 1015 1413 1060 non
1435 995 1530 1060 lacile

218 1099 260 1163 ad
283 1119 417 1184 poenam
432 1099 621 1163 trahendum
644 1105 700 1164 est.
743 1097 835 1164 Nunc
849 1097 1069 1182 dispiciamus,
1090 1117 1218 1179 qrraeso,
1239 1117 1312 1162 uum
1326 1105 1419 1182 poeta
1430 1098 1531 1182 possit

221 1210 276 1268 aut
296 1221 366 1266 esse
388 1209 442 1266 ant
461 1200 525 1266 dici
540 1202 659 1266 heatus.
702 1200 820 1267 Scribit
842 1199 1020 1283 Ulpianus³
1040 1200 1225 1265 naturaliter
1238 1200 1321 1265 bona
1341 1220 1381 1266 cx
1402 1221 1441 1265 ec
1455 1200 1530 1281 dici,

220 1303 304 1388 quod
326 1305 436 1383 beent,
459 1305 517 1368 hoo
538 1310 601 1383 cst,
624 1303 735 1368 beatos
754 1303 883 1367 lacIant.
927 1301 1070 1367 Divitiae
1091 1303 1176 1367 enirn
1196 1302 1371 1368 effectrices
1390 1311 1465 1368 sunt
1484 1322 1528 1368 re·

221 1428 288 1473 rum
310 1426 506 1489 magnarum,
529 1405 584 1470 sed
604 1425 644 1470 ne
657 1403 967 1489 locupletesdemnm
988 1405 1099 1470 beatos
1121 1425 1277 1487 vocemus,
1296 1405 1460 1472 sciendum
1482 1413 1531 1472 est

204 1511 413 1578 cantilenam
436 1508 577 1574 Platonis
604 1509 636 1573 in
658 1507 818 1590 Georgia⁴
847 1507 1024 1590 exprimere
1052 1507 1115 1572 vim
1143 1505 1302 1572 bonorum.
1349 1508 1530 1574 Cantabant

222 1615 305 1679 enim
331 1613 363 1677 in
389 1611 545 1677 conviviis
573 1611 711 1693 antiqui,
742 1614 824 1676 sicut
845 1619 875 1676 te
896 1611 1014 1692 legisse
1040 1631 1103 1676 non
1132 1609 1257 1686 dubito,
1285 1611 1437 1694 optimum
1460 1632 1530 1678 esse

223 1716 302 1781 bene
324 1716 446 1794 valere,
475 1713 614 1780 secundo
642 1713 710 1779 loco
738 1715 906 1778 formosum
927 1733 1011 1793 esse,
1038 1713 1131 1778 tertio
1152 1713 1271 1779 habere
1290 1713 1422 1779 diuitias
1441 1715 1530 1781 nulia

221 1818 331 1883 liandc
354 1825 471 1902 partas.
514 1817 600 1882 llaec
622 1817 682 1881 tria
706 1817 855 1882 bonorum
880 1836 1000 1898 genera
1026 1815 1172 1898 quicum
1196 1817 1379 1900 operatione
1404 1819 1530 1883 virtutis

223 1917 377 2005 possidet,
406 1919 448 1983 ab
469 1918 639 1984 Aristotele
665 1919 776 1984 beatus
803 1918 998 2003 appellatur,
1024 1919 1084 1984 etsi
1105 1919 1232 1984 Solonis
1257 1927 1289 1985 et
1314 1919 1531 2002 theologorum

222 2024 380 2088 sententia
406 2022 583 2086 mortalium
610 2042 701 2088 nemo
728 2023 770 2087 sit
799 2029 873 2086 ante
898 2022 1018 2086 obitum
1050 2021 1170 2086 beatus.
1220 2021 1342 2100 Quibus
1364 2023 1532 2106 suffragari
1595 2045 1600 2056 ·

224 2147 284 2190 non
306 2117 437 2190 obscura
458 2125 571 2190 ΡΙιιιο5
592 2123 718 2189 videtur
744 2125 787 2188 ita
810 2123 968 2189 scribens:
994 2123 1065 2187 Non
1091 2123 1237 2204 eqnidcm
1260 2123 1402 2189 homines
1425 2125 1532 2190 lelioes

224 2229 396 2310 beatosque
417 2229 498 2292 allidi
522 2247 614 2312 posse
637 2247 720 2308 reor,
748 2229 821 2290 dum
842 2228 941 2290 uitam
964 2225 1113 2289 videlicet
1134 2224 1215 2290 hanc
1237 2227 1399 2291 mortalem
1421 2229 1532 2293 vivunt

225 2333 335 2415 paucis
357 2330 526 2395 admodum
547 2331 699 2413 exceptis,
721 2329 841 2412 optirna
854 2335 960 2393 tamen
981 2347 1055 2410 spos
1075 2336 1123 2392 est
1139 2347 1231 2412 posse
1249 2338 1403 2393 mortuum
1424 2331 1532 2396 omnia

225 2433 384 2515 consequi,
405 2435 536 2514 quorum
557 2451 670 2496 caussa
691 2439 723 2496 ct
745 2432 874 2495 honeste
897 2430 1015 2510 vivere,
1033 2438 1184 2510 quantum
1197 2430 1354 2496 hnmanae
1378 2432 1460 2498 vires
1477 2454 1532 2517 pa-

225 2538 358 2628 tiuntur,
388 2545 421 2600 ct
447 2535 525 2600 mori
547 2533 678 2598 honeste
697 2533 804 2598 voluit.
848 2533 910 2598 Sed
933 2533 1081 2614 quisunt
1103 2533 1156 2596 isti
1177 2529 1296 2618 pauci?
1336 2535 1386 2598 An
1408 2543 1532 2620 poetae,

224 2657 301 2721 quos
321 2638 443 2703 censuit
465 2637 540 2702 nrhc
561 2635 803 2721 depellendosi,
831 2655 889 2700 nec
911 2635 1065 2700 iuventuti
1089 2635 1348 2718 permittendum,
1371 2645 1531 2704 uteorum

224 2740 321 2804 libros
343 2739 531 2821 lectitarent,
554 2759 633 2822 qnos
647 2739 726 2802 Cato
740 2738 909 2803 CensorIus
929 2745 1126 2819 grassatores
1143 2737 1319 2804 vocabat⁷i
1359 2741 1408 2804 An
1432 2740 1531 2824 philo-

224 2843 331 2926 sophi,
354 2863 432 2924 quos
454 2841 537 2906 idem
560 2841 651 2905 Plato
672 2839 949 2926 dignosputavit,
976 2841 1030 2922 qui
1052 2841 1245 2925 imperarent
1267 2862 1328 2906 non
1350 2843 1534 2924 intelligens

194 3029 197 3034 Ι
224 2945 295 3009 illos
316 2953 438 3010 vestros
459 2944 657 3024 dlalecticcs,
678 2945 734 3008 sed
759 2961 844 3022 eum,
873 2944 914 3006 dc
936 2963 997 3024 quo
1019 2943 1066 3008 sic
1088 2943 1260 3026 loquitari:
1281 2942 1339 3008 Est
1359 2953 1534 3028 praeterea,

224 3048 335 3130 inquit,
358 3047 537 3132 philosophi
551 3046 730 3131 voluptates
746 3045 887 3129 corporis
900 3046 1078 3130 repudiare,
1101 3047 1207 3110 animo
1217 3045 1344 3111 studere
1365 3049 1533 3131 pecuniam

226 3151 316 3232 quasi
336 3170 400 3215 rem
424 3150 574 3232 exiguam
596 3156 627 3214 et
648 3148 829 3233 philosophi
849 3135 1070 3231 magnitudine
1091 3149 1189 3213 anImi
1210 3149 1376 3230 indignam
1398 3158 1535 3214 contem·

225 3272 309 3335 nere,
329 3259 459 3318 mortem
481 3271 542 3318 non
566 3251 744 3334 formidare,
768 3252 921 3316 iustitiam
943 3251 1055 3331 colere,
1076 3257 1290 3332 constantem,
1311 3250 1449 3331 lidelsm,
1469 3273 1533 3317 mo·

174 3365 178 3374 '
225 3353 358 3434 deatum,
381 3357 563 3437 benignum,
583 3355 940 3436 facilemingeniosum,
955 3371 1132 3432 memorem,
1146 3351 1323 3427 Iucundum,
1345 3355 1533 3435 elegantem,

226 3467 291 3522 tum
322 3467 438 3522 natura
466 3468 530 3524 tum
560 3458 716 3525 industria
743 3458 890 3521 l'estivuru
922 3476 1001 3521 esse.
1048 3457 1214 3520 Caeterum
1244 3456 1397 3521 eiusnmdi
1434 3456 1534 3540 philo-

225 3560 344 3644 sophus
364 3581 457 3626 crrrvo
481 3569 529 3626 est
551 3561 651 3624 rarior
670 3559 758 3639 albo,
786 3557 858 3623 idco
885 3558 980 3643 pauci
1007 3566 1080 3623 snut
1107 3557 1216 3623 l'elices
1242 3565 1275 3622 et
1301 3559 1385 3624 beati
1415 3560 1449 3624 in
1475 3560 1534 3624 hac

229 3707 380 3714 ---—-.-
404 3709 410 3714 .

289 3788 301 3830 ¹
318 3791 560 3848 Wahrscheinlich
571 3793 683 3848 Johann
698 3791 881 3865 Slimmering.
922 3789 936 3832 ²
957 3794 1075 3865 Digesta
1088 3793 1221 3861 XLVIII,
1238 3791 1264 3847 4.
1278 3791 1303 3848 7.
1344 3787 1360 3831 ³
1380 3791 1497 3862 Digesta
1513 3792 1535 3861 I,

228 3871 273 3927 16.
288 3871 333 3928 49.
376 3867 531 3964 4(λοτμῑιιν
544 3872 600 3927 451
625 3891 684 3944 cap.
694 3874 758 3928 VII.
797 3867 906 3950 Οἶομᾳι
926 3861 985 3951 γᾴρ
1005 3889 1038 3929 σε
1059 3865 1218 3936 ἀκηκοέναι
1241 3866 1271 3928 ἐν
1291 3874 1352 3937 τοῖς
1367 3865 1535 3958 συμποσίοις

227 3937 359 4025 ᾀδόντων
381 3945 546 4028 ἀνθρωπιον
566 3951 658 4008 τοῦτο
678 3943 715 4008 τὸ
736 3944 863 4023 σκολιὸν,
886 3948 916 4010 ἐν
938 3971 962 4028 ῳ
983 3951 1241 4046 καταριθμοῦνται
1262 3937 1383 4026 ᾅδοντες
1403 3943 1451 4006 ότι
1472 3943 1535 4030 ὑγι-

227 4025 314 4087 αίνειν
339 4025 393 4110 μὲν
423 4020 539 4108 ἄριστόν
567 4027 647 4128 ἐατιξ
670 4023 706 4088 τὸ
728 4019 761 4090 δὲ
783 4019 917 4124 δεύτερον
938 4024 1032 4091 καλὸν
1052 4033 1203 4112 γενεσθαι,
1224 4027 1323 4109 τρίτον
1344 4018 1386 4100 δέ,
1405 4023 1444 4097 ὥς
1465 4046 1534 4126 paca

220 4104 238 4166 α’
263 4103 387 4180 ποιητὴς
402 4111 456 4168 τοῦ
479 4110 597 4168 σκολιοῦ
617 4129 653 4168 το
674 4111 813 4170 πλουτεῖν
829 4099 953 4180 ἀδολως.
996 4111 1010 4154 ⁵
1031 4115 1241 4186 Epinomiebitl
1258 4113 1293 4168 C:
1315 4105 1362 4168 tlt
1374 4129 1447 4192 ρημι
1462 4127 1536 4167 ειναι

227 4179 352 4248 δυνατὸν
374 4183 539 4268 ἀνθρώποις
559 4187 712 4271 μακαρίοις
733 4211 768 4250 τε
788 4189 839 4250 καὶ
853 4181 1005 4272 arrhatam
1018 4188 1161 4273 γενέσθαι
1172 4183 1249 4257 πλὴν
1269 4189 1377 4272 ολίγων
1397 4185 1537 4279 μέχριπερ

227 4265 263 4350 οξν
284 4259 381 4351 ζῶμεν
405 4273 497 4329 τοῦτο
522 4261 690 4352 διορίζομαι
736 4265 827 4340 Καλὴ
840 4261 874 4332 δὲ
902 4271 985 4342 ἐλπὶς
1009 4263 1226 4338 τελευτήσαντι
1254 4278 1356 4368 τυχεῖν
1382 4269 1536 4340 ἀπαντων,

227 4351 268 4408 uir
287 4343 372 4410 ἕνεκά
392 4369 438 4420 τις
459 4369 481 4408 π
537 4345 627 4432 upum*
662 4343 699 4410 οἷν
727 4351 783 4425 ζῶν
804 4370 839 4412 τε
860 4348 899 4421 ὡς
920 4346 1057 4411 κάλλιστ’
1089 4343 1126 4410 ἂν
1154 4341 1206 4424 ζῆν
1226 4372 1309 4410 κατα
1337 4342 1458 4431 δύναμιν
1485 4348 1537 4408 καὶ

227 4425 412 4500 τελευτήοας
442 4449 478 4489 τε
499 4433 586 4501 ουτ-ῆς
620 4427 761 4502 τοιαύτης
792 4441 901 4512 τυχεῖν.
986 4433 1115 4506 iPlato,
1145 4437 1188 4490 De
1216 4439 1323 4507 republ.
1344 4437 1390 4503 ΙΙ,
1418 4435 1484 4490 383.
1506 4434 1538 4508 C,

232 4512 243 4554 l
266 4515 383 4581 Gellius,
403 4515 505 4572 Noctes
525 4516 687 4574 Attrita.
729 4517 756 4571 Si
780 4519 842 4588 quis
864 4519 890 4570 in
911 4536 944 4570 ca
966 4537 995 4574 rc
1016 4518 1146 4572 studebat
1162 4509 1234 4595 (arte
1260 4516 1382 4588 poetica)
1404 4523 1452 4572 aut
1476 4536 1535 4570 sese

229 4599 262 4652 ad
285 4597 412 4652 ccrrviria
432 4597 598 4668 adplicabat,
620 4599 800 4670 ,‚grasaalor“
818 4599 978 4654 vocabatur.
1025 4593 1039 4637 ⁸
1058 4599 1100 4652 De
1121 4616 1178 4668 rep.
1193 4598 1242 4668 vl,
1256 4599 1434 4653 atto-tsi.
