3625 5192
310 356 364 408 298
678 356 938 425 Gesehichtsqnellon
958 356 1005 411 der
1024 356 1098 415 Pror.
1117 358 1239 413 Sacbsen.

310 504 419 569 mines.
468 505 522 571 Sic
547 506 631 571 enirn
658 512 771 571 natura
798 506 976 581 constituit,
1003 512 1036 569 ut
1057 506 1141 588 ignis
1162 513 1344 588 premoneat
1365 507 1502 591 crepitu,
1530 512 1618 573 ante-

309 626 404 688 quam
420 617 539 679 exurat,
561 608 653 671 ruina
665 610 799 689 fragore,
822 616 992 691 antequam
1014 608 1201 691 supprimat,
1222 615 1307 673 terra
1327 618 1425 689 motu,
1447 618 1616 691 antequam

309 708 492 789 absorbeat,
523 719 557 773 ut
590 710 707 776 talibus
739 711 834 775 minis
863 711 970 775 omnia
1001 712 1062 775 sibi
1092 712 1273 775 animancia
1302 714 1424 795 possint
1451 732 1471 775 a
1500 711 1616 775 damno

310 831 432 876 cavere.
464 812 915 889 Querelibellnmeensorium.
941 814 1111 895 Postquam
1127 811 1243 894 legero,
1253 812 1390 878 scribam
1401 812 1442 876 ad
1454 812 1616 888 lieuehlin,

230 927 233 932 ’
311 912 387 995 quid
414 914 483 995 ipse
507 914 653 980 sentiam.
704 916 802 979 Aiunt
826 936 887 980 non
916 916 1042 999 plaeere
1069 915 1149 995 sibi,
1174 915 1258 997 qnod
1286 934 1390 979 rumor
1415 914 1528 979 detulit
1546 915 1616 979 reli-

310 1017 437 1097 gionem
466 1023 605 1081 nostram
632 1016 697 1081 dici
723 1025 851 1082 sectam.
902 1019 1026 1099 begant
1055 1018 1285 1082 Tertullianum
1317 1025 1348 1083 et
1376 1018 1556 1083 fatebuntur
1582 1037 1617 1081 se

309 1138 440 1183 errasse.
483 1118 565 1197 Quid
594 1126 642 1185 est
668 1118 756 1187 aliud
779 1120 961 1185 Christiana
983 1120 1087 1205 pietas
1108 1140 1201 1203 quam
1222 1127 1309 1186 secta
1330 1119 1458 1186 Christi.
1499 1119 1619 1185 Scribit

309 1221 509 1286 Lueretius‘lr

551 1324 743 1406 „Divitioris
763 1325 847 1389 enim
870 1331 989 1390 sectam
1011 1324 1195 1407 plerumque
1217 1332 1404 1408 seqnnntur¹

510 1427 692 1506 Quamlibet
710 1435 743 1492 et
762 1428 871 1492 ihrteis
893 1435 925 1491 et
945 1427 1077 1510 pulchro
1096 1448 1226 1512 corpore
1248 1430 1358 1492 oreti“.

389 1552 439 1618 Ne
453 1553 525 1633 quis
536 1552 732 1636 philosophis
743 1559 864 1617 tantum
876 1552 936 1615 hoc
947 1552 1134 1617 vocabulum
1148 1550 1303 1634 adsignet.
1345 1551 1616 1631 Quemadmodum

308 1655 405 1719 l'actio
424 1654 542 1719 civium
565 1661 627 1732 est,
653 1655 699 1717 ita
724 1655 846 1737 heresis
872 1654 1082 1719 studiosorum
1110 1662 1142 1720 et
1170 1664 1257 1719 secta
1281 1661 1344 1719 tum
1376 1656 1525 1719 bonorum
1551 1662 1616 1719 tum

309 1757 471 1822 malorum.
514 1757 600 1822 Vale.
653 1834 657 1839 ι

378 1881 560 1927 Handsclrriltl.
576 1882 596 1925 F
611 1880 661 1928 248
682 1882 724 1928 sol.
739 1874 807 1929 latr
819 1905 839 1913 —
854 1881 933 1928 163v.
974 1880 1050 1927 Gedr.
1067 1880 1091 1927 b.
1107 1881 1149 1926 Ta.
1166 1880 1256 1929 ssttu
1270 1898 1321 1951 'eoa
1340 1880 1457 1927 linbesno
1476 1880 1560 1927 lirnarn
1580 1880 1617 1927 tie

309 1958 362 1997 turn
382 1954 511 2000 malornm.

861 2020 1013 2027 b———w-
1017 2021 1061 2026 -—-

309 2100 394 2168 aad.
420 2100 464 2173 ll.
487 2120 531 2168 arr
555 2101 665 2174 llenr.
686 2099 885 2171 liusardus.
1099 2098 1360 2183 (tornareto.)
1393 2098 1552 2167 (llutobor
1561 2100 1614 2169 18.

378 2213 440 2260 lint.
463 2214 562 2261 mdohte
589 2229 651 2272 garn
675 2213 723 2274 den
742 2214 839 2259 Narnen
862 2214 905 2259 des
924 2213 1027 2271 Spiorres
1052 2212 1153 2270 missen,
1175 2212 1219 2257 der
1237 2226 1264 2256 so
1282 2212 1332 2256 viel
1355 2211 1471 2257 Falselrea
1490 2210 1552 2257 subur
1570 2210 1615 2257 ilm

308 2292 493 2343 anrgesprengt.
529 2284 603 2331 Soinc
614 2284 707 2331 t‘oindc
726 2284 826 2329 werdon
845 2283 924 2329 durch
938 2284 987 2329 alle
1005 2282 1059 2328 ibrc
1071 2281 1274 2327 Machinationon
1295 2282 1358 2327 doeh
1377 2281 1459 2327 niclrta
1478 2280 1615 2328 errolchen.

309 2354 342 2399 Er
359 2354 415 2400 toilt
433 2354 481 2401 den
500 2354 553 2400 'l’orl
571 2354 653 2400 seinos
670 2354 798 2401 Freundes
816 2353 940 2400 Biermost
959 2352 1008 2399 und
1027 2354 1109 2399 acinos
1128 2352 1235 2398 roardus
1255 2353 1341 2398 llnlcis
1360 2352 1413 2403 mit,

389 2451 540 2534 Spectato
562 2448 984 2526 viroHenrieollnsardo,
1007 2449 1109 2514 amico
1122 2468 1184 2513 non
1197 2448 1435 2529 contemnendo,
1457 2447 1616 2513 Matianus

309 2551 416 2616 Rufus.

388 2657 419 2717 S.
470 2654 567 2733 Oras,
601 2660 635 2718 ut
662 2653 882 2737 respondeam.
931 2653 1087 2719 Exorasti.
1134 2653 1344 2719 Timidiculus
1380 2653 1471 2718 homo
1504 2672 1556 2731 es,
1587 2653 1615 2718 si

308 2776 422 2827 nomen
448 2756 675 2840 exploratoris³
699 2777 765 2831 non
791 2756 891 2821 audes
917 2757 1096 2822 enunciare.
1139 2758 1188 2821 An
1212 2757 1291 2821 mihi
1318 2755 1437 2821 diffidis
1463 2764 1614 2838 tanquam

307 2878 425 2922 arcana
446 2858 617 2943 proditura,
637 2880 677 2923 an
689 2859 896 2943 conspirastis
913 2860 1098 2943 interposito
1116 2859 1316 2925 iureiurando
1333 2859 1419 2924 velut
1434 2858 1615 2924 sacerdotes

307 2961 367 3025 dee
378 2960 550 3027 Eleusine?
590 2961 794 3045 Pythagorici
807 2983 869 3027 non
888 2962 1164 3027 communicabant
1178 2982 1236 3027 sua
1248 2981 1340 3025 sacra
1351 2980 1419 3025 enm
1433 2961 1614 3044 prophanis.

311 3063 475 3146 Utcunque
495 3064 552 3143 sit,
572 3065 707 3129 arbitror
727 3084 798 3129 eom
819 3084 889 3129 esse
909 3063 1199 3144 archimandritam,
1220 3064 1274 3146 qui
1295 3064 1369 3128 olim
1391 3064 1523 3145 indigne
1544 3063 1616 3127 tulit

307 3165 522 3230 Alexandrum
559 3187 580 3230 a
612 3166 689 3230 villa
723 3166 805 3230 Dei⁴
840 3167 937 3248 vulgo
970 3166 1035 3231 dici
1072 3166 1197 3231 Gallam
1231 3166 1380 3247 ignorans
1410 3165 1532 3230 scilicet
1566 3166 1615 3230 bis

308 3267 433 3332 Gallum
455 3268 561 3348 lhisse,
582 3267 642 3333 boe
662 3275 720 3344 est,
741 3276 863 3333 castum
874 3268 1069 3334 sacerdotem
1086 3278 1117 3334 et
1132 3269 1260 3333 natione
1272 3267 1407 3332 Gallum.
1454 3268 1616 3349 interroga

308 3370 486 3450 Urbanum,
512 3371 624 3435 audies
650 3370 790 3435 fabulam
817 3370 992 3436 ridiculam.
1041 3371 1153 3436 Pastor
1172 3378 1220 3435 est
1241 3370 1501 3453 Orbadorphius⁵
1530 3376 1561 3435 et
1587 3370 1614 3434 si

308 3492 348 3537 ea
368 3472 483 3553 retulit,
504 3492 565 3555 que
584 3473 729 3548 narrasti,
753 3473 893 3556 profecto
916 3492 965 3537 me
989 3479 1021 3539 et
1041 3492 1128 3537 meos
1147 3472 1289 3555 despicit
1331 3470 1401 3537 Sint
1423 3472 1615 3537 favorabiles

308 3574 393 3659 apud
415 3594 489 3640 suos
509 3574 694 3650 adversarii,
716 3576 805 3639 alant
826 3573 1028 3657 splendidam
1051 3576 1243 3653 clientelam,
1265 3574 1394 3639 vincant
1413 3595 1462 3640 me
1483 3572 1615 3651 divitiis,

308 3676 427 3741 iactent
446 3676 516 3741 fora
536 3684 567 3741 et
587 3678 700 3758 curias,
722 3679 801 3743 itent
821 3676 864 3741 ad
887 3677 999 3742 lnlinm
1020 3684 1236 3761 quercentem,
1257 3684 1387 3743 teneant
1407 3677 1492 3743 mille
1514 3696 1615 3743 sacer-

308 3778 410 3857 dotia,
449 3798 606 3860 nunquam
640 3787 745 3846 tamen
776 3780 816 3845 de
847 3799 906 3846 sua
934 3779 1163 3863 tranquillitate
1196 3779 1370 3845 Matianum
1401 3780 1615 3845 dimovebnnt

308 3900 499 3907 ..Μ--

372 3959 383 4001 l
404 3964 459 4018 Dic
480 3962 609 4019 Articuli.
647 3964 711 4036 vgt.
724 3964 768 4020 Br.
782 3966 849 4023 ala.

369 4040 383 4082 ‘²
404 4043 447 4098 De
468 4062 558 4098 rernm
580 4052 686 4102 natura.
709 4046 743 4101 V.
766 4046 984 4105 1113-1114,
1005 4092 1009 4101 .

370 4119 384 4163 ³
403 4124 467 4196 vgl.
481 4124 527 4177 ΒΓ.
539 4126 607 4180 218.

368 4200 383 4243 ⁴
404 4204 463 4259 Der
483 4205 626 4260 Vcrfaoser
650 4208 699 4260 ‹lcs
720 4206 881 4261 Doctrinale
902 4224 1062 4279 puerorum,
1090 4206 1166 4261 cirron
1189 4205 1216 4257 in
1238 4204 1419 4259 lntoirrisclren
1441 4205 1546 4258 Versen
1567 4223 1614 4276 gn-

308 4286 490 4340 schricbcnen
513 4287 558 4342 lat.
574 4286 757 4354 Gramrnatik,
777 4287 882 4341 welche
904 4287 946 4341 bis
967 4304 1027 4339 num
1046 4286 1196 4340 ulubrnclrc
1217 4286 1265 4339 der
1288 4302 1377 4338 neiron
1391 4284 1449 4337 Zoit
1467 4284 1494 4337 in
1511 4284 1613 4339 hohern

310 4366 440 4419 Anscben
468 4368 563 4435 atarrd,
591 4385 644 4421 von
671 4369 724 4420 den
747 4367 931 4421 Humanisten
952 4368 1020 4421 aber
1046 4385 1096 4421 aurs
1123 4369 1177 4420 den
1206 4366 1328 4419 Sohnlen
1355 4366 1489 4419 verbarmt
1514 4366 1614 4420 rvurdc.

309 4444 373 4517 vgl.
383 4445 464 4501 Hntt.
475 4464 520 4517 op.
531 4446 628 4517 Suppl.
642 4447 671 4499 ll
691 4465 719 4517 p.
731 4446 788 4499 297
799 4474 835 4485 -
844 4446 911 4501 300.

369 4520 464 4580 ⁶Ilan
488 4526 600 4599 heutige
619 4526 772 4581 Stiidtchen
793 4526 918 4582 Ohrdruf
941 4527 977 4581 ist
1003 4528 1020 4580 3
1043 4526 1166 4581 Sturrden
1193 4526 1301 4581 stldlich
1329 4543 1383 4580 ron
1404 4524 1509 4595 Gotho,
1535 4524 1615 4579 nicht

311 4606 373 4661 weit
392 4624 447 4661 von
466 4605 656 4683 Georgenthal
676 4608 801 4681 gelegen.
