3625 5192
296 346 347 400 104
676 344 936 414 Gesrhicbtsquellen
956 346 1004 399 der
1021 344 1095 399 Prov.
1118 346 1239 400 Sacheeu.

295 496 400 578 ginem
423 494 518 576 capit.
560 492 680 571 erarto
706 492 858 577 deinceps
885 512 969 558 anno
999 494 1144 558 subeunti
1168 492 1267 557 Silvie
1293 492 1403 556 hlartis
1429 492 1531 557 lucum
1554 490 1604 557 vis

295 596 400 680 puelle
422 568 629 760 illatasesp]
633 596 820 659 Persuasum
842 594 971 677 quidam
994 596 1133 661 habuere
1161 595 1202 660 ab
1232 614 1294 660 uuo
1316 613 1478 677 procorum
1506 594 1604 660 fuisse

295 720 366 764 eam
387 718 479 781 comp
496 718 617 773 essaur,
645 698 698 778 qui
720 696 806 761 illius
827 697 966 761 noudum
987 697 1113 762 initiate
1134 716 1239 762 umore
1268 703 1397 779 eaptus,
1424 715 1493 761 cum
1521 696 1603 761 ultra

295 802 477 867 diuturnum
506 800 653 865 affectum
680 797 761 865 ferre
786 818 849 865 non
877 805 998 883 posset,
1026 800 1153 865 incaute
1179 798 1222 863 sit
1251 798 1429 865 insidiatus.
1477 799 1541 863 Alii
1570 799 1601 862 iu

208 896 216 911 '
294 903 454 967 Amulium
477 902 511 965 id
533 902 650 967 crimen
672 903 851 981 conferunt,
881 908 916 965 ut
943 908 1092 965 nontam
1122 900 1227 985 puelle
1252 901 1353 966 lhrma
1379 906 1481 966 motus
1508 918 1601 982 quarn

295 1013 329 1069 ut
354 1004 387 1067 iu
410 1011 555 1091 apertum
582 1004 647 1067 vite
680 1002 850 1067 discrimen
876 1002 1027 1067 viciatam
1053 1002 1238 1083 adduceret,
1275 1009 1429 1067 armatum
1457 1022 1528 1067 sese
1555 1002 1601 1067 illi

294 1106 443 1172 obtulerit
462 1107 631 1186 incertum,
656 1112 689 1170 ut
710 1106 801 1189 culpe
822 1112 913 1170 autor
932 1105 1059 1181 lateret,
1082 1126 1122 1169 au
1146 1114 1180 1170 ut
1201 1103 1357 1170 horridior
1378 1123 1543 1170 occurrens
1561 1105 1602 1169 oh

295 1216 412 1273 metum
432 1208 549 1272 iuiuric
571 1208 675 1288 magis
696 1205 867 1272 obnoxiam
893 1206 1032 1272 haberet.
1077 1206 1140 1271 Sed
1168 1207 1265 1271 multo
1292 1206 1399 1291 plures
1421 1226 1602 1291 compressu

295 1309 406 1375 llartis
422 1308 589 1391 gravidam
600 1308 716 1373 laetam
729 1308 936 1392 prodiderunt
947 1308 1088 1386 dubium,
1108 1326 1157 1388 ue,
1177 1315 1213 1373 ut
1224 1308 1282 1373 hoe
1295 1308 1456 1373 mendatio
1467 1309 1602 1373 Romani

295 1413 405 1496 populi
426 1412 582 1494 originem
603 1409 818 1492 augustiorem
839 1411 980 1475 iacerent
994 1431 1045 1488 an,
1067 1416 1101 1473 ut
1117 1418 1192 1476 tnnc
1214 1417 1282 1475 erat
1302 1410 1462 1476 hominum
1483 1411 1601 1493 opinio,

295 1514 342 1579 ita
367 1532 551 1597 persuasum
578 1512 754 1577 habuerint.
797 1511 923 1576 hlareus
944 1511 1040 1577 Varro
1068 1530 1138 1576 cum
1160 1530 1262 1594 neque
1284 1512 1400 1577 laetum
1422 1512 1600 1587 affirmaret,

295 1635 397 1697 neque
426 1614 466 1680 de
487 1634 544 1680 sue
572 1613 659 1679 urbis
680 1613 804 1695 origiue
823 1614 906 1678 male
935 1613 1058 1696 opinari
1082 1612 1185 1679 videri
1211 1615 1320 1689 vellet,
1349 1633 1445 1697 opere
1467 1614 1600 1699 pretium

295 1715 328 1781 id
357 1736 428 1783 esse
455 1715 701 1797 civitatibusque
731 1713 931 1780 conducibile
959 1720 1094 1780 testatus
1125 1722 1189 1795 est,
1220 1716 1248 1781 si
1274 1716 1370 1782 etiam
1405 1716 1519 1782 salsum
1550 1718 1602 1799 sit,

295 1838 384 1885 stram
405 1818 561 1900 originem
584 1816 625 1881 ad
636 1816 713 1882 deos
723 1818 848 1897 referre,
868 1823 902 1883 ut
922 1836 959 1882 eo
979 1815 1072 1881 modo
1085 1815 1239 1881 humanus
1250 1818 1375 1883 animus
1394 1818 1480 1885 velut
1491 1818 1601 1886 divine

294 1922 404 2004 stirpis
424 1920 537 1985 fidutia
558 1938 608 1985 res
628 1938 762 2000 magnas
776 1918 924 1983 audatius
936 1918 1163 2001 aggrederetur
1176 1918 1348 2003 tertiusque
1369 1928 1493 2004 gereret
1516 1921 1601 2004 ipsa-

294 2042 355 2106 que
376 2024 544 2088 securitate
566 2021 756 2103 transigeret
777 2020 905 2087 felitius.
947 2020 1018 2102 Ego
1044 2022 1103 2085 etsi
1131 2020 1242 2102 video,
1271 2042 1332 2105 que
1360 2023 1394 2088 iu
1421 2022 1600 2089 huiusmodi

293 2124 388 2191 rebus
406 2124 570 2190 tradendis
593 2123 658 2189 siut
678 2122 852 2187 Christiani
874 2121 1011 2188 hominis
1032 2128 1154 2207 partes,
1182 2123 1291 2189 divum
1312 2132 1418 2191 tamen
1439 2124 1600 2192 Aurelium

294 2232 420 2292 secutus
445 2227 477 2291 iu
500 2225 605 2291 medio
635 2224 719 2289 huuc
744 2225 845 2289 loeum
867 2224 1026 2306 relinquo,
1055 2224 1139 2307 quod
1167 2244 1205 2291 eo
1226 2226 1376 2293 libentius
1396 2228 1493 2309 iaeio,
1517 2227 1601 2310 quod

294 2330 369 2394 talis
389 2348 471 2411 pene
492 2328 615 2410 questio
640 2346 662 2391 a
687 2325 803 2390 nostris
823 2344 948 2408 quoque
973 2326 1139 2392 Lactantio
1161 2333 1193 2391 et
1213 2326 1287 2392 aliis
1306 2328 1463 2411 theologis
1482 2330 1602 2395 iactata

296 2438 354 2511 cst,
374 2437 477 2495 utrum
498 2428 622 2510 augeli,
645 2433 678 2493 ut
698 2446 804 2492 eorum
825 2427 932 2493 uerbis
955 2441 1039 2507 utor,
1061 2430 1114 2510 qui
1135 2430 1326 2512 prevaricati
1348 2431 1511 2514 dicuutur,
1532 2453 1602 2497 cum

295 2532 456 2597 hominum
478 2530 662 2596 ntulieribus
683 2529 922 2604 concubuerint,
948 2530 1032 2595 uude
1057 2530 1118 2596 viri
1139 2531 1249 2613 fortes,
1277 2532 1330 2615 qni
1353 2532 1394 2597 ab
1417 2532 1509 2600 initio
1529 2540 1603 2600 sunt

293 2633 442 2717 gigantes
471 2632 565 2714 dieti,
597 2632 753 2715 procreati
784 2632 857 2697 sint.
914 2630 1059 2696 Meminit
1086 2633 1179 2699 huius
1209 2633 1422 2701 dubitaciouis
1447 2637 1603 2717 Aurelius,

293 2736 465 2801 acerrimus
491 2734 620 2817 pietatis
646 2733 807 2814 defensor,
827 2733 908 2797 libro
930 2732 1021 2799 tertio
1042 2732 1083 2799 de
1104 2734 1234 2799 civitate
1245 2734 1306 2800 Dei
1328 2736 1434 2820 eapite
1455 2742 1600 2819 quartol.

295 2838 365 2921 Ego
387 2836 552 2919 indiguum
573 2856 612 2903 ac
631 2856 713 2920 pene
734 2836 866 2918 impium
889 2836 1035 2900 existimo
1056 2835 1097 2899 ad
1119 2834 1411 2914 deorumnaturam
1435 2859 1496 2922 que
1507 2840 1602 2907 beata

293 2950 327 3005 et
348 2940 530 3023 incorrupta
548 2940 604 3014 sit,
627 2958 697 3004 eam
718 2938 860 3002 theudam
889 2939 1014 3003 rel'erre.
1056 2938 1126 3003 Non
1155 2947 1203 3005 cst
1224 2952 1318 3023 ergo·
1343 2940 1481 3007 Vestalis
1501 2943 1561 3009 llia
1581 2963 1603 3008 a

293 3040 394 3108 hlartc
428 3044 561 3108 subaeta
594 3060 697 3123 neque
726 3049 782 3105 tua
806 3034 950 3123 Γλαφύρα
985 3032 1163 3121 λευκόροδον.
1211 3042 1303 3119 Quod
1336 3052 1440 3109 autem
1475 3044 1517 3109 ad
1543 3046 1600 3112 llie

293 3145 493 3229 puerperium
515 3145 665 3228 pertinet,
693 3143 761 3208 sive
782 3141 838 3205 illa
857 3144 944 3225 genii
967 3142 1101 3208 alicuius
1125 3144 1194 3208 sive
1214 3146 1356 3211 mortalis
1383 3148 1489 3230 potius
1516 3168 1598 3213 com·

292 3265 403 3332 pressu
425 3232 586 3330 pregnans
605 3248 705 3325 tacta,
725 3245 778 3310 uhi
801 3264 835 3309 se
856 3253 978 3310 uterum
1001 3244 1213 3327 briocensis,
1235 3249 1344 3312 matris
1366 3268 1476 3329 suasu,
1504 3270 1597 3331 quam

293 3348 471 3416 secretioris
492 3354 662 3431 conceptus
684 3347 725 3412 ab
746 3348 838 3411 initio
867 3349 984 3412 iecerat
1011 3348 1214 3431 participem,
1242 3350 1391 3415 simulata
1417 3351 1597 3433 egritudine

293 3455 325 3518 iu
346 3452 472 3536 privato
493 3470 563 3517 sese
591 3450 692 3515 tenuit
717 3470 779 3515 non
809 3450 913 3513 minus
939 3450 980 3514 ad
1006 3450 1191 3532 religionem
1219 3471 1313 3533 qrram
1340 3450 1383 3516 ad
1410 3452 1597 3519 celanduml

266 3564 412 3621 'uterum
442 3554 601 3637 pertinere
621 3562 706 3633 rata,
735 3553 762 3617 si
790 3552 908 3636 polluto
935 3572 1065 3636 corpore
1092 3553 1192 3617 sacris
1226 3552 1408 3619 abstineret.
1454 3555 1598 3621 Amulius

292 3658 360 3723 sive
389 3656 530 3722 oriminis
557 3655 752 3719 conscientia
778 3654 846 3721 sive
880 3656 947 3719 alia
983 3654 1158 3738 suspitione
1194 3660 1295 3720 motus
1326 3675 1384 3739 per
1409 3656 1504 3721 lidum
1535 3658 1596 3723 sibi

290 3758 447 3823 medicum
468 3756 722 3823 sciscitahuudus
741 3758 888 3839 inquirit,
915 3775 977 3839 que
997 3758 1047 3822 vis
1068 3776 1108 3821 ea
1129 3757 1228 3822 morbi
1250 3764 1351 3839 esset,
1376 3778 1437 3841 que
1458 3759 1596 3843 puellam

291 3870 356 3924 tam
381 3860 435 3924 diu
458 3879 478 3923 a
496 3859 670 3924 ministerio
690 3859 864 3925 distineret.
897 3859 1012 3925 Verum
1034 3865 1133 3925 matre
1145 3859 1281 3942 aliisque
1294 3880 1442 3926 arcanum
1456 3862 1597 3928 morbum

360 4000 372 4028 ⁸
391 4006 417 4051 Γ
428 4020 495 4065 erga.
554 3988 567 4026 b
584 4005 610 4050 F
624 4005 762 4052 celandam.

292 4148 490 4157 ..——--·----=-

353 4240 364 4285 l
386 4244 457 4300 Nom
479 4252 507 4300 et
527 4246 569 4299 vir
582 4245 759 4301 doctissimus
773 4263 869 4300 eorum
881 4246 968 4301 Varro
986 4246 1056 4303 falsa
1067 4247 1136 4303 haee
1152 4266 1219 4318 esse,
1241 4250 1367 4320 quamvis
1388 4268 1442 4305 non
1465 4252 1596 4308 audacter

290 4342 380 4396 nequo
403 4324 528 4396 fidenter,
549 4344 637 4396 paene
657 4334 750 4381 tamon
767 4325 877 4382 fatetur.
920 4328 974 4381 Sed
995 4328 1063 4383 utile
1085 4346 1144 4383 csse
1165 4330 1323 4386 civitatibus
1343 4331 1419 4401 dicit,
1440 4338 1472 4387 ut
1492 4350 1521 4387 sc
1542 4334 1594 4387 viri
1669 4316 1675 4327 ¹

289 4406 384 4472 fortes,
405 4406 512 4460 etiamsi
531 4406 632 4460 t‘alsum
655 4406 706 4474 sit,
727 4405 780 4460 diis
803 4406 913 4477 genitos
934 4425 992 4461 csse
1014 4408 1139 4477 credaut,
1162 4416 1192 4463 ut
1214 4428 1247 4465 eo
1268 4412 1349 4465 modo
1371 4412 1480 4467 animus
1499 4414 1594 4468 humu-

288 4504 341 4539 nus
371 4486 447 4540 velut
472 4486 582 4540 divinae
607 4486 700 4557 stirpis
726 4484 854 4540 fiduciam
882 4504 981 4557 gerens
1007 4506 1050 4543 res
1078 4506 1191 4561 magnas
1213 4491 1412 4562 adgrediendos
1438 4500 1596 4564 praesumat

285 4566 426 4633 audactus,
445 4574 510 4641 ngat
533 4566 724 4623 vehementius
745 4572 774 4621 et
794 4567 831 4623 ob
853 4568 907 4622 hoc
928 4568 1045 4639 impleut
1064 4568 1124 4644 ipsa
1146 4570 1294 4629 securitate
1316 4571 1437 4633 feliciutt.
