3625 5192
319 363 372 417 806
692 359 951 430 Gescbichtsqusllen
970 360 1019 415 der
1038 359 1112 419 Pmr.
1131 359 1253 416 Snebssn.

321 552 400 621 227.
422 552 467 625 ll.
489 572 536 620 an
556 551 698 620 Johamr
722 502 897 623 110111οΙ1.ι
1165 548 1297 637 (betha
1308 549 1408 621 1512.
1439 548 1625 632 (llutober.)

390 677 453 723 utut.
476 676 553 723 blttst
577 676 625 722 den
645 676 737 722 flector
758 676 804 722 der
826 676 981 723 Universitllt
1002 676 1098 735 Erl'urt‚
1122 676 1208 721 acinon
1228 676 1334 721 Einfluss
1356 676 1395 721 ror
1418 674 1458 720 dio
1473 674 1625 733 Verleibung

322 748 366 794 der
380 748 542 808 juriatischcn
563 747 692 792 Professor
709 762 741 792 nn
761 746 889 792 llereborri
907 762 933 797 v,
949 746 972 791 d.
988 744 1103 791 hiarthsn
1124 746 1225 804 geltend
1244 760 1273 791 au
1292 748 1405 792 machon.

401 845 561 909 blutianus
583 843 683 908 Rufus
703 845 856 925 magistro
878 844 987 907 loanni
1009 843 1207 907 Wcrlich¹.

401 953 435 1009 S.
478 947 610 1030 Accepi,
637 946 813 1010 clarissime
834 955 951 1027 rector,
979 946 1200 1010 Herebordum·
1222 946 1463 1011 iureconsultum
1491 966 1507 1008 a
1538 952 1569 1009 te
1595 951 1627 1009 et

320 1050 367 1113 tui
388 1048 545 1114 similibus
566 1047 765 1129 gravissimis
787 1055 818 1111 et
839 1047 1031 1112 doctissimis
1041 1049 1118 1113 uiris
1142 1048 1376 1129 comprobatum
1399 1034 1451 1111 iris
1488 1046 1527 1111 Irl
1550 1047 1625 1111 mibi

321 1170 391 1215 cum
412 1152 502 1215 multi
523 1150 654 1214 cottidie
676 1151 762 1214 velut
783 1150 1007 1231 gratulabundi
1030 1170 1087 1231 per
1108 1150 1261 1231 epistolas
1282 1149 1475 1232 significent,
1496 1151 1628 1229 gauisus

321 1270 389 1316 sum
411 1270 560 1335 promea
581 1271 657 1332 ergo
679 1253 813 1333 patriam
836 1261 921 1315 tuam
939 1254 1081 1330 caritate,
1102 1251 1185 1332 quod
1208 1252 1335 1317 tandem
1357 1261 1487 1316 senatus
1506 1252 1626 1315 consul·
1680 1244 1685 1254 ’

320 1362 421 1419 torum
443 1354 539 1419 talem
560 1354 701 1418 studiose
725 1354 829 1435 legum
851 1353 1005 1417 iuventuti
1026 1354 1200 1436 profecerit,
1222 1354 1347 1434 qualem
1361 1354 1512 1417 hactenus
1532 1353 1627 1416 isthic

319 1458 352 1521 iu
374 1456 564 1539 paraphrasi
594 1456 737 1537 legitima
765 1474 826 1518 uon
849 1454 930 1518 vidit
950 1463 1019 1518 etas
1040 1464 1155 1519 nostra.
1199 1456 1310 1537 Neque
1331 1456 1431 1529 enim,
1459 1457 1542 1537 quod
1565 1475 1627 1518 sor-

319 1558 406 1622 dium
433 1566 495 1638 est,
525 1558 672 1622 addictus
692 1559 777 1621 lucro
799 1557 917 1620 lirnium
941 1556 1050 1620 rendit
1070 1564 1104 1620 ut
1126 1557 1294 1639 importuni
1317 1558 1440 1637 rabula,
1463 1558 1518 1621 sed
1542 1559 1627 1621 lasti-

318 1661 389 1725 dita
411 1660 560 1725 barbaria
580 1667 612 1723 et
633 1658 840 1722 cavillatoriis
859 1656 982 1721 technis
1002 1676 1117 1739 susque
1138 1659 1239 1739 deque
1261 1658 1378 1723 habitis
1399 1659 1500 1723 fontes
1522 1660 1627 1741 legum

320 1765 483 1845 eleganter
505 1760 658 1844 patefacit
679 1768 711 1824 et
733 1759 869 1824 evolutis
890 1760 1014 1824 idoneis
1036 1760 1259 1843 scriptoribus,
1281 1780 1341 1841 que
1363 1760 1483 1825 nodosa
1504 1770 1629 1825 suntet

319 1873 532 1942 controversa,
553 1882 611 1947 pro
623 1862 707 1925 virili
729 1871 819 1925 curat
841 1861 1002 1943 explicare
1013 1881 1081 1925 cum
1095 1861 1628 1945 maximadiscipulorumutilitate.
1711 1894 1721 1907 ι

322 1966 436 2031 Verum
449 1984 521 2029 cum
541 1984 623 2029 nove
643 1955 743 2045 glorie
766 1964 950 2046 plerumque
968 1982 1073 2027 comes
1095 1964 1136 2027 sit
1157 1964 1281 2028 invidia
1302 1971 1334 2027 et
1354 1973 1498 2048 spectata
1519 1967 1629 2048 virtus,

321 2067 383 2133 nisi
395 2070 549 2133 clarorum
565 2067 753 2130 auctoritate
766 2066 934 2144 muniatur,
950 2084 1025 2145 egre
1037 2064 1091 2128 diu
1104 2066 1266 2129 consistat.
1279 2085 1385 2147 perge,
1393 2082 1503 2147 'quesn
1521 2068 1629 2130 farere

319 2170 383 2235 civi
404 2190 559 2252 generoso
584 2178 616 2232 et
636 2168 753 2231 diserto
774 2175 806 2230 et
826 2167 1045 2250 surplitudiuis
1067 2178 1118 2230 tue
1140 2169 1280 2231 studioso
1300 2174 1331 2231 et
1351 2167 1429 2231 mihi
1450 2169 1532 2232 iuter
1552 2170 1627 2232 anri·
1694 2222 1696 2227 .

320 2273 464 2338 cissimos
484 2278 550 2335 tum
571 2289 645 2335 earo
665 2278 729 2332 tum
743 2268 887 2332 iucundo.
931 2268 1179 2349 Presedisti²tu,
1201 2270 1250 2332 vir
1260 2270 1387 2351 optime,
1410 2270 1515 2333 multis
1536 2272 1629 2335 anuis

320 2374 353 2437 in
374 2376 498 2438 theatro
520 2374 670 2437 bonarum
693 2372 812 2435 arcium
832 2380 865 2435 ut
885 2373 1107 2452 magistrorum
1121 2370 1354 2436 literatissimus
1375 2382 1406 2437 et
1427 2390 1510 2437 nunc
1529 2374 1630 2435 tocius

321 2477 365 2540 rei
388 2476 527 2540 literarie
548 2476 660 2538 merito
682 2476 806 2537 clarum
822 2481 920 2551 tenes,
944 2482 977 2536 ut
993 2474 1216 2556 iuvarepossis
1238 2492 1411 2555 ornareque
1434 2482 1519 2536 tuum
1533 2472 1628 2537 llere·

321 2576 453 2642 bordum
476 2577 526 2642 vel
548 2578 615 2641 solo
637 2586 730 2649 nutu,
760 2576 928 2657 suffragio,
960 2574 1188 2639 benevolentia.
1230 2574 1340 2657 ltaque
1367 2576 1395 2639 si
1425 2576 1630 2659 professionis

323 2681 457 2745 bonores
474 2687 506 2743 et
520 2677 685 2741 commoda
706 2678 833 2759 petierit
856 2678 1019 2759 -plures
1038 2678 1122 2740 enim
1142 2676 1286 2742 ambiunt
1307 2698 1367 2742 non
1390 2679 1522 2761 perinde
1543 2678 1628 2741 docti

227 2842 230 2847 .
322 2790 354 2845 et
370 2780 503 2845 modesti
530 2816 563 2825 ·-
587 2798 648 2841 nrru
664 2780 795 2843 recedas
816 2779 858 2841 ab
879 2798 986 2841 annue
1008 2780 1127 2861 patrie,
1149 2782 1252 2842 civem
1274 2780 1448 2861 egregium,
1469 2780 1628 2843 doctorem

322 2882 599 2961 humanissimum,
629 2882 781 2944 studiosis
809 2882 1058 2963 omnitempore
1086 2900 1208 2946 summa
1236 2880 1355 2965 pietate
1377 2882 1629 2963 prosequendum

322 2986 580 3067 competitoribus
601 2996 773 3067 crumpens,
804 2992 838 3044 ut
857 2983 988 3063 gloriari
1009 2982 1135 3046 tandem
1158 2983 1333 3064 aliquando
1351 2984 1442 3047 nobis
1461 2983 1556 3047 liceat
1577 2993 1630 3048 tuo

323 3085 492 3166 beneficio,
520 3086 655 3161 auxilio,
683 3085 824 3168 presidio
844 3084 999 3149 firmatam
1021 3097 1209 3165 auctamque
1231 3085 1328 3149 fuisse
1352 3085 1525 3149 Herebordi
1549 3086 1628 3149 blar-

322 3189 418 3270 gariti
441 3188 639 3269 dignitatem.
681 3186 771 3266 Vale,
790 3187 1024 3269 spectatissime
1043 3182 1295 3269 gymnasiarcho.

394 3330 573 3378 llandscbrihl.
593 3330 614 3375 F
629 3330 678 3377 231
698 3331 739 3377 fol.
753 3330 852 3376 1570-
866 3330 912 3377 lb?
921 3346 944 3376 rr.

876 3492 1009 3501 ———

299 3596 405 3677 Ι228.
428 3594 471 3661 11.
493 3614 538 3661 00
561 3592 696 3665 Urbes.
1057 3597 1188 3683 (hotho
1200 3598 1292 3667 1512.
1324 3597 1423 3665 liudo
1446 3597 1630 3683 llktobor.)

395 3720 457 3766 blut.
479 3718 560 3765 darrlul
579 3719 664 3765 Urban
688 3721 727 3765 fuir
749 3720 789 3765 dic
812 3720 937 3766 Schriften
964 3720 1008 3767 (lcr
1032 3722 1128 3767 liiilucr
1152 3738 1230 3781 gcgcrr
1255 3724 1375 3769 llcuclrlin
1398 3724 1449 3769 und
1473 3724 1556 3771 orteilt
1578 3724 1630 3770 ibm

324 3790 477 3837 mauchcrloi
496 3791 623 3848 beitrage.

405 3888 544 3952 Maximo
580 3898 612 3951 et
640 3888 827 3973 probissimo
860 3890 1032 3952 amicorum
1060 3888 1196 3953 Hemico
1225 3882 1395 3971 Urbano,
1432 3890 1631 3976 philosopho,

324 3991 486 4055 blutiauus
505 3990 614 4055 Rufus.

325 4154 525 4165 ...---

389 4262 399 4305 ¹
421 4265 669 4322 JolrauuWerlicb
690 4286 740 4323 aus
756 4266 850 4323 Erfurt
870 4267 935 4321 lioss
956 4268 1015 4322 sich
1033 4268 1116 4323 blieb.
1132 4266 1207 4320 1484
1229 4269 1352 4323 daselbst
1371 4268 1632 4337 immalrilruliercu,

305 4346 451 4416 'criangte
477 4345 551 4398 laec
573 4348 618 4401 dic
640 4348 880 4417 blagistcrwiiule‚
903 4350 976 4401 1501
1001 4351 1053 4403 dou
1076 4356 1166 4403 ersten
1188 4350 1396 4421 theologischcn
1419 4350 1494 4405 Grad
1516 4352 1570 4404 und
1593 4351 1630 4403 im

328 4426 439 4480 Wirrtcr
463 4425 587 4501 lcltslt
611 4429 655 4481 dic
676 4428 857 4482 Liarrrrziatur.
897 4430 952 4481 Am
977 4428 1022 4480 18.
1044 4430 1166 4483 October·
1188 4430 1263 4481 1512
1292 4430 1393 4483 wiibltc
1420 4430 1469 4483 ibn
1498 4432 1543 4484 dic
1564 4430 1632 4487 Uul-

327 4508 442 4561 versitiit
460 4524 522 4560 zum
543 4507 655 4562 Rector.

389 4590 402 4625 ²
423 4588 482 4642 Der
501 4587 627 4643 Erfurter
647 4588 733 4643 Liber
753 4588 889 4642 rationum
914 4580 1079 4666 (1011130)
1101 4589 1170 4643 liiust
1189 4589 1238 4643 ilm
1261 4589 1335 4643 1511
1358 4590 1459 4645 Dckan
1480 4591 1548 4646 sein.
