3625 5192
723 258 812 314 Briels
834 260 955 315 Mutinns
972 262 997 315 3.
1015 261 1039 315 4.
1513 256 1529 309 7

224 404 277 471 vel
305 425 362 489 per
387 405 523 489 quedam
551 407 728 473 tabularum
756 416 851 492 atque
879 411 1073 491 enigmatnm
1100 408 1265 475 involucra
1289 408 1463 490 tradenda,
1495 428 1536 473 ne

168 546 181 569 ι
224 508 335 574 suibus
356 508 467 575 demus
489 511 686 593 margaritas.
729 511 778 577 Ob
807 510 839 575 id
868 512 1021 595 magister
1048 510 1115 577 vito
1140 510 1285 577 Christus
1311 511 1391 576 nihil
1419 512 1538 597 scripto

224 610 362 693 reliquit,
384 611 418 675 et
435 612 488 694 qui
511 614 704 695 scripserunt
721 614 883 679 historiam
899 613 1129 695 evangelicam,
1151 614 1199 679 usi
1222 619 1295 679 sunt
1315 613 1423 679 multis
1445 633 1536 697 para·

226 712 367 779 bolarum
390 699 621 796 integumentis.
666 714 790 793 Verum,
812 724 847 781 ιιι
868 723 954 801 puto,
976 714 1055 781 nihil
1077 715 1287 797 tamdictum,
1307 717 1392 799 qnod
1413 716 1536 798 peccati

225 816 334 897 magni
356 815 531 883 labeculam
555 816 679 883 haheat
720 817 803 883 Nanr
817 836 942 902 semper
953 818 1089 900 rosuioio
1101 818 1143 882 ad
1156 818 1285 884 verbum
1301 818 1380 883 illud
1401 819 1535 902 psalmo

225 918 338 1001 graphi
352 921 377 983 ¹:
401 920 462 999 „ln
485 926 550 983 toto
571 917 664 985 corde
678 940 748 983 meo
760 918 915 985 abscondi
927 920 1054 1002 eloquia
1069 927 1133 1001 tua,
1154 927 1272 986 utnon
1295 940 1421 1003 peccem
1442 919 1535 985 tibi“.

225 1020 438 1101 Τιιιιοιιοιιιι,2
464 1022 597 1105 scriptor
618 1020 845 1103 tragediarum,
873 1041 942 1086 curn
966 1021 1117 1088 nonnulla
1145 1042 1184 1087 ex
1212 1023 1371 1105 mysteriis
1399 1022 1538 1087 ludaicia

224 1122 269 1189 ad
291 1122 431 1189 fabulam
452 1122 612 1207 qnondam
638 1124 805 1189 trausl'errc
828 1124 940 1205 vellet,
967 1132 1081 1207 captus
1108 1131 1157 1189 est
1181 1123 1290 1189 oculis.
1331 1124 1426 1189 Absit
1450 1142 1536 1205 ergo,

225 1232 261 1289 ut
287 1225 480 1309 prophanum¹
510 1226 640 1291 auribus
669 1226 873 1291 enunciamus
900 1246 954 1307 ea,
990 1246 1053 1309 que
1084 1248 1146 1291 non
1176 1227 1251 1291 licet
1286 1234 1414 1291 auctore
1438 1226 1537 1292 Paulo

224 1326 343 1393 homini
367 1329 463 1410 loqui.
505 1328 571 1393 lloo
593 1328 726 1394 sortasse
746 1330 897 1395 maiorem
920 1326 1017 1395 habet
1037 1330 1181 1413 culpant,
1201 1328 1285 1410 quod
1307 1336 1457 1411 tanquam
1479 1328 1536 1393 im·

224 1450 343 1495 mernor
367 1430 490 1515 accepti
517 1429 654 1497 muneris
677 1450 739 1495 uon
761 1431 812 1512 egi
839 1432 962 1513 gratias
987 1430 1117 1496 Urbano
1143 1450 1222 1495 mco.
1262 1430 1436 1496 Peccassel
1463 1449 1535 1495 con·

224 1533 321 1597 liteor.
363 1533 494 1599 Absolvi
518 1552 567 1599 me
589 1532 713 1617 postulo
735 1540 767 1599 et
797 1552 853 1617 pro
873 1534 999 1598 actione
1019 1534 1198 1615 graciarum
1219 1532 1317 1597 offero
1340 1550 1391 1595 me
1416 1530 1475 1597 tibi
1503 1539 1535 1597 et

225 1636 315 1701 trado
337 1656 387 1701 rne
408 1642 508 1702 totum
530 1636 665 1701 et‘hanc
687 1636 874 1701 subitariam
900 1636 1067 1720 epistolam
1094 1655 1164 1701 mee
1183 1654 1261 1715 erga
1282 1641 1313 1699 te
1333 1633 1536 1699 observantie

224 1740 347 1823 pignus.
392 1738 507 1805 Valeas
528 1738 661 1803 feliciter
687 1746 719 1803 et
749 1758 822 1803 anra
846 1746 932 1803 tuam
959 1738 1185 1815 urbanitatem,
1214 1756 1275 1819 qno
1303 1736 1403 1800 virtus
1428 1735 1536 1801 media

222 1850 271 1907 cat
291 1842 373 1907 inter
394 1842 457 1907 duo
479 1842 574 1921 vitia,
600 1840 817 1907 austeritatem
839 1849 870 1904 et
893 1840 1130 1919 bomolochian,
1151 1858 1212 1921 que
1232 1839 1331 1904 latine
1359 1838 1535 1903 scurrilitas

223 1942 339 2008 dicitur
359 1954 391 2006 et
412 1942 612 2009 bomolochus
634 1962 750 2007 scurra.

304 2044 352 2109 Ex
373 2044 502 2109 (lotha
525 2044 577 2108 die
599 2044 756 2110 dominico
778 2054 810 2109 et
829 2045 920 2109 Petro
940 2058 997 2109 ac⁶
1018 2044 1117 2109 l’anlo
1138 2050 1330 2109 consecrato.

294 2186 505 2232 llandsclrrit‘tliclr
534 2186 560 2231 iu
588 2186 631 2231 dur
655 2185 819 2232 h'rauhiurtor
843 2185 1021 2244 llsrrdsubritt,
1055 2184 1096 2231 dia
1120 2184 1161 2230 ich
1188 2184 1233 2230 dur
1260 2184 1342 2232 lliirza
1370 2184 1458 2231 halben
1485 2185 1533 2231 ruit

226 2253 281 2315 „l¹'¹‘
310 2256 460 2303 bezeichnen
489 2257 600 2315 mbulrto,
628 2256 699 2301 Brinl'
729 2256 772 2301 No.
797 2256 817 2303 l.
837 2257 877 2303 iol.
900 2250 1017 2302 lr--2n
1070 2254 1201 2301 Gedruclrt
1228 2255 1267 2301 bai
1298 2254 1388 2301 Tannol
1421 2255 1462 2309 (Ξ
1484 2254 1529 2309 Ta)

222 2344 245 2386 p.
262 2327 462 2373 tt—luvoltst.

292 2436 302 2461 ¹¹
324 2443 356 2487 Τκ
377 2443 493 2503 profanis.
564 2426 577 2463 ¹³
595 2444 619 2486 1⁴¹
632 2457 740 2503 parnas.
812 2434 822 2461 ⁰
843 2442 875 2487 'l'z
894 2448 927 2488 at.

223 2726 257 2794 t.
280 2722 379 2789 ll.au
399 2722 571 2807 Spulutlu.
877 2722 1022 2807 (Gotho.
1056 2720 1122 2788 Um
1146 2722 1214 2787 alen
1237 2720 1392 2790 2blnul
1412 2720 1531 2805 ibib.)

293 2848 324 2893 hl.
347 2848 439 2894 meldat
462 2848 518 2894 deun
543 2849 669 2907 Spalatin,
701 2848 757 2893 dass
793 2863 819 2894 er
844 2849 892 2893 den
915 2848 1000 2893 l'rbau
1022 2862 1062 2892 am
1081 2846 1217 2899 carneaden
1236 2846 1303 2904 'laga
1321 2846 1423 2892 isannem
1443 2847 1531 2891 lernen

223 2918 317 2974 werdo,
346 2920 416 2977 lrlagt
446 2918 550 2965 ulsdann
577 2918 639 2965 iiber
672 2919 712 2963 dis
735 2918 836 2977 goringa
864 2918 982 2975 Achtnng
1013 2916 1064 2961 und
1087 2916 1297 2975 Wartachiitnung
1325 2916 1532 2962 humnnlstischor

228 2989 333 3036 Studien
352 2990 402 3035 und
421 2988 469 3035 <len
489 3003 588 3047 grossen
610 2990 718 3047 Anhang
736 2990 780 3035 der·
799 2988 935 3036 Barbaren.
956 2986 1089 3033 besontlsrs¹
1111 2987 1156 3033 aul
1166 2986 1336 3045 juristisuhem
1355 2986 1461 3033 Gabiate
1482 2986 1533 3033 und

222 3064 262 3105 rat
281 3059 331 3105 ihm
350 3058 515 3117 schiiesslith,
538 3058 590 3104 sich
609 3074 652 3105 zur
665 3058 828 3117 juristischsn
849 3058 936 3105 Praxis
955 3072 985 3103 zu
1004 3058 1156 3115 hequemcn,
1184 3071 1256 3103 wonn
1275 3071 1303 3102 er
1323 3056 1394 3102 nicht
1408 3056 1532 3115 nornieho,

223 3129 374 3175 Geistlichur
391 3144 420 3174 nn
440 3128 548 3175 worden.

304 3228 525 3309 spalatino
547 3247 602 3290 suo
620 3228 729 3291 latinis
751 3226 851 3291 literis
872 3226 918 3289 sic
929 3225 1052 3291 erudito
1073 3234 1107 3289 ιιι
1128 3224 1342 3289 eruditissimo
1363 3232 1395 3287 et
1409 3221 1567 3319 Q>

222 3348 317 3413 guam
339 3330 437 3413 polito
460 3329 617 3394 blutianus
639 3328 745 3393 Rut'us.

218 3440 229 3447 ’
305 3432 412 3497 Tertio
434 3431 487 3495 die
508 3440 602 3515 quam
626 3431 700 3496 hino
721 3431 924 3509 discesseras,
949 3432 1024 3496 dedi
1037 3431 1078 3495 ad
1096 3439 1127 3495 te
1148 3428 1432 3495 literasOthoni³
1452 3446 1530 3491 meo.

223 3534 307 3599 Nam
333 3536 393 3599 etsi
421 3535 541 3599 nullum
567 3554 666 3616 grave
694 3534 851 3599 habebant
886 3534 1049 3599 scribendi
1079 3539 1316 3615 argumentum,
1344 3529 1532 3597 salutandus

223 3646 328 3701 tamen
355 3656 426 3702 eras
452 3636 674 3701 benevolentia
701 3644 733 3700 ct
755 3636 871 3700 amoris
892 3655 977 3719 ergo.
1019 3637 1108 3716 Cras,
1128 3643 1215 3717 parto,
1233 3633 1360 3699 videbis
1381 3633 1454 3697 istic
1472 3632 1530 3697 Ur-

224 3740 356 3819 banum,
385 3757 454 3803 curu
483 3758 544 3822 qno
572 3738 670 3804 debes
704 3738 886 3803 societatem
920 3738 1012 3802 coire.
1065 3738 1174 3803 Preest
1207 3738 1291 3802 enirn
1322 3734 1531 3802 dominationi

222 3840 418 3925 amplissimo
440 3848 484 3916 et,
511 3841 587 3924 quia
609 3840 726 3905 defecit
747 3860 766 3905 a
789 3840 947 3922 barbaris,
978 3840 1093 3923 quibus
1113 3848 1161 3907 est
1182 3839 1421 3920 infestissimus,
1445 3838 1530 3905 haud

223 3942 319 4009 dubie
341 3942 438 4007 stabit
464 3942 505 4007 ab
526 3942 667 4007 eruditis.
713 3944 825 4023 Vides,
851 3943 1032 4028 Spalatine,
1052 3962 1147 4024 quum
1168 3944 1233 4009 sint
1253 3942 1397 4007 homines
1417 3942 1463 4007 rei
1484 3941 1531 4007 sa·

287 4176 297 4218 l

223 4178 561 4395 ωυδίίὲἰζιηῶιιιέἓᾶοἶιιει
570 4180 690 4317 Ῑιοὴιίιιι
719 4261 791 4315 nach
812 4260 951 4317 Eusebius
972 4261 1151 4333 Praeparatio
1176 4262 1338 4335 evangelica
1349 4260 1398 4317 lX.
1410 4258 1448 4313 22
1467 4253 1532 4335 περὶ

286 4416 300 4461 ³
322 4381 415 4478 Ueher
434 4422 488 4476 den
509 4422 727 4493 hiergenannten
751 4420 825 4477 Otho
852 4422 925 4477 habe
945 4422 992 4477 ich
1014 4424 1105 4479 nichta
1125 4424 1267 4479 ermitteln
1292 4423 1412 4480 lr'rinnen.
1452 4421 1528 4479 Viol-

223 4502 311 4559 lcicht
335 4521 389 4560 war
410 4519 439 4560 or
459 4503 500 4559 ala
524 4502 629 4559 Dieuor
650 4520 702 4559 nur
724 4502 808 4560 lurae
830 4502 890 4559 Zeit
911 4502 950 4559 im
973 4502 1067 4560 Hausc
1088 4503 1218 4563 blutians.
