3625 5192
598 352 688 412 Bricie
705 353 826 412 Mutisns
843 354 975 412 361368.
993 355 1052 412 369.
1070 353 1130 414 870.
1483 357 1518 411 29

224 537 227 540 ’
290 503 321 571 S.
365 505 443 590 Ego,
464 511 499 570 ut
518 506 610 572 decet
629 506 861 589 philosophum,
881 507 945 572 imo
971 505 1156 586 Mutianum,
1178 505 1329 572 audacter
1349 503 1390 571 de
1412 507 1516 572 vetulo

209 607 388 673 Rheinboto
409 608 450 673 ad
472 609 856 674 1111ιιιιιἰιιιίιιοοιιιιιΙιιιιιι1
878 610 946 674 diui
962 609 1112 674 audiente
1125 608 1262 674 Henrico
1274 610 1516 693 Apsrbaccho²z

210 710 296 789 „Der
317 710 362 775 alt
381 718 472 776 valer
492 711 597 776 sterbe
618 711 649 774 in
672 711 743 774 dem
763 731 876 776 nanren
891 719 971 792 griis.
1014 711 1057 776 Es
1078 714 1118 774 ist
1139 731 1189 774 am
1209 711 1408 778 allerbesten.
1450 713 1516 776 Pau

211 812 340 878 Domini
363 813 406 876 sit
427 833 497 878 cum
518 833 565 878 eo.
605 812 773 880 Addebam
796 813 875 878 illud
897 814 1035 879 Boetiil:

413 937 517 1018 „Mors
537 937 698 1002 hominum
719 937 805 1016 felix,
827 957 888 1020 qne
910 957 944 1004 se
963 957 1022 1003 nee
1043 937 1188 1003 dulcibus
1209 939 1302 1004 annis

452 1039 567 1105 luserit
580 1047 619 1133 et
639 1040 749 1104 mestis
769 1059 845 1123 sepe
866 1047 981 1105 vocata
1003 1041 1118 1106 veuit“

291 1163 381 1228 Obiit
401 1163 459 1228 sub
480 1163 584 1228 officio
611 1163 793 1245 vespertino
820 1163 872 1227 die
900 1165 1096 1228 ascensionis
1119 1164 1293 1230 Dominice.
1335 1167 1401 1231 Pan
1425 1169 1517 1248 vivis,

211 1267 335 1348 requies
354 1266 519 1330 detunctis.
561 1265 649 1329 Nihil
670 1263 756 1329 alind
780 1265 915 1329 occurrit
937 1266 1145 1348 inpresentia,
1174 1265 1257 1348 quod
1278 1268 1422 1333 scribam.
1466 1271 1515 1334 Τιι

210 1368 368 1433 iactante
394 1368 538 1448 belisque
567 1367 685 1432 valeas.
736 1366 809 1429 Vidi
838 1375 886 1431 ter
906 1365 1150 1451 pulcherrimam
1173 1371 1315 1450 reginam
1338 1371 1515 1439 loannis¹⁴.

212 1471 287 1555 lpsa
308 1471 472 1553 despexit,
499 1489 559 1550 ego
580 1469 709 1551 suspexi
732 1471 778 1533 uti
803 1477 963 1552 spectatur
991 1471 1169 1534 lbrmarum.
1211 1471 1287 1538 Erat
1305 1479 1371 1536 tota
1392 1492 1517 1556 marga-

124 1617 130 1626 ·
211 1572 281 1636 ritis
302 1580 334 1636 et
354 1591 432 1635 curo
453 1578 538 1635 tecta
559 1579 663 1655 preter
682 1571 810 1649 laciem;
828 1572 957 1652 gracilis
979 1580 1027 1636 est
1047 1579 1079 1635 et
1100 1571 1238 1638 candida
1260 1582 1292 1639 et
1309 1574 1410 1641 Deum
1432 1578 1516 1642 nolit.

212 1675 313 1738 Deum
334 1675 409 1738 colit
428 1674 543 1755 queml
583 1673 741 1757 Priapum.
784 1674 851 1738 lleo
871 1674 941 1738 ioeo
961 1674 1067 1739 elladi.
1109 1675 1217 1757 Parce,
1238 1686 1339 1761 pater.

290 1777 428 1859 Raptim.

241 1973 249 2018 1
283 1901 461 1948 Ηιιιιι1ιι1ιι1111.
483 1901 504 1946 P
527 1900 574 1947 168
592 1899 840 1949 corbem-teci.
882 1901 957 1948 Gedr.
976 1901 999 1950 b.
1018 1901 1052 1948 'l'a
1070 1901 1092 1951 S.
1111 1903 1160 1948 110
1182 1919 1227 1948 rou
1246 1901 1304 1949 vict
1330 1910 1368 1950 ter
1388 1903 1423 1950 bia
1442 1903 1514 1952 riorum

210 1973 278 2018 enit.

280 2072 290 2098 ³
311 2079 344 2124 Te
361 2077 489 2124 Iohannis.

211 2270 294 2342 370.
317 2269 359 2336 ll.
382 2289 428 2338 au
449 2269 584 2336 Urbau.
849 2264 982 2351 (liotha
993 2267 1086 2338 1514.
1119 2265 1253 2334 Zueltc
1274 2265 1396 2335 ustus
1415 2225 1514 2354 Ι11ι1).

281 2395 343 2443 Mur.
363 2395 439 2442 biltst
459 2396 508 2441 den
527 2394 613 2440 Urbsn
631 2408 671 2440 um
691 2393 748 2440 sins
770 2394 912 2451 llesorgung
930 2392 969 2438 stit·
986 2391 1096 2438 Adamas
1117 2391 1218 2438 Publius

292 2493 495 2558 Validissime
514 2491 679 2573 diligendo
697 2501 727 2555 et
741 2490 962 2555 honestissimo
977 2491 1057 2573 patri
1079 2498 1186 2555 nostro
1204 2491 1339 2555 Henrieo
1355 2493 1379 2556 ll
1390 2495 1515 2557 rbano.

289 2597 323 2657 si
345 2596 448 2674 vales,
477 2594 694 2659 amantissime
716 2602 819 2674 paler,
843 2593 922 2656 bene
944 2601 1000 2658 est.
1043 2592 1109 2657 Nos
1130 2593 1162 2655 in
1185 2593 1373 2675 tranquillo,
1394 2597 1446 2676 qui
1470 2598 1514 2660 tui

208 2717 324 2776 suanus,
345 2697 589 2784 beneralemus.
630 2694 798 2760 Publium⁶
816 2695 874 2758 tibi
887 2694 1080 2759 commendo.
1123 2695 1206 2772 Scio,
1227 2694 1329 2760 dices:
1351 2695 1514 2774 „Publium

208 2808 241 2864 tu
264 2800 340 2864 mihi
348 2799 384 2863 P‘
425 2798 530 2864 Habet
553 2798 611 2864 hoc
636 2796 825 2876 sollicitudo,
843 2804 878 2861 ut
897 2796 1055 2862 studiosos
1076 2797 1177 2862 eciam
1199 2798 1265 2862 suis
1285 2798 1354 2863 sive
1373 2801 1516 2882 patronis
1566 2861 1575 2886 ,

207 2902 276 2966 sive
302 2899 478 2966 fautoribus
506 2898 729 2966 commendem.
779 2897 878 2962 Decet
907 2898 1141 2963 adulescentem
1169 2905 1200 2963 et
1221 2897 1354 2964 blutiaui
1382 2901 1514 2966 obsona-

208 3012 305 3067 torem
328 3003 444 3067 dscora
466 3010 567 3086 tyara,
585 3011 619 3066 ut
641 3003 811 3065 instructus
831 3000 932 3066 nitore
948 3001 1063 3083 capitis
1079 3009 1111 3066 et
1130 3007 1242 3066 omatn
1258 3001 1390 3068 visendo
1406 3002 1513 3070 herum

208 3114 239 3170 et
268 3125 304 3170 se
325 3105 428 3190 ipsum
459 3104 585 3188 publice
614 3103 821 3170 cohonestare
850 3114 971 3186 pergat.
1012 3103 1125 3184 ltaque
1147 3122 1207 3166 non
1230 3104 1416 3186 expectabis
1435 3106 1515 3171 cele-

208 3208 294 3272 brem
322 3206 493 3272 mercatum
521 3214 553 3272 et
581 3225 687 3270 eorum
715 3205 937 3284 mercimonia,
965 3206 1020 3286 qui
1049 3207 1129 3271 festo
1150 3205 1317 3271 Trinitatis
1347 3208 1515 3273 tentoriola

206 3309 307 3390 figunt
328 3329 385 3390 pro
412 3307 585 3392 gradibus⁶
609 3307 771 3372 Marianis.
819 3307 922 3372 Sede
953 3307 1089 3390 vestigio
1114 3308 1291 3392 preciosum
1312 3327 1380 3373 eure
1400 3309 1513 3390 galeri·

207 3412 310 3475 eulum
340 3411 442 3476 eciam
470 3409 690 3492 duodeviginti
715 3409 765 3474 vel
795 3429 833 3473 sc
864 3407 1001 3490 amplius
1024 3409 1152 3474 boemis.
1195 3409 1277 3472 Nem
1300 3409 1426 3493 prodire
1448 3412 1514 3476 vult

206 3516 323 3578 vestitu
344 3511 515 3594 magnifico
535 3519 567 3576 et
588 3520 713 3576 euntem
734 3511 767 3573 in
791 3511 891 3575 celum
914 3517 945 3574 st
965 3508 1207 3576 descendentem
1230 3511 1376 3595 spiritum
1398 3519 1429 3576 et
1449 3533 1512 3578 am-
1583 3531 1587 3541 ’

208 3615 375 3682 burnalia7
396 3615 563 3680 decoratus
583 3612 730 3678 invisere.
775 3611 863 3688 Vale,
884 3612 1054 3676 amicorum
1076 3613 1286 3678 sanctissime.

277 3738 459 3786 Hsndschristl.
477 3737 498 3782 F
519 3735 568 3782 icc
588 3737 629 3782 tot.
650 3735 728 3783 lslv.

207 3863 405 3872 mnu—...—

272 3949 283 3991 ¹
303 3952 364 4025 vgt
388 3953 433 4008 Br.
451 3952 498 4007 70.
509 3952 535 4009 S.
545 3953 580 4008 97
604 3953 686 4009 Anm.
699 3951 724 4007 3.

240 4057 243 4062 ·
270 4029 283 4071 2
305 4033 355 4087 Bel
377 4035 481 4089 seinem
503 4033 681 4105 fuinitiigigen
702 4032 870 4088 Aufeuthalt
889 4033 919 4088 in
942 4029 1044 4089 Gotha.
1086 4033 1149 4104 vgt.
1167 4033 1287 4088 Bsscs.

269 4107 283 4152 ³
305 4113 504 4184 Philosophiae
527 4115 679 4169 consolatio
702 4115 748 4168 lib.
760 4114 782 4180 Ι,
795 4114 821 4170 1.
842 4132 868 4166 v.
884 4111 1021 4168 13-14.

265 4189 346 4248 ⁴ste
368 4212 423 4248 war
443 4193 496 4248 seit
516 4194 606 4248 ciuem
628 4193 714 4249 Jahre
736 4195 911 4252 verheirntet.

270 4269 284 4312 5
305 4275 429 4329 Adamus
449 4275 574 4344 Publius,
596 4274 718 4329 Mutisus
737 4275 869 4330 Famulus
889 4274 944 4328 seit
964 4273 1010 4328 28.
1022 4273 1101 4344 April
1125 4272 1212 4328 1514.

269 4350 282 4394 ὓ
304 4355 378 4424 „Vor
397 4357 450 4409 den
473 4353 600 4409 Grsden“
621 4356 670 4410 der
689 4354 815 4410 Erfuuter
835 4353 1047 4410 Marienldrehc.

269 4431 281 4476 ἵ
302 4435 361 4490 Der
376 4435 520 4491 feierliehe
544 4434 652 4506 Umaug
671 4453 716 4489 am
737 4433 960 4506 Bonifaaiustage
982 4433 1122 4508 (stum).
