3625 5192
608 347 697 417 Brleic
715 347 834 402 diutinus
856 347 912 400 192.
931 345 989 401 193.
1011 347 1068 400 19⁴.
1436 346 1489 398 269

183 497 262 580 petit
283 497 458 564 consilium.
503 495 596 561 Dicat
617 495 657 560 de
684 515 755 561 sese
775 495 955 560 Plautinum
978 494 1070 558 illud:
1101 493 1308 575 „Quicunque
1329 500 1402 558 sunt
1422 495 1489 576 qui·

181 619 241 682 quc
270 600 355 663 luere
383 606 438 662 aut
469 599 564 664 futuri
591 605 664 662 sunt
690 597 823 682 posthac
848 597 944 672 stulti,
976 595 1097 675 stolidi,
1127 595 1222 676 latui,
1252 597 1355 679 iungi,
1389 596 1488 675 bardi,

182 701 298 780 bienni,
320 702 595 782 soluscgoomncs
611 707 705 763 auten
726 699 897 764 stulticia“.
939 697 1164 762 Musardumin
1177 699 1327 762 noticiam
1349 707 1486 763 nostram

182 803 350 882 intrusisti,
383 805 414 866 iu
442 803 552 867 eadem
594 809 626 866 ut
654 819 689 866 se
724 819 905 880 conserves,
932 807 1011 865 orat.
1056 800 1126 863 'luo
1152 801 1279 866 nomine
1312 802 1392 865 nibil
1425 821 1486 866 uon

184 907 298 970 faciam
320 914 416 986 attrue
438 904 525 969 illum
546 903 702 968 eruditum
724 921 794 968 esse
816 903 929 966 iudico.
972 901 1035 966 Sed
1059 902 1168 966 Lotius
1188 902 1364 969 cellotius.
1407 905 1488 968 Mira

184 1007 308 1070 molitur
328 1006 415 1090 apud
436 1006 567 1070 Paulum
590 1004 772 1087 lllystener2
792 1012 901 1068 contra
921 1023 980 1068 me.
1022 1003 1147 1068 Resisto
1168 1004 1199 1067 in
1220 1004 1279 1068 boc
1298 1013 1409 1068 senatu
1431 1025 1489 1087 per

183 1109 301 1174 amicos
323 1110 518 1190 interpretes.
564 1107 642 1171 illud
671 1115 743 1170 ate
765 1112 855 1189 peto,
887 1125 928 1170 ne
952 1106 1061 1170 literas
1088 1125 1190 1185 meas,
1218 1107 1244 1169 si
1273 1125 1352 1189 quas
1380 1107 1488 1187 babes,

183 1211 333 1275 emittas¹.
377 1210 498 1274 lusulse
525 1208 637 1288 multa,
665 1207 781 1290 frigide
810 1207 893 1272 l'crcb
922 1207 1030 1272 omnia
1055 1207 1222 1272 scribimus
1251 1207 1293 1273 ad
1320 1217 1351 1274 te
1380 1216 1489 1294 utpote

183 1312 418 1376 amicissimum.
461 1310 546 1374 Vale.
1040 1311 1047 1324 ’

253 1433 432 1480 trancosum.
451 1433 531 1480 raro
551 1434 591 1480 ru.
607 1433 676 1480 reev
688 1455 719 1466 -
734 1398 807 1486 r'rrr,
865 1431 940 1480 oms.
958 1432 982 1481 o.
1001 1431 1035 1478 ra
1053 1433 1077 1483 s.
1095 1432 1142 1479 rar
1162 1445 1206 1478 rm
1224 1434 1271 1478 ssu
1289 1434 1377 1480 murus
1394 1435 1432 1480 ra
1450 1441 1487 1482 u-

185 1511 242 1564 pote
263 1505 446 1554 amicissimum.

255 1605 266 1630 ³
287 1611 320 1656 Tr
338 1611 448 1663 omittas.
520 1593 533 1630 ¹¹
551 1611 584 1656 Tc
603 1624 670 1658 vero.

739 1717 940 1724 ----·-—---.-·---

184 1761 263 1834 1114.
285 1760 328 1834 ll.
351 1781 395 1829 arr
418 1761 552 1833 Urbuu.
1025 1763 1158 1844 (ilotlm
1168 1764 1279 1850 1512.)
1311 1765 1489 1848 Augusti.

256 1886 318 1934 blut.
338 1887 475 1946 berlcbtet,
497 1888 553 1934 dass
572 1902 599 1933 er
617 1887 695 1933 durch
714 1887 833 1946 Petrejus'
856 1887 1025 1947 Vermittluug
1044 1888 1127 1947 ciulge
1144 1889 1247 1935 coutens
1265 1903 1309 1935 aus
1327 1890 1372 1936 der
1389 1891 1491 1951 Ampio·

188 1957 264 2004 ulans
284 1956 397 2016 bsnutat,
417 1957 578 2004 Herebordu
592 1957 743 2004 dMartbeu
762 1957 823 2004 uber
843 1958 882 2003 die
901 1958 1101 2017 versprocbeucu
1121 1959 1191 2004 ulclrt
1209 1960 1314 2018 gessndt
1333 1960 1404 2006 baba.
1442 1963 1490 2006 lla·

185 2029 242 2072 ratri
259 2027 314 2073 teilt
333 2043 359 2074 er
378 2027 478 2086 Eiuiges
498 2028 559 2074 ilber
579 2023 621 2076 dic
636 2028 834 2086 Augelegeulroit
853 2027 896 2074 des
915 2027 1027 2074 Plurrers
1043 2029 1158 2088 troynoor
1176 2028 1222 2074 mit
1240 2030 1291 2076 und
1309 2029 1386 2076 bittnt
1396 2031 1490 2090 Urbim,

187 2097 242 2143 dem
262 2097 381 2154 Kritcliug
398 2097 542 2157 gegcnilber
560 2099 682 2144 wuelrsam
702 2113 730 2143 zu
752 2098 814 2145 selu.

266 2197 421 2260 Bonorum
443 2195 714 2277 ingeniosissimo,
747 2197 921 2260 venerabili
942 2217 1037 2282 pape
1050 2184 1193 2276 Urbano,
1220 2217 1276 2261 suro
1302 2197 1431 2262 domino
1460 2206 1493 2262 et

187 2299 319 2383 parenti,
342 2297 501 2362 Mutiuuus
523 2297 628 2362 Rufus.

265 2402 297 2464 S.
340 2399 570 2482 Nepotianus‚³
598 2399 701 2465 viator
722 2420 761 2464 ac
787 2401 973 2466 tabellarius
993 2396 1115 2467 ordinis
1147 2402 1254 2482 latini,
1282 2402 1388 2467 attulit
1412 2403 1493 2468 mibi

186 2504 227 2569 de
248 2504 388 2588 palestra
408 2502 640 2587 Amploniaua⁴
663 2504 788 2567 codices
809 2504 931 2585 aliquot
951 2505 1050 2568 variis
1071 2505 1171 2569 titulis
1194 2503 1336 2586 digestos
1357 2505 1493 2571 diversis

186 2605 380 2688 argumentis
402 2613 576 2686 congestos,
597 2622 684 2687 quoe,
705 2606 780 2687 quia
791 2605 934 2670 Petreius
952 2614 1058 2670 noster
1071 2607 1220 2689 religiose
1232 2608 1362 2671 tracturi
1384 2608 1493 2689 voluit,

186 2708 315 2772 summis
337 2707 428 2790 attigi
458 2706 569 2788 digitis
595 2713 627 2770 et
651 2708 904 2772 cursimevolvi.
948 2707 1131 2790 Remigreut
1157 2707 1190 2772 in
1218 2728 1307 2772 suam
1337 2709 1492 2774 coloniam

186 2808 311 2890 eodem,
333 2810 384 2892 qui
408 2807 554 2890 deduxit,
583 2807 712 2890 reduce,
739 2827 779 2873 uc
801 2808 955 2872 creditum
983 2809 1207 2893 periclitetur..
1229 2808 1356 2874 Addere
1382 2810 1493 2876 debuit

187 2911 353 2977 nonnullos
378 2910 591 2991 llerebordus,
612 2908 667 2974 sed
692 2912 775 2975 male
797 2901 890 2974 iidem
914 2911 1059 2975 amicicie
1079 2911 1156 2974 colit
1177 2919 1208 2974 et
1227 2909 1360 2975 Mutiaru
1385 2911 1494 2991 bludo,

187 3013 347 3078 dominam
383 3013 576 3078 Tribuniano
607 3015 724 3096 prelert
761 3013 812 3076 vel
848 3014 875 3076 si
913 3033 984 3077 cum
1018 3011 1119 3078 blutia
1149 3013 1280 3078 Mutium
1316 3015 1492 3094 committit,

187 3115 329 3180 Mutiano
356 3122 460 3178 tamen
491 3132 552 3178 non
579 3111 763 3195 respondet,
796 3113 879 3195 quod
911 3121 959 3178 est
985 3114 1154 3180 incivilius.
1197 3115 1377 3180 Amicorum
1408 3115 1493 3181 culm

187 3237 284 3282 causa
305 3216 464 3301 precipua.
507 3214 612 3281 officit
633 3215 778 3279 amicicie
797 3215 971 3295 silentium,
1000 3219 1058 3279 etsi
1082 3236 1139 3299 pcr
1159 3217 1321 3298 ignaviam
1343 3226 1494 3297 cessatur,

187 3324 259 3384 suut
286 3327 391 3382 tamen
425 3318 478 3398 qui
500 3323 611 3400 putent
633 3322 737 3381 tacere
762 3334 832 3380 esse
861 3317 997 3400 superbi.
1042 3318 1104 3381 lstu
1123 3317 1291 3384 ruittamus.
1334 3319 1434 3384 Sudet
1461 3321 1492 3383 in

250 3533 260 3574 1
281 3535 434 3590 Bacchides
449 3531 489 3604 V‚⁰
501 3536 523 3589 1.
541 3534 634 3589 1-3,

248 3612 262 3655 ²
285 3615 448 3671 Kanouilrer
474 3633 518 3669 um
550 3615 734 3669 Morieustiftc
760 3613 788 3667 in
815 3613 909 3670 Gotlra
937 3617 991 3669 uud
1020 3617 1250 3671 wubrscbeiulicb
1277 3617 1414 3672 identisch
1443 3617 1498 3672 urit

188 3695 250 3750 dem
275 3695 447 3751 ltroMioh.
468 3695 728 3750 immutrilrulierten
754 3693 858 3748 Paulus
871 3695 1013 3766 Myssener
1033 3697 1289 3768 chebleusingen,
1330 3697 1408 3752 Naclr
1430 3698 1493 3752 dem

189 3775 347 3848 liegistrum
370 3776 487 3832 subsidii
509 3795 563 3830 war
584 3794 613 3830 er
634 3777 682 3830 der
702 3775 824 3830 lnbuber
844 3777 893 3830 der
909 3776 1020 3830 Vicuriu
1040 3775 1068 3830 S.
1088 3777 1213 3831 Elisabet
1239 3796 1275 3832 au
1302 3779 1351 3836 der
1370 3777 1496 3832 Erfurter

189 3854 501 3912 Bartholomiiuskircbe
523 3855 561 3925 (S.
590 3855 640 3920 22)
667 3857 715 3909 der
743 3853 854 3909 Vicuria
880 3855 906 3912 S.
928 3855 1033 3910 Erusmi
1059 3863 1088 3910 et
1113 3857 1196 3912 leoril
1227 3859 1283 3911 trud
1310 3859 1359 3912 der
1384 3857 1515 3913 Vlcsrie·

190 3937 284 3992 altaris
305 3936 468 3991 Sanctorum
491 3937 571 3991 Pauli
594 3943 623 3990 et
646 3935 750 3990 Eresmi
773 3936 802 3988 iu
822 3933 916 3990 Gothu
937 3926 978 4014 (S.
991 3936 1027 3989 87
1042 3936 1138 3998 1189),

250 4011 264 4056 ³
286 4017 350 4088 vgl.
371 4017 440 4070 iiber
461 4017 509 4070 ihu
530 4015 575 4071 Br.
589 4015 645 4068 193
668 4015 765 4070 &⁴268
785 4014 867 4072 Auru.
880 4015 904 4068 2.

250 4093 265 4134 ⁴
286 4096 344 4152 Dus
363 4095 517 4168 Collegium
541 4095 756 4165 Amplouiuuum
780 4096 871 4150 uurde
894 4095 970 4148 1412
991 4115 1044 4150 von
1066 4098 1342 4170 mnplorriosltoring
1362 4099 1396 4151 de
1417 4098 1493 4169 Pago

188 4194 237 4232 arra
251 4175 446 4247 Rheiubeugen
468 4177 629 4248 geguiiudct.
670 4175 751 4230 Scine
763 4175 933 4244 Bibliotbek,
953 4177 1050 4230 soueit
1068 4178 1108 4231 sie
1130 4197 1181 4231 uus
1194 4180 1317 4232 erbultcu
1340 4179 1386 4245 ist,
1406 4179 1495 4233 biitlet

188 4259 242 4312 den
265 4258 449 4312 wertrcllsten
472 4256 642 4311 Bestuudteil
665 4257 713 4310 dur
735 4255 839 4326 Kbrrigl
866 4257 1029 4311 Bibliotbck
1053 4258 1081 4310 irr
1102 4258 1204 4312 Ersurt.

248 4333 354 4392 ⁵Duss
382 4335 526 4391 Herebord
543 4355 568 4390 v.
587 4337 611 4390 d.
635 4336 714 4389 Marti
727 4353 760 4390 en
785 4337 912 4391 wirlrlieb
938 4337 1041 4390 einmal
1068 4339 1152 4391 durrm
1177 4339 1291 4409 dacbte‚
1321 4340 1383 4394 eiuc
1412 4338 1494 4392 Mutb

189 4416 325 4486 (Tochter
352 4417 399 4471 des
427 4416 586 4471 bcssiscben
608 4415 742 4470 Kanzlcrs
768 4417 823 4470 und
844 4416 946 4470 Nichtc
969 4414 1103 4489 Mutians)
1132 4435 1165 4471 zu
1186 4419 1325 4490 hebetes,
1351 4420 1420 4490 geht
1444 4435 1495 4474 aus

191 4497 281 4551 ciuem
303 4501 431 4568 spiiteren
455 4496 548 4551 Bricie
571 4497 675 4551 hervor.
718 4495 799 4550 Doch
820 4515 875 4551 war
895 4496 1019 4551 dieselbc
1041 4497 1118 4550 1515
1139 4498 1212 4553 nach
1235 4499 1356 4554 blutians
1375 4499 1495 4554 Ansicbt

189 4577 264 4632 noch
285 4577 363 4632 nicht
381 4575 574 4648 heimtssahig.
