3625 5192
187 444 189 453 ,
308 375 362 430 286
693 335 953 446 Gesehiuhtuqnellen
972 379 1021 432 der
1037 377 1111 432 Pron.
1130 377 1254 433 Saehsen.

390 523 419 587 S.
462 521 578 604 Magno
600 524 682 602 malo
703 531 736 589 et
756 523 903 589 dedecori
925 531 974 590 est
996 524 1179 591 hominihus
1201 526 1357 607 avaricia,
1384 527 1460 608 quia
1488 528 1616 610 magnis

309 633 341 692 et
361 625 469 689 multis
480 625 689 692 incommodis
699 625 805 691 allicit.
847 626 917 708 Ego
937 626 997 690 etsi
1019 648 1081 691 nou
1102 646 1228 709 avarus,
1248 627 1382 711 cupidus
1392 637 1498 693 tamen
1519 630 1615 710 illius,

308 726 392 810 qnod
415 727 601 809 promissum
622 733 686 806 est,
713 729 760 792 sic
787 725 964 808 conflictor,
991 734 1026 792 ut
1052 736 1163 793 nature
1189 730 1348 794 festivitas
1373 731 1406 794 in
1436 730 1614 796 socordiam

309 836 456 896 vertatur.
506 829 632 892 Utinam
659 837 714 893 aut
742 847 852 913 preces
877 850 939 894 uon
967 839 1085 905 essent,
1121 838 1177 895 ant
1204 830 1311 896 Latius
1340 851 1401 895 non
1431 827 1614 915 impediret!

308 931 373 1012 Sed
393 949 502 1014 preces
523 937 597 994 sunt
618 937 650 995 et
670 931 779 996 Lotius
799 932 941 996 retardat
958 939 991 994 et
1011 934 1175 1007 adsedet,
1203 932 1286 1014 quud
1308 933 1390 997 male
1410 953 1460 997 me
1480 943 1615 1021 torquet,

309 1035 410 1099 idiota
430 1053 464 1096 se
485 1033 587 1097 doctis
608 1033 726 1116 prefert
753 1041 785 1098 et
809 1039 926 1098 rrcrtum
956 1035 1018 1098 sihi
1039 1033 1080 1099 de
1101 1035 1193 1099 nohis
1219 1033 1408 1118 triumphum
1439 1034 1614 1119 pollicetur.

307 1135 420 1214 Queris
444 1153 581 1198 eausam.
625 1135 730 1200 llahet
751 1152 859 1198 aurum
884 1143 917 1200 et
937 1138 1036 1201 iactat
1050 1137 1190 1202 divitias.
1232 1137 1367 1201 Possunt
1388 1142 1442 1214 (ne
1463 1137 1615 1222 mentiar)

307 1237 497 1324 persuadere
520 1256 606 1320 opes,
627 1235 753 1301 flectere
774 1229 898 1301 animos
920 1239 1037 1321 plebis,
1059 1239 1203 1303 attollere
1224 1239 1380 1303 rusticum.
1422 1238 1486 1304 Sed
1508 1241 1616 1302 omnia

307 1360 369 1406 non
393 1347 532 1423 possunt.
574 1339 676 1404 Nobis
696 1340 846 1404 uliasunt
866 1339 1083 1423 instrumenta,
1103 1342 1219 1422 quihus
1239 1358 1299 1423 par
1313 1359 1472 1422 nunquam
1496 1340 1616 1406 iudicio

308 1445 458 1508 honorum
484 1443 555 1525 ipsc
575 1441 747 1524 opulentia.
790 1441 871 1504 Dum
900 1441 994 1506 alteri
1017 1449 1136 1506 vestem
1163 1450 1196 1506 et
1222 1441 1326 1506 dotem
1354 1443 1523 1525 promittit,
1551 1463 1613 1508 non

307 1543 511 1624 intelligiles
533 1543 576 1606 uti
597 1543 749 1624 magistro
770 1543 899 1607 Simone
924 1561 1028 1624 mago.
1069 1543 1153 1608 Nam
1173 1545 1200 1608 si
1222 1543 1299 1607 dare
1322 1543 1445 1622 liceret,
1472 1547 1614 1628 prolecto

307 1647 546 1726 Nnrhergenses
575 1644 682 1710 oraruia
701 1645 816 1708 altaria
837 1647 989 1710 vestirent
1017 1664 1156 1729 purpura
1182 1646 1336 1720 ethicae,
1366 1653 1399 1709 ul
1424 1645 1485 1728 ipsi
1512 1648 1613 1729 possi-

307 1748 426 1813 derent
468 1747 539 1811 Non
562 1754 611 1810 est
637 1745 694 1810 illa
720 1753 807 1810 recta
833 1747 894 1810 via.
948 1747 1087 1811 Daturus
1116 1765 1202 1811 eram
1230 1744 1353 1830 etipse
1382 1747 1613 1831 pulcherrima·

307 1855 506 1927 ornamenta,
536 1865 649 1912 munus
670 1846 867 1929 principale,
899 1846 983 1932 quod
1004 1848 1037 1911 iu
1058 1867 1132 1912 area
1152 1867 1315 1913 servamus
1337 1855 1369 1913 et
1387 1850 1493 1914 forsan
1522 1850 1615 1933 plura

306 1971 400 2033 quam
412 1949 530 2014 hotius.
573 1948 635 2015 Sed
657 1948 691 2013 id
712 1949 819 2032 palem
841 1949 983 2032 polliceri
1004 1949 1095 2014 nefas
1114 1968 1184 2015 esse
1204 1949 1290 2014 duxi.
1332 1951 1392 2029 Tu,
1416 1951 1459 2014 mi
1472 1951 1611 2031 Urbane,
1657 2002 1661 2010 .

306 2073 368 2118 non
396 2052 563 2134 negligasl
592 2059 745 2115 arrestum
775 2051 897 2132 torique
924 2053 1107 2116 remoram2.
1149 2051 1329 2116 Contemnit
1356 2071 1414 2116 uos
1442 2071 1553 2117 omnes
1580 2060 1613 2116 et

305 2155 449 2218 adiutore
472 2153 558 2216 More
583 2152 721 2216 carbone
750 2159 847 2218 notat.
886 2153 987 2217 Hanc
1011 2173 1072 2236 ego
1097 2155 1318 2218 contumeliam
1345 2155 1440 2218 remis
1468 2155 1612 2236 velisque

306 2257 426 2338 tugiam
453 2262 484 2320 et
510 2272 640 2337 queram
666 2255 794 2318 auxilia.
836 2255 991 2319 Scrlhitur
1016 2255 1113 2320 iudici
1146 2262 1177 2319 et
1205 2257 1397 2338 procuratori
1425 2262 1546 2337 nostro,
1578 2268 1613 2321 nt

306 2357 622 2441 procrastinationem
643 2373 700 2439 per
726 2357 838 2421 arresti
863 2357 1035 2421 remedium
1061 2358 1267 2421 obtineamus.
1312 2356 1435 2422 luterea
1460 2360 1613 2442 temporis

306 2459 429 2524 trudam
459 2457 553 2524 Catili
584 2457 744 2522 lallaeiam
776 2459 883 2523 multis
910 2460 1055 2524 l'allaaiis.
1104 2461 1187 2523 Ante
1217 2461 1324 2524 omnia
1346 2459 1449 2523 Deum
1476 2479 1547 2540 oro,
1578 2468 1613 2523 ut
1732 2446 1738 2456 ’

305 2560 416 2626 honori
438 2579 507 2624 meo
529 2579 590 2625 uon
612 2559 703 2625 desit.
745 2561 779 2624 Si
802 2560 890 2626 abuti
912 2561 984 2624 volo
1013 2560 1180 2641 beneficio,
1210 2561 1237 2625 si
1261 2579 1424 2643 perperam
1451 2569 1611 2645 sumptam

304 2666 418 2741 iacere,
441 2681 503 2726 non
526 2661 687 2727 concedat.
729 2663 785 2726 Sin
807 2669 911 2728 autem
935 2662 1129 2747 pauperibus
1148 2663 1409 2742 eleemosynam,
1433 2662 1611 2745 hospitibus

306 2765 446 2829 honestis
467 2763 639 2846 hospitalia
660 2765 758 2845 dona,
786 2765 906 2829 sanctis
927 2763 1041 2828 studiis
1062 2764 1207 2828 subsidia
1232 2763 1309 2827 dare
1335 2763 1421 2844 volo,
1448 2765 1490 2827 sit
1511 2765 1613 2828 victor

305 2867 474 2939 Mutianus,
494 2867 607 2950 perdat
628 2866 730 2930 oleum
749 2874 781 2932 et
797 2867 972 2946 impensam
984 2865 1093 2930 lotius
1146 2866 1246 2930 Unum
1269 2864 1347 2928 illud
1368 2885 1442 2931 vere
1463 2865 1612 2930 confitenr

305 2969 416 3035 deesse
436 2988 475 3032 ac
494 2967 632 3032 defuisse
653 2967 729 3032 mihi
752 2987 816 3033 rem
839 2978 903 3032 tum
925 2967 967 3032 ad
990 2968 1054 3033 vite
1076 2967 1274 3050 splendorem
1294 2966 1523 3051 amplissimum
1545 2976 1610 3031 turn

304 3071 346 3135 ad
366 3069 505 3134 studium
527 3071 637 3154 glorie.
679 3069 790 3151 Neque
812 3070 895 3134 enirn
915 3070 1078 3151 ingenium
1096 3077 1209 3133 natura
1226 3068 1356 3150 negavit
1376 3088 1478 3151 neque
1498 3071 1612 3151 genius

306 3172 467 3254 egregiam
496 3172 696 3236 voluntatem.
742 3171 819 3235 Vale
851 3191 978 3254 gemma
1008 3171 1179 3235 amicorum
1217 3178 1249 3234 et
1279 3172 1399 3234 anricus
1431 3191 1611 3236 cornnrunes

304 3295 377 3339 ama
398 3281 493 3356 atque
515 3275 627 3338 saluta.
671 3273 736 3336 Nos
760 3272 812 3336 hic
834 3272 1033 3356 labyrinthus
1054 3271 1207 3356 implicat.

375 3397 556 3445 uanescunru.
577 3395 666 3443 naun.
678 3397 719 3444 ror.
734 3395 893 3442 ruer—149
901 3412 925 3442 v.
981 3397 1053 3442 cau.
1074 3395 1097 3443 u.
1116 3396 1150 3440 m
1168 3396 1184 3442 s
1204 3395 1249 3441 rar
1263 3419 1287 3426 -
1299 3376 1347 3440 ica
1366 3410 1412 3439 aar
1430 3389 1522 3452 nagan
1544 3397 1610 3441 maro

305 3468 341 3514 lo'r
359 3469 484 3528 ogregiam
503 3469 665 3514 voluntatem.

374 3569 438 3619 ”lla
455 3573 614 3634 pulcerrima.
670 3555 734 3618 '’'I'z
753 3571 865 3632 negligis.
920 3566 984 3618 ‘lu
1003 3587 1118 3620 summus.
1173 3555 1409 3630 “Falemoaynam

866 3719 984 3727 ψῃ...

305 3809 710 3881 mammertinus.
1018 3833 1022 3840 ·
1065 3807 1196 3891 (dotus
1207 3806 1319 3893 1512.)
1353 3805 1563 3891 September
1573 3808 1608 3879 8.

373 3935 434 3982 lint.
455 3935 541 3981 nrteilt
560 3932 621 3979 liber
639 3933 680 3978 die
690 3933 854 3980 Alexandreia
872 3933 916 3979 des
927 3932 1027 3992 Philipp
1037 3932 1188 3978 Gualtherns
1206 3931 1399 3997 decastallione
1418 3931 1469 3977 rrnd
1487 3933 1609 3992 nirnscht,

304 4007 360 4052 desa
380 4006 493 4065 Petrejus
512 4004 585 4049 nebat
604 4003 704 4050 Gerkus
722 4004 767 4048 unit
786 4004 841 4049 (lem
862 4005 969 4050 llnuulns
986 4003 1045 4048 iuris
1064 4001 1202 4047 besehenlrt
1221 4001 1328 4048 werden.

382 4103 515 4180 Petreio,
537 4100 764 4184 propugnatori
784 4099 924 4180 legitime
943 4097 1149 4161 hareneadeo
1169 4105 1306 4176 strenuo,
1328 4105 1362 4160 ut
1377 4097 1477 4160 rude³
1499 4098 1609 4162 merito

302 4205 445 4284 donetur,
467 4203 626 4268 Mutiauns
645 4202 775 4266 liniue.

305 4351 506 4362 ——----

365 4441 376 4480 ¹
399 4441 461 4512 Vgl.
482 4442 536 4494 den
556 4440 800 4512 vorhergehenden
821 4439 906 4496 Brief.

364 4517 378 4560 2
401 4521 465 4598 Vgl
487 4539 513 4577 rr.
533 4539 560 4579 a.
581 4521 627 4576 Br.
641 4519 707 4576 204.
720 4520 788 4574 208.

363 4595 482 4656 ³Siehe
502 4601 597 4657 weiter
617 4609 712 4656 uuten.
