3625 5192
317 313 370 369 374
591 376 596 379 ,
688 312 950 384 Geschichtsqucllen
968 314 1017 369 der
1028 314 1110 369 ·Pr0v.
1129 313 1251 369 Sechsen.

318 466 352 529 in
378 463 597 544 questionibus
621 464 796 539 solvendis,
832 464 865 529 in
893 463 1118 529 confirmandis
1143 466 1242 543 veris,
1276 463 1450 527 refutandis
1475 465 1564 530 l'alsis
1595 472 1628 530 et

319 567 367 630 sic
388 566 419 629 in
442 586 499 629 suo
520 586 638 648 genere
658 566 737 629 satis
758 568 949 646 eloquentes.
993 566 1106 629 Verum
1127 567 1210 631 enim
1235 586 1307 630 vero
1329 564 1399 647 quis
1415 586 1477 629 non
1495 567 1628 631 meliora

318 666 448 731 videat?
489 666 573 745 Quid
596 668 658 731 ista
679 668 846 733 differendi
867 667 1028 733 subtilitas
1049 667 1090 732 ad
1113 668 1211 731 vitam
1223 668 1504 748 movesquefacir?
1545 670 1628 733 Con-

317 769 415 849 ducit,
440 769 544 849 aiunt,
566 770 713 852 religioni
735 768 923 834 Christiane.
967 769 1038 834 Non
1060 775 1108 834 est
1128 769 1182 833 ita.
1225 768 1323 833 Ohest
1344 770 1455 850 magis.
1499 770 1625 835 Glande

316 879 485 936 vescuntur
510 871 649 935 inventis
671 872 813 953 frugibus
823 875 843 935 ¹.
886 870 987 951 Audi,
1018 890 1079 951 otro
1105 890 1170 934 rem
1188 871 1353 935 deducam.
1401 872 1625 955 Stapulensis²

316 973 469 1057 epistolas
479 973 570 1038 Pauli
587 974 767 1055 castigavit,
788 973 978 1038 Laurentius
994 992 1108 1037 novum
1127 972 1227 1037 fedus.
1270 973 1416 1052 Bessus3,
1437 974 1627 1054 Zenohius⁴,

317 1076 480 1159 Baptista,
512 1075 677 1157 Erasmus,
709 1076 883 1141 Reuchliu⁸
916 1076 983 1139 veri
1020 1083 1093 1154 sunt
1125 1074 1263 1156 theologi
1295 1082 1326 1139 et
1359 1074 1454 1138 nullis
1481 1084 1626 1159 strepunt

316 1178 418 1259 nugis.
460 1177 551 1241 Mitto
580 1178 768 1258 Eusebium,
799 1177 1020 1258 Lactancium,
1053 1178 1295 1260 Hieronymum,
1331 1177 1410 1240 nihil
1450 1178 1626 1259 involvunt,

317 1279 415 1363 plana
439 1280 547 1343 omnia
573 1281 694 1345 faciunt
721 1287 755 1344 ut
782 1289 930 1345 oratores.
973 1279 1051 1357 Quis
1067 1280 1196 1360 ‘igiturb
1224 1299 1284 1342 non
1308 1280 1445 1360 preferat
1466 1288 1571 1346 tantos
1593 1282 1625 1344 in

316 1381 401 1445 omni
436 1381 600 1445 literatura
630 1381 782 1464 sophistis
814 1382 1011 1445 infantibus?
1066 1380 1138 1445 llleo
1168 1380 1299 1445 consilio
1336 1381 1452 1445 lactum
1486 1392 1549 1461 est,
1593 1390 1627 1446 ut

317 1482 547 1547 illustrissimus
574 1482 756 1547 Fridericus
786 1504 914 1565 grecam
945 1482 1177 1567 comparaverit
1210 1482 1434 1546 bibliothecam
1450 1483 1627 1549 ·Venetiis⁵

317 1592 348 1647 et
359 1585 573 1666 Wittenburgi
596 1584 808 1667 publicaverit
825 1586 1034 1649 ornatissime.
1077 1585 1110 1649 Si
1128 1584 1328 1649 Herehordus
1340 1584 1418 1648 mihi
1434 1587 1627 1653 auscultaret

317 1692 349 1749 et
370 1686 540 1764 Petreiusss,
561 1685 644 1767 quod
666 1705 746 1769 pace
768 1688 859 1751 huius
881 1688 1000 1751 dictum
1023 1688 1073 1763 sit,
1096 1706 1157 1750 uon
1180 1688 1300 1750 laveret
1326 1686 1484 1767 barbaris,
1516 1688 1626 1752 darem

317 1787 444 1852 modum
472 1786 621 1853 Tilonino
647 1795 679 1853 et
704 1789 817 1853 ceteris
846 1789 1005 1853 Musarum
1039 1788 1221 1865 comitibus,
1259 1795 1293 1851 ut
1323 1788 1495 1853 modestius
1526 1810 1627 1873 nuper

317 1890 411 1954 isthic
432 1895 539 1954 natam
561 1890 759 1970 eleganclam
781 1897 1003 1974 propagarent.
1046 1890 1109 1955 Sed
1131 1897 1162 1954 tu
1183 1896 1214 1954 et
1235 1908 1294 1970 ego
1317 1894 1361 1951 tot
1381 1891 1549 1971 magistros
1571 1894 1626 1973 qui

316 2010 482 2074 possumus
506 1991 688 2072 emendare,
715 1992 879 2074 presertim
900 1992 1013 2057 amicis
1033 1992 1148 2057 nostris
1168 1992 1231 2055 iam
1255 1991 1424 2055 nominatis
1446 2013 1557 2076 parum
1579 1995 1626 2059 in-

317 2091 490 2158 vantibus?
536 2093 626 2157 Alter
645 2092 730 2158 enim
750 2112 806 2176 pre
825 2094 976 2175 superbia
1005 2114 1039 2158 sc
1066 2096 1182 2175 nescit,
1213 2090 1359 2158 alter‘ad
1389 2095 1549 2179 sophistas
1577 2098 1625 2162 in-

315 2195 423 2261 clinat.
466 2195 545 2259 Vale
566 2202 598 2259 et
616 2196 748 2260 occulta.
792 2195 865 2260 Tibi
888 2197 972 2260 enim
994 2195 1159 2285 credimus.

345 2318 568 2436 augtplndsehril'tl.
588 2318 669 2365 F329
689 2319 936 2367 sol.210r-‘.’10v.
973 2319 1330 2367 conestables—158.
1362 2320 1626 2379 lliscrrsrlr'eddrcsse

316 2406 344 2436 vo
402 2406 418 2435 rt
436 2406 468 2448 sp.

385 2488 397 2515 ²
415 2495 449 2540 Ta
468 2493 627 2542 Reuehlinus.
699 2478 712 2515 ¹³
729 2496 762 2542 Ta
780 2510 845 2555 crgo.

867 2598 1068 2606 ——-———-

229 2786 235 2799 ,
317 2720 399 2790 286.
420 2718 465 2791 ll.
487 2738 534 2787 an
558 2719 691 2790 Urban.
979 2716 1111 2803 (Gotho
1124 2718 1221 2789 1513.
1252 2718 1322 2785 Um
1337 2719 1396 2786 dle
1410 2719 1556 2789 lllltted.
1572 2722 1623 2806 l.)

385 2852 448 2901 blut.
471 2853 559 2900 urtoilt
585 2854 647 2900 iiber
667 2853 741 2899 sinen
760 2852 923 2899 Urbarrschcn
943 2852 1014 2898 Briel
1031 2852 1080 2897 und
1102 2852 1192 2911 meint,
1218 2853 1274 2898 dass
1293 2853 1425 2899 Bartholus
1444 2855 1492 2901 viel
1513 2856 1577 2903 Gold
1596 2858 1622 2903 in

315 2923 397 2970 soltrer
422 2918 538 2983 Stelluug
557 2925 595 2969 als
622 2923 765 2983 Prdpositns
791 2924 1041 2981 zrrsammeuschlage.
1084 2922 1135 2968 Der
1161 2924 1242 2968 lalrmc
1265 2924 1389 2969 Arnoldns
1412 2924 1476 2971 bittc
1503 2940 1543 2971 um
1574 2928 1623 2973 don

315 2993 534 3053 Sehrsiborposten
554 2994 588 3039 im
608 2993 793 3040 Krsuzlrloster.
831 2992 1057 3039 MutiansArrsicht
1075 3007 1125 3039 von
1141 2992 1270 3041 hlusardus
1292 2993 1387 3039 stimmt
1405 2995 1450 3040 urit
1470 2996 1623 3043 derUrhans

315 3064 385 3110 nicht
405 3064 516 3112 libereiu.

395 3170 533 3235 hlaximo
556 3170 884 3250 amicornmgllenvico
906 3169 1070 3235 Urbano
1091 3167 1251 3261 Matienus
1273 3169 1378 3233 llulhs.

397 3274 431 3338 S.
477 3272 563 3354 Ergo
596 3272 692 3353 igitur
719 3293 780 3335 non
813 3272 966 3354 aecepisti
996 3270 1105 3336 literas
1133 3270 1174 3334 ad
1203 3270 1380 3335 Reuchlin?
1420 3272 1509 3337 Atlco
1537 3276 1623 3340 enim

314 3376 420 3441 ieiune
441 3374 569 3454 scribis,
597 3382 631 3455 ut
658 3394 757 3457 prope
779 3374 839 3437 Vll
863 3381 919 3438 aut
940 3373 1014 3438 Vlll
1044 3374 1193 3437 articulos
1221 3381 1274 3437 tua
1303 3376 1506 3458 responsione
1531 3377 1623 3442 deco-

314 3478 431 3542 randos
453 3476 642 3559 preterieris.
683 3476 821 3540 Tantum
844 3476 940 3540 diluis
960 3476 1085 3558 culpam
1109 3475 1298 3540 malesccte.
1339 3476 1406 3540 lloe
1431 3496 1569 3557 agnosco
1591 3489 1623 3545 et

314 3579 419 3645 laudo.
458 3578 531 3643 Scio
553 3578 637 3641 enim
659 3596 778 3641 arcana
797 3578 932 3660 quedam
954 3578 993 3643 de
1010 3578 1074 3642 illis
1094 3575 1302 3659 theologistis,
1323 3578 1395 3642 ideo
1413 3579 1481 3644 dixi
1495 3584 1622 3660 „eave.“

313 3734 515 3744 ——--—

379 3821 741 3897 ¹Vgl.Erasmus,Adagia
760 3842 786 3893 p.
801 3822 866 3879 705.
970 3856 973 3859 -

375 3900 532 3960 ²Jacobos
554 3903 644 3956 Faber
666 3901 845 3971 Stapulensis.
886 3904 1007 3975 Vgl.Br.
1022 3905 1056 3957 61
1081 3903 1106 3958 S.
1118 3902 1156 3955 80
1178 3902 1259 3957 Anm.
1275 3903 1301 3959 4.

374 3980 389 4023 ³
410 3983 553 4039 Matthiius
573 3982 685 4047 Bossus,
705 3981 1227 4055 CanonicusRegularisLateraneusis.
1269 3984 1362 4040 Uebe'r
1379 3987 1454 4041 seina
1476 3986 1618 4043 Schriften

313 4065 368 4137 vgl.
389 4065 471 4133 Hain,
492 4062 750 4133 Repertorium-No.
763 4064 982 4120 3668-3681,

375 4141 389 4183 4
412 4144 500 4200 Unter
520 4144 624 4197 diesem
647 4142 754 4196 Namen
775 4144 811 4197 ist
832 4144 884 4197 mir
904 4144 969 4198 keiu
993 4146 1226 4200 lrumanistischer
1243 4146 1386 4217 Theologc
1407 4148 1537 4202 bekannt.

372 4219 387 4263 ⁵
410 4224 462 4278 Ein
484 4224 547 4277 Tcil
567 4224 617 4276 der
635 4223 865 4291 Korrespendenz
888 4225 1022 4279 arvisehen
1044 4224 1132 4279 Aldus
1152 4226 1295 4281 cinerseits
1318 4228 1373 4280 trud
1395 4226 1536 4282 Friedrich
1554 4230 1618 4283 dem

314 4305 429 4358 ll'eisen
453 4304 535 4358 nehst
553 4300 678 4372 Spalatin
706 4304 871 4357 andrerseita
899 4302 1023 4359 befindet
1048 4306 1107 4359 sich
1134 4306 1162 4358 in
1191 4307 1253 4360 dem
1282 4307 1436 4361 Weimarer
1463 4308 1620 4362 Gesammt·

314 4384 408 4439 archiv
429 4384 498 4454 Reg.
511 4382 543 4439 Ο.
555 4400 617 4453 pag.
633 4382 687 4435 166
705 4415 728 4422 -
744 4383 799 4435 168
813 4383 892 4439 VVV
902 4385 975 4437 nach
996 4384 1176 4441 Abschriften
1197 4404 1250 4441 von
1273 4386 1411 4459 Spalatins
1428 4387 1518 4446 llsnd.
1560 4389 1619 4446 Das

315 4464 451 4519 Gesehiift
471 4481 526 4517 war
548 4462 625 4516 1512
646 4462 675 4515 in
697 4462 811 4534 Angritl'
827 4482 994 4537 genommerr
1016 4467 1135 4520 worden.

375 4540 389 4584 ⁶
410 4544 472 4618 Vgl.
482 4543 527 4598 Br.
539 4543 606 4599 280.
