3625 5192
323 339 375 393 422
693 340 952 408 Goschichtsquellen
973 343 1021 393 der
1040 342 1114 394 Prov.
1133 341 1257 396 Suchseu.

323 491 399 574 quid
421 498 526 574 preter
546 490 687 554 umbram
709 496 741 555 et
760 489 892 554 liivolas
913 497 1008 571 atque
1030 489 1204 555 illiberales
1227 489 1428 555 narraciones
1447 491 1628 574 praetiterit.

323 594 372 659 De
393 593 542 678 'epistolis
569 592 787 659 Ciceronianis
812 591 925 656 melius
953 599 1001 656 est
1036 599 1142 658 tacere
1168 612 1262 674 quarn
1299 609 1441 675 promere
1468 591 1631 671 iudicium,

323 714 394 761 curn
415 694 511 761 hodie
532 696 596 759 sint
613 713 676 758 non
698 695 807 776 pauci,
834 693 887 775 qni
911 687 1006 757 Plinii
1032 693 1164 760 iunioris
1187 694 1339 776 epistolas
1367 713 1429 758 non
1456 694 1629 758 titubanter

323 798 500 882 predicent,
531 816 592 862 nou
611 797 827 861 inconstanter
847 795 980 860 emulari
1008 803 1143 879 pergant
1168 795 1365 860 admirantes
1386 796 1419 859 in
1448 795 1506 861 hoc
1527 796 1630 860 Plinio

322 901 510 966 brevitatem
530 901 704 981 integram,
729 916 903 963 sermonem
926 896 1112 973 candidum,
1144 897 1260 963 cultum
1283 897 1458 980 simplicem
1486 905 1519 962 et
1539 898 1630 980 quasi

208 1024 211 1030 ·
324 1003 462 1068 Atticam
479 1001 680 1065 mundiciem.
722 1001 806 1078 Quid
820 1000 919 1082 igitur
931 999 1113 1083 Campegus
1124 1000 1222 1063 emit?
1263 1001 1374 1081 Nugas
1395 1000 1480 1064 emit.
1521 1001 1631 1064 Preter

321 1105 406 1171 enim
437 1102 592 1167 Hilarium
625 1103 726 1166 hilare
757 1121 857 1183 nuper
889 1093 1055 1184 euccptum
1085 1101 1179 1180 nihil,
1211 1101 1296 1182 quod
1327 1102 1466 1183 placeat,
1501 1103 1629 1184 delegit.

323 1207 432 1286 Miror,
460 1225 514 1270 cur
535 1204 688 1269 barbarus
709 1204 836 1268 institor
856 1202 945 1266 abuti
966 1203 1073 1267 aliena
1096 1203 1232 1286 pecunia
1252 1203 1315 1267 sibi
1346 1203 1525 1284 permiserit
1549 1204 1629 1268 nibil

322 1327 399 1373 sane
424 1309 543 1371 veritus
572 1307 702 1370 tacitam
732 1313 870 1368 nostram
897 1304 1095 1368 aversionem
1127 1312 1160 1366 et
1186 1305 1321 1368 tbturam
1348 1306 1627 1390 eontempcionem.

322 1409 470 1475 Rhoedus
491 1407 666 1473 Cortesium
687 1407 818 1470 invenit.
861 1407 888 1470 0
911 1413 1030 1487 quanta
1052 1405 1250 1486 negociatio,
1279 1414 1398 1488 quauta
1424 1408 1627 1490 operositas².

322 1511 447 1593 Ubique
469 1511 552 1574 iacet
572 1509 696 1573 venalis
706 1507 892 1572 Cortesius.1
934 1506 1018 1584 Quid
1041 1507 1200 1570 mihicum
1212 1507 1393 1578 Lactancio
1415 1529 1485 1572 enm
1500 1509 1628 1576 Gellio?

322 1613 450 1692 Notavi,
470 1612 581 1691 fateor,
602 1628 708 1675 eorum
730 1609 869 1688 nomina,
891 1607 946 1674 sed
969 1608 1100 1672 meliora
1122 1608 1251 1689 preferri
1275 1609 1427 1674 volebam.
1467 1612 1511 1674 At
1531 1630 1629 1692 quare

323 1715 510 1800 persolvam,
531 1710 615 1797 quod
636 1710 778 1774 medicus
798 1709 985 1789 accredidit,
1006 1729 1075 1774 cum
1098 1710 1130 1773 in
1152 1729 1264 1774 manus
1285 1729 1372 1774 meas
1392 1711 1629 1776 mercimonium

322 1815 402 1881 illud
422 1812 555 1880 necdum
574 1811 811 1878 convolaverit?
852 1809 947 1876 Odii
976 1810 1063 1891 boni,
1093 1830 1185 1892 quarn
1216 1823 1288 1875 sunt
1314 1821 1503 1877 mercatores
1530 1815 1629 1876 nostri

248 1958 251 1962 ι
321 1918 495 2003 sapientes!
535 1914 679 1980 Petreius
701 1913 807 1994 voluit,
829 1921 863 1977 ut
874 1910 1023 1978 deberem
1036 1911 1281 1996 Christophoro²
1304 1912 1497 1978 beneficium.
1539 1915 1630 1980 Fecit

322 2021 434 2087 amice.
475 2017 626 2084 Urbanus
655 2014 811 2080 notarium
843 2013 970 2097 putavit
996 2033 1065 2078 esse
1092 2012 1196 2077 lidum.
1245 2013 1383 2096 Uterque
1411 2027 1549 2078 vestrum
1576 2016 1628 2080 de·

322 2130 432 2206 ceptus
452 2126 509 2185 est.
551 2119 624 2184 Non
645 2125 751 2181 tamen
772 2115 854 2181 adeo
876 2135 944 2180 sum
966 2115 1122 2198 stupidus,
1143 2115 1224 2181 adeo
1237 2115 1533 2198 l'rigidisauguinis‚
1551 2119 1627 2199 quin

322 2243 459 2290 amorem
488 2227 626 2288 vestrum
658 2219 835 2301 intelligam
862 2224 895 2283 et
922 2236 1093 2300 agnoscam
1122 2237 1201 2308 onus
1237 2218 1370 2301 pecunie
1401 2219 1532 2301 perdite.
1581 2224 1627 2283 ln-

322 2325 445 2390 calesco
476 2321 638 2387 vobiscum
666 2327 699 2385 et
723 2339 822 2401 arguo
851 2319 964 2384 stultos
991 2325 1148 2403 emptores
1181 2318 1328 2394 audacie,
1362 2319 1447 2401 quod
1483 2322 1629 2402 vulgaria

321 2445 437 2508 magno
459 2424 639 2489 coemerint.
681 2422 797 2486 Verum
818 2421 851 2484 id
874 2429 1040 2503 utcunque,
1069 2420 1250 2500 tolerabile,
1277 2420 1305 2484 si
1326 2440 1461 2485 mercem
1484 2422 1629 2488 haberes.

324 2529 378 2592 isti
402 2527 568 2610 pecuniam
589 2525 791 2604 abiecerunt,
821 2543 879 2587 nos
900 2542 1002 2605 neque
1023 2524 1190 2606 pecuniam
1212 2541 1314 2603 neque
1340 2521 1437 2588 libros
1467 2523 1628 2590 habemus.

321 2629 412 2694 Unus
433 2627 595 2692 Hilarius³
615 2625 752 2705 emersit,
773 2626 869 2690 ceteri
890 2626 1130 2708 peregrinantur
1152 2623 1256 2688 adhuc
1282 2625 1347 2698 vel,
1370 2624 1454 2706 quod
1476 2629 1628 2710 suspicor,

214 2743 221 2753 ’
322 2732 396 2795 nive
416 2747 502 2811 vaga
521 2735 594 2794 eunt
615 2728 727 2793 obruti.
772 2728 881 2810 ltaque
902 2735 955 2792 tue
967 2726 1190 2792 sollicitudinis
1206 2735 1254 2791 est
1275 2724 1449 2792 subducere
1470 2729 1628 2794 racionem

322 2842 352 2899 et
373 2832 486 2917 positis
507 2831 637 2896 calculis
658 2834 762 2895 lacere
782 2849 935 2894 summam
958 2848 1091 2911 eamque
1107 2828 1184 2892 mihi
1196 2827 1372 2907 ostendere,
1394 2835 1428 2892 ut
1438 2830 1537 2893 sciam
1559 2850 1629 2912 ego,

321 2943 473 3016 quantum
494 2930 617 2998 Petreio
638 2932 817 3013 carissimo,
841 2915 992 3013 quantum
1014 2931 1074 2995 tibi
1097 2931 1277 2996 debeamus.
1322 2929 1398 2993 Vale
1420 2938 1452 2993 et
1472 2951 1522 2994 ure
1543 2939 1629 2996 tuum

320 3056 391 3104 esse
415 3034 689 3119 persuasissimum
716 3034 841 3098 habeto.
889 3033 1075 3113 Schalbnm,
1108 3031 1249 3097 sodalem
1279 3041 1380 3110 tuum,
1417 3033 1497 3096 meis
1524 3033 1630 3097 verbis

321 3140 531 3323 Βαιηῗίᾈρῑὶω
549 3238 608 3302 heo
629 3238 682 3302 die
703 3237 777 3302 lune
795 3245 870 3318 post
893 3235 1076 3301 lilartinalia
1096 3235 1250 3300 lllDXlll.

391 3362 571 3410 Haudeehriftl.
593 3360 678 3407 1¹*le
703 3361 745 3407 tot.
768 3359 961 3407 tots—lota
1017 3359 1093 3406 Gedr.
1114 3359 1138 3407 b.
1156 3359 1190 3405 Ta
1208 3359 1232 3406 S.
1249 3359 1294 3405 ltll
1347 3358 1393 3406 102
1421 3377 1466 3408 uon
1492 3362 1630 3408 Numerent

321 3434 365 3481 alii
383 3434 419 3480 bis
438 3433 549 3479 Atticam
568 3430 726 3478 mundiciam.

391 3532 403 3559 ²
420 3539 446 3583 F
457 3535 602 3597 operositas.

207 3811 212 3820 ,
321 3741 405 3812 329.
426 3740 471 3808 11.
491 3759 537 3806 au
559 3740 694 3808 Urban.
1072 3739 1217 3826 (tiothu)
1232 3741 1327 3812 1513.
1362 3741 1561 3809 November
1571 3743 1626 3814 lii.

391 3865 424 3910 bl.
446 3865 490 3910 hat
508 3864 565 3910 dem
583 3855 671 3910 Eoban
689 3865 751 3910 alles
770 3864 897 3910 orrtdeclrt.
935 3863 1062 3910 Osmnnde
1080 3864 1140 3910 selle
1159 3865 1306 3922 gerichtlich
1325 3863 1459 3926 vorgelreu.

403 3962 538 4026 Henrioo
559 3961 723 4026 Urbano
745 3962 905 4026 blutianus
927 3961 1033 4026 liul'us.

401 4066 433 4129 S.
474 4063 594 4128 Goaetu
614 4064 731 4128 amoris
752 4062 859 4127 detexi
880 4061 1011 4128 Eobauo
1033 4070 1130 4128 totam
1151 4065 1318 4130 tabulam.l
1359 4065 1472 4147 Etlice,
1499 4073 1533 4130 ut
1552 4067 1626 4132 lial-

383 4335 393 4378 1
417 4340 481 4410 Vgl.
501 4339 547 4392 Br.
562 4339 620 4392 ‘275
641 4342 667 4393 S.
681 4341 736 4392 361
761 4339 882 4394 Arrunl.

382 4417 395 4457 ²
417 4418 478 4490 Vgl.
500 4419 538 4472 Br
554 4419 621 4477 306.
635 4419 701 4474 3⁶23.

381 4495 395 4538 3
416 4500 479 4571 Vgl.
499 4489 546 4554 'Ba
555 4499 622 4556 306.
634 4499 702 4553 322.
714 4500 783 4557 323.
794 4498 860 4553 324.
872 4499 938 4556 326.

378 4575 475 4654 4ng
496 4578 619 4638 Br.3ll.
