3625 5192
318 323 353 379 74
689 326 952 398 Guschiehtsqneiion
969 329 1017 383 der
1036 326 1109 383 Pron.
1129 326 1251 383 Saehson.

316 474 376 541 58.
397 473 645 547 HauUrtrun.
1364 472 1497 555 (Gotho
1507 473 1626 557 1507.)

389 599 450 647 nro
470 600 573 660 bokingt
590 600 643 647 siclt
662 601 740 647 bittor
757 601 819 647 tibur
837 601 953 647 Morohus
973 600 1024 647 und
1044 600 1172 659 Plattsnss,
1191 599 1260 646 suino
1271 598 1395 657 Kollogon
1415 612 1455 645 arn
1473 599 1556 659 Stiria,
1575 600 1626 646 und

318 670 423 729 msidot,
442 670 498 717 duas
517 686 544 717 or
561 671 684 717 Godiohto
702 672 746 717 dus
767 672 875 719 Ricirard
894 671 1006 719 Sbrulius
1030 670 1081 717 und
1105 670 1173 717 uinus¹
1192 670 1303 717 arrdoran
1323 670 1417 715 Poetou
1436 670 1565 731 oriralton,
1585 668 1626 717 dio

318 740 391 787 boida
411 740 481 787 nieht
499 740 545 787 mit
563 741 651 787 Euhan
670 742 763 789 Hessos
781 757 812 788 zu
830 742 990 799 vorgloiohon
1011 741 1087 788 soien,

398 836 589 903 Honorando
611 838 705 903 vallis
725 837 827 904 saneti
851 838 983 921 Georgii
1004 857 1154 903 eoononro
1175 836 1312 901 Henrioo
1333 836 1502 916 Urbano,
1525 836 1627 902 anrioo

317 938 458 1015 colendo,
484 939 644 1005 Mutianns
664 940 771 1005 Rutns.

399 1044 429 1106 S.
472 1041 602 1123 Megera
622 1042 747 1107 sodales
771 1063 858 1108 meos
880 1044 913 1107 in
934 1044 1067 1108 iirrorem
1090 1043 1192 1107 vertit
1243 1042 1316 1107 Toti
1339 1040 1517 1124 Erohurdie
1535 1042 1627 1105 Mori-

318 1147 418 1207 anus¹
439 1150 528 1208 uetus
548 1142 740 1209 discordiam
751 1145 905 1228 exposuit.
948 1144 1049 1225 Beati,
1063 1144 1117 1226 qui
1132 1143 1261 1209 vallium
1273 1144 1434 1227 opacitate
1451 1144 1628 1227 gaudentes

317 1247 417 1311 iornrn
438 1252 470 1311 et
493 1246 565 1311 lites
577 1246 730 1311 nesciunt.
773 1245 1052 1329 Appeiiantvoigo
1074 1244 1243 1311 canonicos
1265 1245 1431 1326 iurgiosos‚
1453 1253 1627 1330 protervos,

318 1368 478 1432 proeaees,
501 1347 690 1433 petulantes,
710 1348 912 1433 impudentes
933 1354 981 1429 et,
1001 1356 1034 1413 ut
1057 1348 1174 1413 usitata
1193 1366 1271 1413 voee
1294 1348 1485 1431 uonrpieotar
1504 1348 1628 1413 omnia·

319 1499 442 1518 .......
470 1450 511 1515 Et
532 1469 643 1515 revera
669 1470 730 1516 non
758 1452 965 1524 mentiuntur,
995 1451 1048 1533 qui
1069 1449 1170 1515 malos
1197 1449 1311 1515 fratres
1336 1449 1455 1515 dieunt.
1504 1450 1627 1533 oreris,

318 1552 395 1635 qnid
425 1554 496 1636 ipse
522 1552 649 1618 taeiarn.
696 1552 820 1617 Relicta
847 1572 959 1618 seeura
994 1552 1099 1635 quieto
1125 1552 1226 1617 clamo
1254 1558 1286 1617 et
1313 1553 1398 1617 rixor
1426 1553 1625 1618 trnouienter.

319 1654 402 1719 Naro
425 1655 541 1719 aoerba
561 1655 629 1719 lues
649 1653 770 1719 ordinis
798 1655 911 1727 nostri,
939 1655 1030 1719 horno
1056 1654 1196 1720 i'amosns
1223 1660 1254 1718 et
1276 1654 1529 1736 inquinatissima
1551 1654 1626 1735 vite,

318 1756 633 1822 Martinns²iaressit
642 1763 675 1819 et
684 1756 788 1821 irritat
803 1756 976 1821 universos.
1007 1756 1071 1837 Ego
1083 1755 1287 1821 nihilominus
1298 1755 1447 1821 oottidie¹’
1458 1757 1505 1821 sio
1518 1756 1626 1837 adoro,

318 1860 377 1925 iroe
398 1866 447 1924 est
470 1858 621 1941 aiioqnor,
642 1858 750 1921 divam
765 1858 932 1940 virginenu
957 1858 1092 1939 Protege
1108 1857 1244 1922 t'anrnlos
1265 1864 1318 1923 tuo
1340 1858 1508 1924 ssrrbsidiis
1529 1860 1625 1942 nauis.

320 1961 392 2027 Vidi
402 1962 546 2027 earmina
554 1961 683 2026 Rieardi
694 1960 862 2025 sororina
898 1962 952 2025 Sio
966 1960 1104 2025 novitius
1120 1967 1214 2044 poeta
1225 1965 1355 2025 vocatur
1369 1960 1460 2025 dunis
1471 1961 1626 2027 Federiei.

316 2064 431 2128 Parnm
452 2062 573 2129 roboris
591 2082 648 2147 pre
669 2082 704 2128 se
724 2062 837 2129 ferunt.
879 2062 1082 2144 Hennignus⁰
1103 2062 1242 2127 ostendit
1253 2062 1329 2128 mihi
1351 2064 1480 2129 alterins
1502 2082 1627 2146 quoque

318 2166 427 2231 neseio
447 2165 537 2231 onius
557 2172 650 2248 poete
671 2166 806 2230 vorsus-⁴
847 2163 987 2246 Uterque
1008 2164 1093 2229 cedit
1113 2171 1145 2229 et
1170 2164 1300 2229 inferior
1323 2172 1372 2229 est
1392 2164 1532 2230 Eobano.
1575 2165 1626 2231 Me

316 2268 450 2351 rogarit,
474 2274 508 2331 ut
527 2267 650 2351 etipse
671 2267 780 2331 darem
803 2265 928 2330 titulum
950 2267 1041 2331 novis
1062 2265 1176 2332 edibus
1195 2268 1271 2331 suis.
1317 2265 1399 2332 Dedi
1415 2269 1507 2349 hune,
1532 2286 1626 2350 qnam

316 2371 418 2435 vides.

399 2472 793 2554 invitareanpaiatinnrn,
814 2471 875 2535 nisi
897 2488 1022 2535 vererer
1042 2470 1075 2534 id
1097 2470 1225 2535 domino
1249 2476 1314 2536 toro
1327 2472 1498 2537 rnoieatonr.
1533 2472 1626 2550 Quod

317 2583 422 2641 auteur
445 2594 545 2659 nuper
565 2573 606 2639 ad
628 2592 679 2638 rne
700 2594 761 2639 non
782 2572 885 2649 venit,
914 2572 1054 2654 graviter
1075 2572 1229 2655 peooavit.
1271 2573 1319 2637 Tu
1346 2592 1430 2654 eura,
1463 2582 1496 2639 ut
1517 2574 1627 2639 valeas

317 2685 350 2743 et
369 2697 427 2743 nos
448 2696 543 2741 ames.

397 2778 445 2845 Ex
469 2780 591 2855 Gotha,
618 2777 672 2842 die
698 2777 811 2843 ioviali
842 2787 914 2863 post
948 2779 1162 2863 vespertinum
1188 2778 1323 2844 odicium
1352 2778 1464 2843 Rufino
1495 2780 1625 2844 aeunni⁵

318 2882 431 2949 adesse
450 2881 628 2946 nunoiante.

389 3006 568 3054 Hsndsohrir‘ti.
587 3006 649 3052 1⁴¹6?
670 3006 786 3051 suidIv.
822 3005 899 3051 Gedr.
919 3006 942 3053 b.
962 3006 996 3051 Ta
1013 3006 1036 3053 S.
1048 3006 1080 3053 56
1101 3021 1145 3052 rou
1163 3004 1264 3064 Mogore
1284 3006 1380 3052 sociales
1399 3004 1434 3052 bia
1455 3020 1527 3065 qusnr
1547 3006 1624 3053 vides.

388 3108 398 3132 ²
417 3113 479 3158 Hirr
497 3114 527 3158 iat
545 3113 596 3158 eine
614 3111 695 3157 truta
715 3112 740 3156 in
758 3111 791 3170 1¹⁹,
817 3112 861 3157 der·
881 3111 1038 3157 atoutrroioo·
1054 3110 1124 3170 sauri
1148 3111 1194 3157 dua
1210 3112 1271 3157 ii'ort
1291 3112 1485 3157 rroluorlrer'nliolr
1511 3127 1541 3157 an
1559 3111 1624 3159 (lead.

319 3184 352 3228 'I'z
369 3184 411 3228 aar
429 3183 530 3229 ‹litarlbs
549 3184 615 3230 rrioht
635 3184 756 3228 versuo-ke.
831 3166 929 3227 ι’ΜΗ
947 3181 984 3226 ber*
1003 3182 1044 3228 Ta.
1116 3176 1125 3201 ⁰
1143 3183 1162 3227 1⁴
1182 3181 1279 3228 Sorulii.
1352 3165 1365 3203 ‘¹
1387 3183 1420 3227 Ta
1438 3182 1604 3249 Hunning'ius.

318 3342 518 3353 ψ..

383 3459 394 3501 ¹
416 3462 481 3535 vgl.
500 3462 593 3517 Bnll
617 3462 644 3519 S.
657 3464 692 3516 lo
714 3464 796 3517 Anrn.
809 3464 835 3519 ὃ.

379 3560 551 3619 Ηίεηίιιιιε
579 3564 729 3634 Flumineo,
757 3565 921 3621 Kanoniker
949 3584 991 3619 arn
1015 3564 1196 3627 Morienstift,
1226 3564 1269 3619 oin
1297 3564 1396 3618 hin-hat
1423 3563 1627 3617 ror·iiohtliehos

322 3645 446 3716 Subjekt.
491 3644 551 3716 vgr.
580 3644 691 3712 notter,
718 3646 830 3700 Kidstnr
858 3646 887 3699 in
915 3644 1022 3715 Gotho,
1051 3646 1079 3699 in
1106 3647 1156 3699 dor·
1182 3644 1341 3699 'heitsohrift
1367 3645 1415 3697 dus
1437 3642 1553 3699 Voroins
1582 3642 1628 3697 frit

318 3724 511 3797 thuringisehe
533 3724 701 3781 Gesohichte
722 3727 778 3779 und
799 3724 1073 3781 Alterthurnsknnde.
1109 3725 1158 3780 Bd.
1169 3724 1202 3779 V.
1233 3723 1257 3779 S*
1271 3722 1344 3781 taff.

378 3820 536 3881 ³Riehard
557 3825 691 3897 Sbrnlius‚
712 3845 761 3882 ans
781 3826 883 3882 Forum
908 3826 971 3881 iulii
994 3827 1133 3899 gebtirtig,
1155 3827 1199 3881 ein
1222 3826 1369 3881 subtender
1390 3826 1476 3894 poet,
1499 3844 1554 3879 war
1574 3826 1627 3881 soit

316 3906 455 3978 Friihjahr
473 3906 559 3976 1507,
580 3908 631 3961 wie
654 3926 683 3966 os
704 3908 820 3973 schaint,
841 3907 893 3962 anf
911 3908 1255 3978 spezielleVeranlassung
1276 3906 1432 3961 Friedriohs
1448 3904 1627 3975 desWoison‚

206 3998 210 4007 “
317 3988 346 4041 in
365 3988 545 4061 Wittenberg
572 3987 613 4041 als
640 3988 746 4045 Lehrer
772 3988 929 4060 angustalit.
973 3988 1037 4059 Vgl.
1059 3987 1254 4057 Fiirstenrann‚
1281 3986 1385 4041 Album
1406 4005 1434 4056 p.
1458 3986 1505 4039 21.
1557 3986 1627 4041 Eine
1677 4056 1681 4065 .

317 4067 452 4124 treffende
474 4064 691 4123 Oharnkteristik
715 4086 768 4123 von
790 4068 849 4121 ihm
870 4068 949 4139 giebt
969 4066 1076 4122 Krause
1094 4068 1116 4137 l,
1136 4066 1162 4121 S.
1176 4066 1223 4120 84.

377 4166 392 4209 ⁴
415 4168 659 4225 thraoheinlioh
678 4168 816 4225 Godiobte
838 4169 973 4224 Tilonins.
1003 4168 1066 4241 vgl.
1090 4168 1158 4223 iiber
1179 4168 1227 4221 ihu
1248 4166 1293 4223 Br.
1311 4168 1347 4223 59
1368 4169 1393 4223 S.
1408 4168 1445 4223 75
1464 4166 1546 4224 Anrn.
1560 4170 1585 4225 1.
1682 4098 1693 4214 d

380 4267 394 4312 5
415 4271 548 4327 Woleber
568 4270 650 4329 Greia
669 4272 794 4345 gemeint
814 4272 864 4337 soi,
886 4271 956 4325 liisst
975 4270 1035 4325 sich
1057 4270 1134 4325 nicht
1155 4270 1303 4325 ermitteln.

869 4478 1070 4487 ——-—-—---
