3625 5192
313 346 364 398 322
688 347 947 414 Gescbirhtsquelien
965 350 1013 401 dor
1033 348 1104 402 l'rov.
1124 348 1246 401 Saobsen.

310 479 644 579 cora'pronunciaoio.
696 492 731 558 ln
758 516 836 577 qua,
862 498 891 572 si
919 496 1075 561 auditorio
1096 495 1300 574 satisfecerit,
1330 495 1409 559 bene
1430 495 1534 560 habet.
1574 496 1618 560 Ar

310 598 386 682 quid
402 599 466 665 bec
486 618 546 679 ego
569 597 651 665 tibi?
693 597 776 680 Quin
797 600 918 682 potius,
947 599 974 663 si
1004 618 1054 663 me
1075 599 1338 679 amas‚·corrige.
1380 598 1488 662 Timor
1514 599 1618 679 magis

310 701 402 766 decet
429 700 568 765 eruditos
593 719 686 783 quam
715 699 839 765 fiducia.
887 700 931 766 Ut
959 721 1008 765 me
1035 700 1126 765 decet
1145 700 1311 785 prodesse,
1339 700 1452 781 quibus
1479 720 1617 783 possum,
1706 770 1711 775 ,

310 805 357 869 ita
382 811 413 867 te
439 804 610 867 transversi
637 802 750 867 calami
773 802 864 884 sign'o
886 811 995 867 notare
1018 804 1214 884 corrigenda.
1256 803 1336 867 Sunt
1356 801 1490 884 quedam
1517 801 1616 867 libere

309 906 412 985 dicto,
438 904 495 970 sed
522 924 615 970 nemo
640 905 827 969 nominatim
856 911 992 969 taxatur.
1040 904 1101 981 Qui
1130 905 1259 969 nothum
1291 904 1396 983 audit,
1431 910 1537 968 notum
1569 904 1616 966 in·

310 1007 442 1089 telligit,
473 1008 620 1088 quamvis
643 1007 708 1070 sint
736 1006 873 1069 diversa.
919 1006 1091 1071 Urbabitas
1112 1014 1160 1071 cst
1188 1026 1248 1069 non
1271 1006 1463 1069 mordacitas
1484 1016 1515 1069 et
1536 1006 1615 1069 veri-

310 1109 386 1175 tatis
406 1110 541 1190 amicus,
565 1128 637 1174 osor
656 1109 834 1190 arrigancie
855 1109 990 1173 libenter
1011 1109 1056 1171 ita
1081 1108 1225 1189 loquitur.
1267 1108 1338 1172 Non
1359 1109 1470 1171 timeat
1488 1107 1616 1171 Hallen-

309 1212 368 1291 sis,
404 1218 548 1292 protecta
572 1210 703 1274 libertas
728 1230 789 1274 uon
818 1210 920 1274 irritat
946 1211 1123 1275 crabrones.
1171 1209 1357 1275 Consideret
1381 1210 1454 1274 aliis
1479 1210 1510 1275 in
1538 1210 1617 1273 locis

309 1313 513 1402 festivitatem
536 1318 568 1376 et
585 1311 701 1377 deinde
722 1311 837 1375 hilaria
858 1332 927 1375 cum
950 1313 1105 1391 tristibus,
1135 1312 1266 1375 bomilia
1287 1331 1357 1376 curn
1379 1310 1558 1393 magnificis
1579 1331 1617 1375 ac

211 1416 215 1421 ’
309 1415 498 1480 sublimibus
521 1420 697 1496 componat.
746 1414 941 1496 Apparebit,
969 1414 1095 1495 opinor,
1125 1414 1158 1476 in
1179 1414 1299 1493 verbiS,
1321 1415 1354 1478 in
1375 1415 1562 1487 sentenciis,
1584 1415 1615 1477 in

311 1517 525 1581 concinnitate
555 1536 617 1581 nou
647 1516 830 1579 inamabilis
863 1518 1012 1579 varietas.
1062 1516 1133 1578 Duo
1162 1517 1359 1599 potissimum
1389 1516 1490 1581 vitavi
1518 1516 1616 1580 vicia:

311 1620 383 1705 lion
410 1638 478 1682 sum
505 1637 579 1682 usos
609 1618 782 1700 priscarum
808 1617 980 1681 dictionum
1010 1617 1121 1695 t'etore,
1153 1637 1213 1680 non
1236 1618 1345 1681 crebra
1369 1619 1495 1682 testium
1524 1618 1615 1681 inter-

310 1721 489 1805 pellatione.
534 1720 655 1783 Placuit
682 1721 753 1802 ipsa
777 1718 854 1782 mibi
878 1719 1104 1801 perspicuitas,
1131 1737 1232 1799 neque
1261 1738 1341 1801 opus
1365 1727 1413 1782 est
1434 1719 1466 1782 in
1489 1718 1548 1783 boc
1571 1719 1617 1783 di-

310 1823 402 1887 cendi
430 1841 562 1903 genere,
591 1829 626 1884 ut
652 1821 798 1885 affectate
826 1821 973 1901 loquaris.
1016 1820 1144 1883 Summa
1170 1820 1296 1901 quidem
1319 1821 1387 1885 laus
1408 1822 1554 1901 oratoris,
1585 1828 1619 1885 ut

310 1944 370 2006 ego
398 1924 518 2003 sentio,
549 1924 676 2005 proprie
702 1941 740 1985 ac
767 1921 906 1985 dilucide
938 1922 1022 2002 loqui
1055 1930 1087 1985 et
1114 1928 1225 2003 aptare
1257 1922 1399 2003 personis
1432 1924 1616 1997 orationem,

309 2026 392 2108 quod
424 2045 445 2087 a
480 2044 645 2089 causarum
679 2031 780 2087 tractu
808 2025 895 2086 venit
919 2023 959 2085 ad
983 2025 1146 2106 pulpitum.
1195 2024 1394 2105 Aequiescis,
1426 2033 1514 2106 puto,
1547 2045 1616 2088 mco

309 2126 436 2191 iudicio.
479 2127 535 2190 Sin
564 2125 658 2189 aliter
676 2126 789 2201 sentis,
813 2126 986 2188 instruatur
1006 2126 1106 2188 oratio
1128 2124 1267 2205 undique
1288 2126 1400 2190 accitis
1428 2127 1617 2191 testimoniis

310 2228 436 2303 inflata,
468 2228 553 2309 qood
583 2234 631 2291 est
660 2227 891 2291 circulatoriam
923 2232 955 2290 et
984 2226 1123 2308 ineptum
1157 2235 1188 2290 et
1218 2227 1316 2289 iurem
1351 2228 1465 2309 arguit.
1517 2228 1616 2291 Priori

211 2357 215 2365 ·
310 2334 382 2397 labe
401 2330 578 2394 maculosus
599 2337 647 2393 est
667 2329 853 2392 'liloninusl
881 2329 913 2392 in
935 2328 1071 2411 epistola
1090 2329 1267 2392 Cinruroriis
1289 2329 1426 2392 tenebris
1446 2330 1616 2394 obscurior.

309 2434 438 2497 Rideret
459 2432 637 2509 Heraclitus
658 2438 689 2495 et
714 2432 807 2502 Cato,
836 2436 868 2493 et
892 2436 941 2494 est
967 2431 1062 2513 plane
1093 2431 1155 2493 risu
1186 2430 1315 2511 dignum
1341 2431 1493 2514 aucupari
1519 2432 1616 2495 verba

309 2536 448 2614 exoleta,
480 2534 629 2596 simulare
648 2532 845 2613 facundiam,
880 2538 1037 2595 ostentare
1060 2532 1201 2613 linguam
1229 2552 1406 2613 grecorum,
1436 2535 1618 2615 promittere

309 2636 463 2719 grandia,
494 2635 591 2699 libros
622 2634 862 2713 antiquitatum,
899 2633 1094 2713 eclogarum,
1130 2634 1410 2715 epigrammatum,
1442 2636 1617 2725 orationum

309 2738 551 2827 commentarios
580 2738 611 2800 in
635 2744 778 2799 auctores
797 2755 858 2798 non
882 2734 987 2797 infime
1012 2735 1130 2798 classis.
1177 2735 1261 2813 Quid
1284 2736 1415 2819 dignum
1437 2740 1618 2801 tantot'eret

311 2840 362 2904 bio
392 2841 562 2924 promissor
593 2838 727 2903 hiatu?2
783 2835 980 2901 Admiranda
1013 2837 1070 2900 tibi
1098 2837 1234 2903 levium*
1267 2838 1449 2921 spectacula
1484 2842 1617 2903 rerum.³

309 2943 509 3006 Parturiuntb
538 2947 674 3020 montes,
709 2945 855 3003 nascetur
883 2939 1034 3003 ridiculus
1060 2942 1167 3003 mus4.
1219 2940 1342 3005 Habeat
1368 2961 1456 3006 suam
1483 2942 1544 3006 sibi
1572 2943 1616 3004 in-

309 3043 461 3109 valitiem.
504 3043 637 3107 Stultum
660 3049 709 3106 est
730 3042 762 3104 in
785 3048 848 3103 tarn
871 3040 997 3121 frigidis
1020 3042 1112 3119 nugis
1131 3061 1226 3121 agere
1247 3044 1375 3105 mimum
1398 3050 1429 3107 et
1450 3044 1534 3126 apud
1561 3043 1616 3107 im·

309 3146 476 3230 peritiores
501 3164 650 3226 arrogare
678 3144 756 3222 sibi,
788 3162 849 3224 que
873 3162 913 3207 ne
940 3142 1170 3206 eruditissimus
1197 3144 1323 3225 quidem
1355 3153 1409 3209 aut
1431 3152 1617 3226 agnosceret

309 3254 365 3313 ant
394 3248 488 3312 tribui
520 3255 688 3331 pateretur.
744 3246 807 3309 Sed
842 3264 974 3326 magnos
1007 3245 1129 3308 invenit
1161 3245 1300 3309 stulticia
1330 3255 1488 3329 patronos.
1533 3247 1617 3311 ¹rldit
1644 3286 1646 3289 -

309 3346 735 3427 TiloninumHereborduS,
766 3346 850 3427 quod
878 3347 955 3410 mihi
986 3348 1058 3410 Tilo
1080 3347 1293 3411 Eisenaoeus⁵
1322 3350 1473 3412 narravit.
1515 3350 1617 3413 Favet

379 3453 434 3504 'F
447 3458 521 3505 levia.
593 3441 649 3503 Ῐ’κ’
662 3458 810 3517 parturiant.

372 3614 382 3657 ¹
406 3619 469 3691 vgl.
489 3618 537 3678 Br.
554 3618 591 3673 59
613 3618 640 3674 S.
657 3619 696 3673 75
716 3619 799 3677 Anm.
814 3619 840 3671 1.

371 3694 385 3737 ²
406 3700 506 3769 Horaz,
526 3700 570 3754 De
591 3706 650 3755 arte
670 3699 781 3770 poetica
802 3698 868 3753 138.

374 3774 388 3817 3
410 3780 514 3851 Vergil,
536 3780 638 3851 Georg.
660 3780 709 3848 lv,
730 3780 755 3833 3.

368 3854 503 3925 ⁴Horaz,
523 3860 567 3913 De
589 3867 647 3914 arte
665 3860 776 3929 poetica
797 3858 863 3915 139.

369 3935 384 3977 ⁶
404 3940 523 3994 loannes
543 3940 632 4010 'sylus
652 3940 686 3993 de
702 3939 839 3993 Eisenaclr
861 3936 937 4012 (Alb.
957 3940 1034 3995 acad.
1053 3940 1147 3994 Viteb.
1169 3941 1241 4011 lrrsg.
1263 3941 1507 3995 vonFiirstcmann
1525 3940 1551 3996 S.
1565 3941 1615 4006 27)

314 4019 446 4074 studierte
472 4038 519 4072 um
549 4019 625 4072 1506
655 4020 683 4073 in
704 4019 799 4073 Erfurt
826 4022 892 4090 (vgl.
914 4021 1122 4089 Kampschulte.
1155 4020 1250 4073 Erfurt
1263 4020 1286 4093 1,
1304 4020 1329 4075 S.
1343 4020 1378 4074 'il
1402 4020 1485 4075 Anm.
1500 4022 1537 4089 1).
1579 4022 1617 4076 Er

312 4101 349 4153 ist
369 4100 511 4153 vielleioht
531 4100 666 4153 identiseb
688 4100 740 4153 mit
761 4102 822 4155 dem
846 4099 1038 4153 Ostern1502
1061 4100 1321 4155 immatrikulicrton
1337 4102 1480 4156 Jobnunes
1495 4101 1618 4157 Rastorli‘

241 4246 244 4251 ³
312 4181 345 4233 de
368 4180 484 4233 lscnach
504 4180 570 4232 oder
591 4180 642 4233 mit
652 4180 791 4234 lohannes
806 4179 1018 4234 Schotameister
1038 4181 1071 4233 de
1089 4181 1213 4249 lsennoh,
1233 4181 1351 4234 weloher
1372 4181 1456 4247 blich.
1471 4180 1547 4233 1503
1570 4183 1616 4235 da·

312 4260 398 4313 selbst
425 4260 651 4331 eingeschrieben
680 4262 782 4316 wurdc.
829 4260 871 4312 lm
897 4259 1002 4313 Horbst
1027 4260 1104 4312 1508
1127 4262 1195 4330 ging
1229 4278 1258 4313 er
1289 4260 1340 4313 arrf
1367 4261 1411 4314 die
1442 4262 1616 4315 Universitiit

312 4340 506 4409 Wittenberg‚
534 4339 643 4393 seheint.
670 4340 737 4393 abor
761 4340 826 4394 bald
851 4358 903 4393 von
932 4342 994 4395 dort
1023 4341 1094 4393 nach
1120 4340 1215 4393 Erfnrt
1240 4340 1462 4411 zuriickgekehrt
1486 4359 1519 4395 zu
1547 4342 1614 4395 sein.

313 4420 351 4473 Er
371 4419 469 4489 spraeb
491 4419 576 4473 iifters
596 4419 641 4474 bei
664 4420 772 4473 Mutian
793 4420 820 4471 in
844 4419 938 4474 Gotba
958 4438 1019 4487 vor,
1043 4422 1115 4474 ohne
1136 4421 1193 4473 ilnn
1215 4420 1295 4475 daboi
1318 4439 1348 4475 so
1371 4422 1442 4474 nahe
1461 4438 1495 4474 zu
1517 4425 1616 4489 neten,

315 4500 365 4553 wie
387 4516 417 4553 es
437 4501 488 4553 mit
505 4501 651 4555 manahem
673 4501 792 4554 anderen
803 4500 957 4570 dunglingc
978 4500 1026 4553 der
1035 4500 1096 4554 Fall
1118 4518 1179 4554 war.
1220 4499 1271 4553 Als
1286 4501 1498 4570 seinspezieller
1510 4500 1617 4554 Lehrer

311 4580 376 4633 wird
396 4578 509 4634 Tilouin
530 4588 662 4650 genennt.
