3625 5192
704 378 794 439 Brielc
815 379 935 440 Matiana
954 384 995 438 52.
1473 376 1505 435 ot

195 532 267 597 duci
291 532 449 614 Georgio¹
472 532 572 597 iturus
593 552 664 597 curn
690 532 1002 607 concremacione
1026 538 1059 597 nt
1080 532 1213 596 Pbrisiis
1237 531 1378 595 bostibus
1399 539 1430 595 ct
1451 530 1505 594 ad-

196 636 346 726 versariis
356 636 486 718 Georgii
510 655 625 717 magno
645 632 745 700 flandi
769 633 993 717 clamandiqne
1015 641 1134 699 tumore
1156 634 1318 718 obstrepat
1341 636 1372 697 in
1394 641 1506 697 senatu

197 737 372 802 cesariano.
415 736 604 800 Plnrimnm⁸
624 738 658 801 in
679 755 717 800 co
737 736 824 800 valet
840 737 990 802 memorie
1011 736 1151 819 firmitas,
1171 736 1270 801 animi
1292 738 1392 817 rigor,
1413 754 1506 817 quem

197 859 255 903 nec
280 846 382 904 matos
407 836 541 921 trangit,
570 856 629 903 nec
654 838 847 904 acclamacio
871 844 983 919 terret,
1011 859 1070 904 nec
1097 838 1293 905 audientium
1316 838 1507 904 auotoritasl

198 939 349 1005 retardat.
392 939 497 1005 Habet
518 940 678 1005 naturalia
697 940 904 1005 instrumenta
935 940 1083 1023 litigandi
1113 948 1145 1005 cl
1172 960 1229 1005 usu
1257 960 1358 1008 rerum
1388 942 1507 1023 peritus

196 1042 339 1107 babetur.
381 1041 450 1120 Que
472 1042 599 1125 quidem
619 1049 741 1107 tanturn
766 1042 888 1119 valent,
911 1049 945 1107 ut
966 1044 1145 1125 frequenter
1167 1044 1286 1127 ingenii
1307 1050 1339 1107 et
1358 1043 1506 1108 facundie

199 1146 316 1209 famam
337 1144 485 1209 facinore.
526 1142 735 1226 Hagnnmest
754 1180 784 1190 —
803 1144 874 1226 quis
895 1144 1042 1209 dubitat?
1056 1182 1093 1191 -
1105 1146 1295 1228 patrocinari
1310 1146 1508 1231 principibus

200 1253 232 1312 ct
257 1265 394 1312 summos
414 1247 499 1311 viros
520 1245 636 1311 babere
657 1246 797 1311 clientes.
839 1246 901 1311 Sed
925 1246 982 1313 bec
1004 1266 1076 1311 rara
1096 1248 1241 1315 felicitas.
1283 1248 1379 1313 Nullo
1399 1256 1505 1314 tamen

197 1348 290 1413 modo
311 1349 375 1413 dici
396 1353 501 1432 potest
513 1355 627 1413 orator.
669 1346 857 1413 causidicus
873 1355 922 1413 cst
940 1357 970 1413 et
987 1350 1177 1415 nummatior
1197 1349 1380 1416 advocatus.
1423 1350 1506 1415 Nam

196 1458 301 1517 orator
321 1458 370 1518 cst
389 1452 438 1516 vir
461 1452 561 1517 bonus
582 1449 707 1515 dicendi
731 1452 865 1535 peritos,
893 1451 946 1532 qni
977 1451 1064 1535 apud
1085 1451 1251 1517 historicos
1277 1460 1343 1517 tum
1366 1460 1505 1517 veterum

195 1559 260 1618 turn
284 1572 434 1618 norornm
456 1553 670 1638 exemplorum
690 1552 815 1636 copiam
838 1553 1035 1633 observarit,
1063 1555 1116 1635 qui
1142 1575 1203 1619 non
1224 1556 1324 1620 solum
1350 1555 1428 1620 iuris
1449 1576 1504 1619 au-

197 1657 314 1720 lractns
335 1662 368 1719 et
387 1655 525 1719 ernende
547 1654 691 1720 veritatis
712 1654 851 1720 latebras
872 1655 992 1721 aditet
1020 1656 1094 1735 scit,
1124 1656 1176 1721 ubi
1199 1656 1301 1721 litium
1322 1658 1417 1722 cardo
1437 1676 1504 1721 vcr-

197 1764 297 1839 setun,
323 1758 381 1822 sed
403 1758 499 1822 etiam
520 1765 649 1838 natura,
677 1756 823 1823 doctrina
843 1764 876 1822 et
895 1758 1122 1843 experimentis
1148 1780 1185 1824 eo
1212 1758 1382 1839 dignitatis
1410 1761 1506 1839 uenit,

197 1865 231 1925 nt
251 1866 396 1925 senatum
419 1866 509 1939 regat
529 1858 670 1924 consiliis
689 1865 721 1923 et
743 1859 925 1944 popularem
948 1880 1082 1924 errorem
1105 1880 1163 1945 pro
1183 1880 1240 1925 sna
1262 1860 1390 1927 solertia
1411 1862 1507 1926 ducat

198 1962 391 2027 admeliora.
432 1962 564 2026 Nonest
584 1960 774 2044 negandum,
794 1962 871 2043 quin
892 1962 1035 2027 umbram
1055 1969 1086 2027 et
1107 1963 1352 2027 simulachruml
1373 1966 1507 2030 oratoris

198 2071 290 2147 gerat
311 2064 366 2130 ille
384 2071 489 2130 uester
509 2064 705 2143 Hortensius,
726 2064 785 2128 etsi
806 2074 910 2147 preter
922 2064 1048 2130 inanem
1062 2066 1285 2147 loquacitatem
1298 2064 1507 2131 etaurlaciam

197 2173 230 2231 et
247 2166 452 2231 ambitionem
474 2185 508 2231 re
529 2184 605 2230 vera
630 2166 710 2230 nibil
738 2166 915 2250 preclarum
942 2168 973 2231 in
995 2167 1105 2232 eodem
1135 2168 1272 2233 inrcnio.
1315 2168 1454 2233 Fortuna
1476 2176 1509 2232 ct

197 2269 285 2350 vulgi
307 2268 416 2349 opinio
437 2269 536 2333 multa
556 2275 697 2351 possunt.
739 2267 803 2333 Sed
824 2288 901 2333 vera
922 2268 1025 2351 gloria
1044 2268 1168 2335 radices
1189 2270 1274 2349 agit,
1298 2270 1423 2333 tortuna
1444 2270 1507 2333 cito

198 2372 370 2436 evanescit.
412 2372 611 2455 Quapropter
632 2390 695 2434 non
707 2370 852 2453 captabis
866 2378 977 2436 ventos
994 2371 1120 2436 retibus.
1162 2372 1325 2436 Prel'erant
1338 2372 1395 2435 tibi
1413 2372 1507 2453 signa

198 2472 440 2554 prestantissimi
470 2473 548 2537 iuris
575 2478 719 2537 auctores
739 2472 839 2537 Iulius
865 2473 999 2555 Paulus,
1031 2473 1085 2556 qni
1107 2472 1191 2555 quod
1213 2473 1348 2557 plurima
1371 2474 1508 2557 scripsit,

199 2574 303 2639 dictus
323 2582 372 2641 est
390 2594 483 2658 grece
503 2574 796 2658 poligrapboteros⁶
818 2574 1255 2659 etDomitiusVulpianus¹⁴,
1277 2577 1326 2641 vir
1348 2575 1457 2656 bonus,
1478 2582 1509 2640 et

199 2676 425 2761 Papinianum,
451 2677 530 2743 iuris
556 2677 689 2761 asylum.
735 2677 890 2760 Nanqnel
911 2678 943 2743 bi
965 2684 1028 2743 tres
1049 2678 1141 2761 periti
1164 2678 1241 2743 iuris
1263 2678 1412 2763 coryphei
1438 2685 1510 2744 sumt

200 2780 370 2864 appellati,
392 2780 452 2845 boc
472 2786 522 2845 est
543 2779 733 2845 excellentes
755 2784 787 2843 et
807 2785 951 2844 tenentes
973 2780 1123 2845 verticem
1144 2781 1277 2846 scientie
1298 2780 1418 2863 legalis.
1461 2779 1509 2845 De

202 2982 269 3048 Deo
290 2984 431 3064 invente,
451 2982 511 3047 nisi
535 2982 685 3067 proditor,
707 2983 873 3065 transfuga
894 2990 927 3048 et
947 2986 1164 3067 prevaricator
1183 3003 1254 3050 csse
1276 2984 1424 3065 volneris,
1444 2982 1509 3049 effi·

201 3087 292 3166 ciam,
314 3092 349 3150 nt
369 3086 532 3169 intelligas
554 3086 706 3171 optimam
724 3086 869 3152 discendi
881 3086 1039 3151 racionem
1053 3086 1184 3153 latuisse
1201 3106 1297 3171 supra
1310 3086 1397 3151 mille
1409 3104 1509 3151 annos

201 3196 233 3252 et
253 3208 291 3254 eo
312 3188 460 3273 amplius.
507 3189 648 3273 Concipe
675 3188 822 3253 lidneiam
849 3190 968 3255 omissa
995 3189 1196 3254 verecundia.
1245 3189 1376 3254 Brerior
1405 3195 1453 3255 est
1479 3196 1510 3253 et

200 3291 342 3356 amenior
369 3290 423 3355 ria
448 3310 542 3373 quam
569 3290 682 3357 credis.
725 3289 924 3356 Verecundia
951 3291 1072 3357 reducit
1100 3293 1282 3376 plerumque
1304 3292 1442 3357 animum
1467 3291 1508 3355 ab

199 3392 266 3475 bis,
298 3413 359 3476 qne
385 3392 534 3458 iacienda
561 3400 641 3458 sunt.
688 3391 768 3457 Inde
794 3392 937 3458 confusio
966 3400 998 3461 et
1026 3394 1110 3478 cepti
1138 3394 1320 3479 penitencia
1346 3400 1378 3458 et
1403 3392 1510 3458 subita

269 3522 285 3560 ⁸⁵
300 3540 333 3584 Ta
350 3538 459 3599 plurimi.
513 3522 717 3587 bracarorum.
775 3532 839 3585 ‘Ta
858 3539 941 3585 iaciat.
1000 3522 1065 3585 ‘¹7¹2
1084 3540 1253 3587 simulacrum.
1311 3533 1375 3588 ‘Ta
1395 3540 1508 3601 polygra-

200 3610 323 3671 photeros.
377 3592 439 3655 ‘Ta
456 3608 584 3669 Ulpianus.
640 3602 706 3655 ‘Ta
724 3624 839 3669 namquo.
1057 3603 1061 3609 ’

265 3820 275 3863 ¹
299 3824 410 3897 Herzog
430 3822 525 3897 Georg
545 3843 598 3879 ron
618 3822 747 3879 Sacbscn.

260 3900 365 3960 ²Hier
383 3906 477 3961 arunde
496 3923 541 3960 am
563 3902 609 3960 al.
628 3902 699 3980 (30.)
721 3903 801 3975 April
822 3905 871 3959 der
891 3904 1042 3976 Heicbstag
1062 3920 1124 3959 vom
1147 3903 1246 3959 Kaisar
1266 3902 1436 3959 Maximilian
1469 3922 1509 3959 er·

200 3985 294 4041 bffnet

260 4062 275 4106 ³
296 4065 351 4121 Die
372 4065 484 4121 Frieoen
504 4065 615 4121 wollten
642 4084 695 4120 ron
722 4067 771 4121 der
791 4064 955 4120 Herrsehaft
975 4062 1083 4137 Georgo
1107 4064 1198 4119 nichts
1219 4064 1325 4121 nissen.
1366 4064 1417 4119 Ale
1437 4064 1505 4120 Guli-

198 4148 303 4220 aingen
330 4147 402 4202 nach
429 4148 525 4218 langor
542 4146 719 4219 Belagerung
746 4146 857 4201 endlicb
890 4145 951 4200 sich
978 4162 1014 4199 an
1037 4146 1090 4199 den
1112 4144 1217 4200 Grafen
1238 4144 1348 4217 Hdgard
1373 4163 1427 4200 uon
1446 4144 1506 4199 Ost-

199 4228 332 4283 friesland
353 4228 473 4299 engebeu
494 4228 580 4295 batte,
602 4227 708 4281 behielt
728 4226 818 4281 ‹lieser
838 4226 883 4281 die
901 4224 982 4280 Stadt
1003 4224 1048 4279 liir
1067 4226 1125 4280 sich
1146 4227 1203 4279 und
1222 4226 1271 4279 der
1285 4226 1507 4296 Sacbsenberaog

199 4308 306 4363 konnte
327 4309 400 4363 anch
421 4307 473 4362 aas
490 4308 553 4362 dem
575 4306 908 4379 KostnitaerReicbstage
929 4307 1016 4360 durch
1037 4305 1081 4360 dic
1095 4306 1314 4379 Unterst‘ritnung
1334 4308 1383 4361 des
1395 4306 1507 4361 Haisers

200 4388 280 4444 nicht
299 4388 329 4442 in
349 4390 429 4443 ibren
452 4388 545 4443 Besitz
563 4389 708 4459 gelangen.

261 4464 401 4539 ⁴Ulpian
422 4468 498 4524 lcbte
521 4469 549 4521 in
570 4469 619 4522 der
639 4474 730 4523 ersten
752 4466 849 4522 lllllite
870 4468 919 4522 des
941 4466 968 4523 3.
990 4466 1193 4522 Jahrbnnderts
1214 4486 1241 4522 n.
1255 4465 1318 4521 Chr.

261 4544 433 4620 ⁵Papinian
457 4549 532 4605 lebte
553 4549 581 4601 in
603 4550 656 4603 den
679 4555 769 4603 ersten
781 4546 941 4602 Decennicu
961 4548 1009 4602 des
1029 4546 1055 4602 3.
1076 4547 1279 4602 Jalrrbundarts
1297 4545 1397 4603 mehr.
1439 4547 1510 4601 luris

197 4632 307 4706 asylum
327 4638 415 4685 nerunt
434 4628 483 4685 ibn
500 4628 661 4702 Spartianus
681 4628 719 4683 im
741 4628 838 4685 Lebcn
859 4629 908 4685 des
928 4627 1078 4701 Septimius
1098 4627 1223 4683 Seuerus.
1246 4647 1268 4683 c.
1282 4628 1327 4683 rt.

1270 4726 1307 4779 5a
