3625 5192
291 260 342 313 312
665 257 923 327 Gssrhichtsquellen
944 258 992 311 der
1011 257 1086 342 Prot,
1105 255 1229 313 Saebsen.

292 408 391 473 latine
412 409 529 491 lingue,
552 414 635 471 totus
656 413 769 472 noster.
811 407 843 471 ls
858 406 891 471 si
904 406 1048 470 Dudouil
1069 408 1265 487 successerit,
1284 425 1334 471 me
1355 405 1447 472 deum
1471 406 1597 491 putabo,

226 505 229 514 “
291 511 324 576 id
357 519 421 591 est,
449 510 676 575 felicissimum.
723 507 786 573 Sed
810 528 903 572 rrnum
931 509 1028 574 velim
1052 509 1183 591 cogites.
1225 507 1316 573 dorio
1338 508 1417 573 levis
1443 518 1475 573 et
1495 512 1600 575 fatuus

291 612 424 677 babetur·
445 620 476 676 et
503 631 585 675 nunc
615 613 685 695 plus
716 612 809 677 solito
838 612 964 693 metuit,
991 611 1064 676 idco
1086 613 1190 675 forsan
1213 608 1286 675 ficta
1308 612 1529 677 benevolentia
1549 632 1599 677 me

290 713 353 779 sibi
380 714 412 778 in
441 715 543 779 amico
564 714 722 778 conciliat.
764 714 848 777 Nam
870 734 920 778 res
941 713 1081 778 cesaris‘2
1102 713 1185 777 male
1205 713 1323 795 agitur,
1350 712 1433 796 quod
1455 715 1600 779 exulibus

291 824 339 881 est
365 834 459 898 quam
486 814 748 880 iucundissimum
778 815 1038 897 expectantibus,
1069 821 1104 877 ut
1124 816 1202 895 scis,
1224 814 1320 878 alium
1342 836 1491 883 cesarem.
1534 818 1599 882 Hoc

292 917 444 999 presentit
471 916 570 982 Cotio.
618 917 766 981 Preterea
787 917 840 998 qui
863 923 1046 981 executores
1067 923 1148 996 suut,
1171 937 1231 983 nou
1253 917 1363 982 favent
1384 920 1502 985 latinis.
1544 920 1601 985 Est

290 1019 387 1084 etiam
415 1018 595 1099 ridiculum,
621 1020 648 1083 si
674 1018 852 1084 subadiuva
877 1020 993 1085 frustra
1014 1018 1133 1083 domiui
1157 1020 1256 1084 locum
1276 1019 1441 1086 affectarit.
1486 1022 1599 1087 Verum

292 1124 337 1187 ita
362 1122 467 1187 racia.
511 1122 637 1186 Referat
660 1129 757 1185 totam
779 1140 868 1205 spem
890 1142 979 1186 suam
1005 1122 1125 1186 amicus
1147 1121 1188 1186 ad
1209 1123 1427 1188 auctoritatem
1449 1124 1599 1201 Cotionis,

292 1224 360 1289 acsi
392 1232 494 1307 preter
523 1243 593 1287 eum
625 1244 686 1287 non
714 1224 831 1288 babeat
859 1224 1020 1301 auxilium,
1043 1229 1075 1289 et
1103 1244 1142 1288 ex
1172 1225 1304 1290 oonsilio
1330 1226 1431 1309 ipsius
1454 1228 1599 1311 pendeat.

293 1327 346 1391 Sic
373 1346 435 1391 non
466 1324 596 1389 audebit
621 1327 768 1390 altercari
797 1333 829 1391 et
848 1326 959 1390 fallere
981 1334 1012 1391 et
1031 1345 1107 1408 ego,
1128 1326 1256 1407 quaudo
1275 1327 1374 1409 volet,
1400 1329 1537 1395 scribam
1559 1330 1600 1393 ad

293 1428 515 1493 cancellarium
538 1448 660 1493 summa
681 1428 858 1511 diligentia.
900 1429 1043 1494 Scribam
1066 1414 1107 1491 ad
1129 1428 1292 1493 (lotionem
1314 1430 1400 1496 velut
1421 1450 1440 1494 a
1461 1440 1492 1496 te
1514 1434 1601 1497 insti-

293 1538 396 1613 gatus.
438 1531 607 1612 Postquam
619 1551 693 1596 vcro
714 1549 841 1596 sensero
860 1552 924 1595 rem
947 1532 1067 1595 esseio
1090 1538 1199 1615 optata
1220 1533 1284 1611 via,
1303 1552 1373 1597 eum
1394 1534 1469 1599 totis
1482 1535 1602 1601 viribus

295 1634 346 1698 vel
373 1634 529 1717 presulem
556 1640 588 1697 et
614 1632 842 1697 limanuelem3
872 1632 1050 1715 aggrediar.
1102 1633 1264 1717 Principia
1299 1636 1382 1698 enim
1410 1644 1483 1701 suut
1511 1646 1602 1702 caute

295 1735 521 1820 pretentanda,
543 1754 584 1800 ne
603 1735 694 1800 dolius
715 1734 816 1800 subsit
837 1735 869 1800 in
892 1743 983 1799 tanta
1003 1734 1266 1818 Vuestplralorum
1289 1735 1395 1815 turba,
1421 1738 1476 1820 qrri
1496 1741 1602 1805 omnia

296 1856 366 1901 curm
388 1838 531 1901 avaricia
544 1835 729 1918 infinitaque
747 1837 885 1902 omnium
909 1856 1010 1901 rerum
1033 1836 1207 1921 cupiditate
1225 1858 1258 1902 se
1274 1846 1306 1903 et
1321 1858 1394 1903 suos
1408 1854 1602 1922 promovent,

296 1959 356 2004 nec
380 1940 463 2033 ullus
488 1946 537 2004 est
558 1946 622 2003 tam
644 1939 808 2016 abstrusus
830 1958 991 2018 nummus,
1017 1940 1093 2020 quin
1121 1938 1273 2004 olfaciant
1298 1942 1516 2022 questuosiora
1538 1962 1602 2008 seo·

297 2048 408 2106 tantes.
454 2040 519 2106 Heo
539 2040 662 2124 raptim.
705 2040 754 2103 Tu
775 2040 884 2105 valeas
906 2048 938 2105 et
957 2040 1159 2123 respondeas,
1183 2040 1321 2123 Urbane,
1342 2051 1433 2127 pater
1454 2052 1566 2111 noster.

367 2181 549 2233 Handscbriftl,
568 2181 652 2229 F259
671 2182 712 2228 fol.
727 2181 917 2231 lust-rosv.

848 2342 1050 2351 ψ..

300 2486 379 2556 234.
401 2486 446 2557 lu
468 2503 514 2551 un
533 2484 666 2551 Urbau.
964 2561 966 2567 ¹
1105 2478 1359 2566 uwotuarlsla).
1393 2484 1607 2554 llczeurber.

372 2619 432 2665 Mur.
452 2620 504 2664 hiilt
523 2618 567 2664 das
584 2618 768 2664 fortwiibrcnde
783 2616 881 2675 lllugeu
899 2616 1025 2675 Slralutius
1043 2616 1082 2661 ssiu·
1100 2614 1283 2675 unbogriiudot.
1320 2616 1469 2677 Gcgerriibcr
1487 2620 1535 2667 deu
1555 2622 1605 2671 Arx·

301 2689 453 2749 foiuduugeu
477 2704 527 2735 von
554 2688 749 2734 verschiedoueu
772 2687 856 2735 Soitcu
880 2691 919 2733 riit
948 2700 986 2745 cr,
1019 2684 1059 2731 die
1082 2685 1164 2731 Gunst
1191 2686 1234 2732 des
1256 2688 1358 2735 dolrunu
1382 2690 1484 2737 Nitlrart
1511 2706 1541 2737 zu
1569 2707 1606 2739 cr·

302 2760 410 2807 strobors
447 2760 510 2805 Dum
528 2757 657 2805 Horcbord
667 2774 692 2803 v.
702 2757 725 2806 d.
736 2757 852 2803 Marthou
868 2757 982 2802 wirrselrt
1004 2770 1031 2802 er
1050 2755 1106 2802 oinc
1126 2756 1212 2801 Lectio
1234 2757 1341 2817 publica.

383 2874 518 2937 Henrico
540 2873 679 2938 Urbau.
1399 2942 1404 2949 ,

383 2978 413 3041 S.
456 2975 533 3039 Erat
553 2994 674 3039 mecum
695 2974 824 3057 quidam
844 2973 1051 3037 scholasticus
1063 2972 1366 3056 Vuittenbcrgeusis.
1404 2976 1546 3058 Rogatus
1566 2980 1606 3043 de

302 3079 468 3162 spalatino
497 3076 661 3161 respondit
691 3076 815 3141 felicem
846 3094 917 3139 esse
947 3085 978 3139 et
1004 3081 1128 3157 gratum
1151 3076 1256 3158 pueris
1278 3076 1479 3142 illustribusl.
1523 3079 1607 3156 Quid

302 3201 377 3263 ergo
407 3182 554 3262 querulus
585 3187 654 3245 est?
706 3178 897 3262 ineptissimi
927 3185 1000 3243 sunt
1034 3178 1131 3241 frater
1163 3185 1195 3241 et
1226 3178 1303 3261 ipsc.
1344 3178 1414 3261 Ego
1442 3181 1524 3245 iuter
1550 3181 1608 3246 hos

301 3285 455 3367 pessimos
479 3283 706 3367 hierophantas
736 3281 829 3364 plane
853 3299 923 3344 sum
951 3281 1054 3344 miser.
1095 3280 1188 3344 Nunc
1206 3268 1296 3345 de'est
1324 3279 1395 3359 lroc,
1421 3301 1504 3347 nuno
1529 3282 1607 3347 illud

300 3383 343 3448 ad
367 3404 465 3450 usum.
506 3385 564 3449 lile
585 3385 698 3449 fruitur
718 3384 855 3449 delicato
873 3381 1087 3463 contubernio,
1109 3380 1199 3461 ludit,
1221 3382 1350 3462 iocatur,
1372 3383 1461 3466 bibit,
1482 3383 1606 3467 dormit,

301 3494 386 3567 orat,
413 3487 505 3568 legit,
532 3488 639 3566 docet,
666 3485 776 3550 scribit
802 3486 883 3548 citra
911 3503 1017 3548 euram
1045 3484 1090 3548 rei
1111 3483 1294 3560 familiaris,
1325 3504 1386 3567 que
1405 3488 1536 3552 multum
1557 3508 1607 3553 me

301 3588 466 3671 degravat.
514 3588 623 3653 Lotius
649 3596 698 3652 est
724 3586 863 3650 omnium
879 3585 1040 3687 bipedum
1067 3584 1298 3649 fallacissimus.
1345 3586 1396 3651 Me
1420 3586 1544 3653 deridet
1576 3598 1608 3654 et

301 3692 347 3755 ait
374 3710 408 3755 se
433 3711 539 3772 nosse,
569 3710 630 3773 que
657 3690 846 3773 scripserim.
896 3688 923 3752 0
949 3689 1076 3752 stultum
1104 3686 1279 3752 Cotionem!
1319 3686 1439 3754 Profert
1463 3690 1606 3757 tacenda.

301 3794 373 3858 Non
404 3792 531 3857 credam
558 3794 643 3875 fatuo
672 3800 704 3857 et
735 3792 819 3856 futili
843 3797 875 3854 et
903 3788 1035 3854 subdolo
1056 3786 1196 3868 (lotioni,
1228 3788 1274 3853 ita
1305 3810 1355 3855 me
1379 3790 1465 3856 Deus
1494 3800 1606 3858 servet.

299 3978 502 3989 ...-----

366 4096 378 4139 ¹
399 4100 462 4172 vgl.
483 4099 529 4152 Br.
545 4098 602 4151 174
621 4097 647 4151 S.
659 4097 714 4150 247
736 4096 854 4157 Atrum.

361 4176 460 4252 ²vgl.
482 4179 589 4235 lbmke.
622 4178 764 4233 Doutsehe
784 4178 954 4233 Geselriehte
975 4178 1012 4231 im
1037 4177 1167 4231 Zeitalter
1188 4179 1237 4231 dor
1256 4177 1447 4232 Rcformatiorr
1468 4176 1490 4247 I,
1511 4176 1537 4232 S.
1551 4176 1604 4230 131

299 4290 336 4301 -
347 4261 383 4380 13
386 4260 460 4412 2lt'gl.
471 4338 516 4394 ΒΥ.
530 4339 567 4392 76
588 4337 616 4396 S.
630 4339 684 4392 111
707 4338 790 4392 Anm.
801 4340 827 4393 6.

360 4416 374 4459 ⁴
396 4420 451 4474 Die
478 4420 595 4474 Prinncn
622 4418 688 4473 Otto
714 4420 771 4473 und
796 4418 879 4473 Ernst
903 4436 956 4473 von
985 4416 1215 4488 Braunsehweig,
1246 4417 1345 4473 Nefl'eu
1370 4417 1529 4473 Friedriehs
1558 4418 1607 4474 des

300 4500 425 4569 Weiseu,
444 4501 528 4555 deren
550 4500 707 4573 Erziebung
728 4496 854 4572 Spalatiu
876 4499 905 4552 in
928 4498 1105 4575 Wittenberg
1126 4498 1217 4571 oblug.
