3625 5192
318 334 354 388 90
686 326 946 398 Gcscbicbtsquellon
964 326 1013 381 der
1033 324 1106 381 Prov.
1126 324 1249 380 Sachsen.

316 483 414 547 etiam
439 481 644 558 fructuosum,
674 484 709 541 ut
733 478 896 559 eleganter
917 484 949 540 ct
970 475 1091 540 erudite
1111 474 1239 539 Cicerol
1265 470 1414 557 prodidit.
1456 472 1524 537 Nec
1545 488 1622 537 sane

316 589 365 648 est
385 581 618 649 vendicandum
642 582 744 661 uobis,
764 578 848 663 quud
870 579 955 644 licet.

397 686 512 750 Morus.
553 685 624 748 Non
646 703 753 748 sumus
774 682 886 764 iniqui,
906 681 1025 746 utimur
1044 681 1148 761 legum
1171 686 1204 744 et
1224 696 1379 744 canonum
1401 676 1566 761 preceptis.

397 787 583 871 Nepbalius.
626 786 719 849 Tune
738 785 809 850 iura
829 784 935 848 nosti?

395 889 510 955 Morus
551 889 732 954 Memoriter
750 888 866 952 omnia.

397 991 586 1077 Nepbalius.
627 990 822 1057 Oi'rivclam
840 988 1020 1054 bestiolam!
1068 988 1160 1052 Nunc
1181 987 1274 1052 facile
1295 983 1552 1063 credcllutiauo,
1570 982 1621 1046 cui

316 1101 359 1175 tn,
380 1113 533 1177 arrogans
554 1100 663 1178 pastor
683 1099 715 1157 et
742 1090 959 1157 indoctissima
984 1091 1120 1170 notarie,
1151 1109 1299 1172 maguam
1327 1088 1421 1153 affers
1446 1084 1621 1151 molestiam

317 1196 417 1261 virum
437 1215 591 1279 generose
611 1195 754 1260 doctrino
773 1193 972 1258 calumnians
992 1192 1222 1275 indignissime.

397 1299 555 1382 Harpago.
598 1297 658 1378 Ha,
679 1297 730 1372 ba,
751 1297 807 1361 bal

395 1400 508 1466 Morus.
549 1400 607 1481 He,
625 1399 675 1473 he.
697 1399 750 1464 be!

394 1503 581 1586 Nephalius.
625 1501 695 1567 Ube
715 1502 834 1583 vobis·,
854 1502 909 1584 qui
931 1501 1042 1566 ridetis
1062 1502 1218 1583 omnium,
1238 1520 1318 1581 quos
1336 1506 1420 1563 terra
1441 1504 1543 1577 tenet,
1570 1498 1620 1559 ln—

314 1604 503 1688 incptissimi
525 1604 712 1670 nebulones!
754 1605 809 1669 Dii
834 1624 891 1669 vos
917 1604 1061 1688 perdant.
1110 1603 1190 1668 Mibi
1218 1603 1323 1667 ociusb
1357 1608 1405 1665 est
1430 1598 1620 1665 abeundum.

314 1706 419 1772 listis·
441 1706 575 1788 indigni,
596 1706 783 1788 quibuscum
803 1706 1003 1771 familiariter
1021 1707 1141 1787 icquar.
1163 1742 1202 1751 -

394 1809 455 1873 Hic
482 1828 575 1874 scene
601 1808 674 1874 linis
699 1817 776 1875 esto.
817 1807 951 1889 Plaude,
978 1809 1075 1874 lector
1097 1808 1235 1883 Urbane,
1258 1814 1289 1871 et
1309 1803 1465 1887 significa,
1486 1822 1547 1883 cuc
1569 1820 1619 1867 mc

312 1909 367 1975 dic
394 1911 474 1977 velis
508 1918 686 1996 expectare.
739 1911 822 1976 Nam
853 1910 1077 1977 convenientia
1104 1916 1212 1975 nostra
1244 1908 1413 1994 plurimum
1445 1904 1620 1988 voluptatis

314 2012 454 2091 babebit,
476 2014 592 2079 nedum
614 2013 778 2095 commodi,
799 2014 875 2096 qnia
896 2014 993 2080 verbo
1013 2014 1112 2078 multa
1133 2013 1175 2078 ad
1195 2010 1346 2076 orandum
1368 2007 1620 2087 eventilabimus‚

314 2115 376 2180 uisi
396 2115 582 2181 subitaneos
603 2114 703 2182 imber
724 2116 946 2181 intercesserit.
987 2116 1076 2181 Vale.

383 2225 564 2273 Handscluriltl.
586 2226 654 2273 Feb
675 2227 716 2273 iol.
730 2226 894 2274 sav-ccv.
970 2226 1044 2274 Godr.
1064 2226 1087 2273 b.
1104 2226 1139 2273 Ta
1156 2226 1179 2274 S.
1195 2224 1306 2272 ott—55
1330 2239 1376 2270 nors
1392 2222 1469 2268 Extat
1488 2234 1563 2267 uuum
1583 2218 1620 2265 bia

313 2295 369 2343 linis
388 2302 447 2343 ceto.

384 2383 448 2435 ‘rs
465 2388 544 2438 nossa
617 2374 672 2435 lu·
684 2390 769 2437 mira.
841 2386 852 2413 ⁰
871 2391 904 2436 re
923 2389 1023 2451 margus
1042 2390 1108 2437 aaa

314 2654 375 2725 66.
397 2652 441 2724 ll.
461 2670 507 2720 arr
528 2653 663 2725 Urban.
1051 2652 1181 2735 (Gotho
1192 2652 1291 2722 1508.
1334 2656 1386 2718 lm
1408 2648 1617 2737 Frilblabr.)

383 2775 444 2821 Mat
463 2776 543 2821 daulut
561 2776 600 2821 sdr
618 2776 675 2823 sino
695 2778 753 2823 sobr
771 2777 955 2823 willkommsno
973 2776 1149 2833 llclzscndung
1168 2774 1217 2820 und
1237 2774 1309 2819 achill
1329 2772 1443 2819 wsidlirb
1462 2774 1507 2819 aul'
1523 2770 1617 2825 Morcb.

313 2845 358 2891 dar
371 2846 444 2905 jadon
456 2840 653 2905 Schlerbtigkoit
670 2846 738 2905 osnig
756 2845 798 2893 soi.
835 2848 934 2893 llaraul'
949 2847 1017 2904 giebt
1036 2862 1063 2893 cr
1084 2847 1139 2892 cino
1157 2844 1243 2890 Kritik
1263 2844 1306 2891 dos
1316 2843 1492 2890 Cluiliauscbeu
1503 2842 1617 2904 Wsrlros,

311 2916 386 2962 sowis
405 2916 581 2975 Mittuilungcn
601 2916 663 2963 uber
676 2916 764 2977 jirngst
782 2919 896 2977 gelescne
916 2918 1014 2963 Biicbor·
1034 2932 1057 2963 u.
1076 2932 1098 2963 a.
1117 2930 1148 2961 m.

393 3012 612 3078 Urbanissimc
634 3013 815 3094 Urbano,
836 3016 987 3079 bonarum
1009 3014 1123 3078 artium
1148 3022 1289 3096 patrono.

392 3116 424 3180 S.
466 3115 677 3197 Omnipotens
702 3124 803 3181 mater
830 3124 938 3181 nostra
965 3116 1041 3181 diva
1071 3115 1164 3181 tellus
1190 3115 1313 3180 laxavit
1345 3115 1448 3180 sinum
1479 3116 1617 3199 zephiris

313 3218 494 3302 tepentibus
515 3216 645 3299 cetoque
664 3236 774 3283 sereno
797 3217 936 3284 afflante.
979 3217 1154 3284 Credebam
1181 3217 1302 3281 tristem
1327 3218 1462 3281 hiemem
1484 3218 1618 3283 cessisse

311 3321 379 3385 veri
400 3320 547 3385 iucundo.
588 3319 652 3385 Sed
663 3338 738 3385 ecce
749 3320 1061 3404 providentissimum
1083 3320 1204 3387 Urbani
1226 3321 1287 3384 mei
1309 3320 1472 3401 ingenium
1494 3318 1616 3401 frigori-

311 3423 370 3488 bus
391 3422 504 3486 t'uturis
524 3440 690 3487 occurrens
715 3421 805 3488 dedit
828 3423 946 3488 abiena
973 3423 1093 3489 robora.
1140 3422 1223 3485 Nam
1249 3428 1339 3485 tanta
1367 3429 1421 3486 tua
1448 3429 1497 3487 est
1523 3440 1616 3500 saga-

311 3524 407 3603 citas,
435 3532 482 3604 ut,
511 3522 638 3605 quando
659 3525 796 3590 maxime
816 3532 995 3609 opportuna
1016 3526 1079 3590 sint
1103 3524 1207 3607 ligna,
1230 3524 1323 3589 solas.
1370 3523 1533 3587 Hactenus
1553 3542 1616 3587 uon

309 3632 402 3690 erant
422 3628 468 3691 ita
488 3627 678 3691 necessaria.
720 3627 813 3692 Nunc
833 3627 1016 3710 gratissima
1038 3633 1125 3706 sunt,
1155 3626 1247 3708 quia,
1269 3632 1303 3689 ut
1323 3626 1369 3689 ait
1391 3628 1517 3710 poeta‘2,
1543 3645 1614 3690 cou-

310 3733 454 3793 crescuut
474 3726 578 3792 subite
600 3728 736 3792 currenti
759 3730 791 3794 in
812 3726 942 3793 flumine
961 3736 1073 3793 cruste.
1115 3727 1204 3793 Nihil
1226 3727 1324 3809 igitur
1344 3728 1386 3791 ab
1407 3726 1497 3793 cifitii
1520 3730 1616 3813 parti-

312 3829 369 3894 bus
390 3834 423 3894 et
442 3828 539 3893 cilicii
561 3830 735 3914 prescripto
753 3829 921 3910 deflexisti,
944 3852 1006 3895 nou
1027 3830 1182 3896 aberrasti
1194 3828 1236 3893 ab
1256 3829 1366 3913 optimi
1388 3829 1524 3895 bominis
1546 3852 1615 3916 pro-

310 3933 481 3996 curatione.
525 3930 605 3995 Vive
626 3933 690 3996 diu.
734 3933 777 3998 Ut
794 3944 899 3998 alutem
922 3932 1043 4015 aliquid
1064 3931 1251 3996 eruditionis
1272 3932 1473 4007 interseram,
1495 3953 1549 3998 cur·
1569 3935 1616 3999 sic

310 4033 459 4117 ceperim,
480 4033 632 4099 rationem
652 4035 792 4100 reddam.
834 4036 913 4117 Legi
929 4034 1014 4118 apud
1026 4034 1197 4099 Pliniuml:
1221 4034 1343 4114 „Terre
1356 4036 1474 4099 exinria
1487 4043 1616 4119 propter

310 4136 422 4200 merita
442 4154 615 4216 cognomen
637 4137 811 4203 indidimus
828 4144 970 4203 materne
982 4136 1229 4217 venerationis“,
1250 4138 1301 4202 cui
1321 4137 1492 4203 subscribit
1503 4138 1614 4203 Lucre-

309 4236 407 4301 tiusl:
435 4237 564 4315 „Quare
585 4258 702 4321 magua
722 4239 817 4303 derum
839 4246 939 4303 mater
957 4244 1119 4320 materque
1140 4240 1274 4304 ferarum
1297 4246 1329 4304 et
1351 4239 1448 4304 nostri
1470 4240 1613 4321 genetrix

309 4336 369 4401 bec
389 4336 476 4402 dicta
497 4346 546 4404 est
566 4341 706 4424 corporis
727 4343 823 4405 uua“.
864 4339 1023 4407 Οιὶἀίιιι5
1044 4360 1167 4425 quoque
1189 4342 1221 4406 iu
1234 4340 1316 4406 banc
1337 4342 1531 4407 sentenciam
1553 4342 1614 4407 ait:

311 4459 318 4465 ι
339 4460 511 4469 —-——-..

373 4506 449 4568 ¹De
471 4514 690 4571 off.11.18.64.
733 4510 863 4587 Νεῐςίι
883 4513 1041 4588 Georgicon
1055 4516 1107 4587 lll,
1119 4518 1184 4573 360.
1231 4512 1386 4574 ³Plinius.
1418 4519 1488 4575 llist.
1509 4527 1562 4577 uat.
1576 4520 1613 4592 11,

312 4590 356 4647 63.
370 4591 438 4666 (63).
478 4590 493 4633 4
515 4594 560 4651 De
579 4612 670 4652 rerum
692 4602 790 4653 ustura
802 4594 840 4669 11,
854 4594 1030 4653 sss-bes.
1114 4592 1128 4638 ⁵
1148 4596 1261 4655 Metam.
1273 4598 1372 4671 l,393.
