3625 5192
619 363 708 422 Brisie
729 363 1006 423 durinnandans.
1028 365 1089 422 886.
1474 367 1509 422 45

205 513 253 579 Ne
274 521 378 580 utitem
400 535 457 582 nos
473 535 599 600 prorsus
610 516 760 594 eliminet,
779 517 956 581 conciliabo
967 518 1114 600 gratiam,
1135 518 1250 600 quibus
1260 517 1508 602 urtibnnpotero.

204 617 290 683 Satis
312 618 396 683 enirn
418 619 509 699 mibi,
539 619 565 684 si
588 621 708 698 faueat,
733 621 812 684 satis
834 619 907 697 tibi,
937 619 963 683 si
985 627 1017 684 te
1044 620 1228 685 honoratum
1261 640 1331 686 esse
1360 622 1509 706 patiatur.
1580 681 1583 685 ,

205 719 295 784 Hune
321 719 361 784 ad
394 719 486 785 tinem
513 724 645 786 ueterum
673 719 839 785 artificium
871 722 1006 786 solertie.
1048 722 1185 786 valebis
1209 737 1335 805 meque,
1358 731 1391 786 nt
1419 724 1508 803 tacis,

203 822 319 904 diliges
337 829 369 886 et
390 823 595 906 respondebis
616 823 829 906 strperioribus
851 823 960 888 literis.
1079 909 1082 914 .

284 926 400 989 Datum
421 927 530 1008 quinto
551 926 673 990 decimo
695 926 851 990 Ostendes
873 926 1030 1004 Quintiles
1052 925 1220 989 nbxtltl.

273 1049 450 1097 llnndschristl.
473 1051 491 1095 1⁴¹
503 1049 551 1096 ‘297
574 1051 612 1097 sul.
627 1049 693 1096 ibor
705 1074 727 1080 -
740 1049 822 1096 tebv.

753 1211 953 1220 -ω-ι--ιι-ι

203 1327 286 1397 386.
309 1325 576 1396 bt.a11Urburr.
976 1325 1108 1410 (tiatira
1118 1329 1215 1398 1514.
1248 1328 1507 1411 brunnon.)

272 1453 334 1500 Mut.
354 1453 502 1500 vorhnudolt
523 1453 584 1500 iiber
602 1454 700 1500 Biicber
721 1453 771 1500 und
790 1453 920 1500 umutiiiert
939 1453 1013 1500 cinon
1033 1454 1304 1515 Liebiingsgudanken,
1323 1453 1432 1501 rrdmlicb
1450 1454 1506 1515 don,

203 1524 296 1570 soinem
310 1525 407 1584 jnugen
426 1523 542 1570 Frounde
560 1524 669 1570 ilirsioid
688 1523 727 1569 eiu
748 1523 880 1571 (iescironk
900 1539 930 1570 nu
948 1525 1061 1572 mur-iren.

283 1621 399 1704 Magno
420 1619 523 1686 amico
544 1627 576 1686 et
596 1621 716 1686 bomini
739 1621 937 1705 perliterato,
964 1622 1032 1686 viro
1060 1623 1288 1705 circumspecto
1315 1627 1410 1703 atque
1436 1621 1507 1687 ideo

202 1723 391 1804 venerando,
413 1723 548 1788 Henrico
571 1723 737 1788 Urbano.

282 1826 384 1891 Salus.
434 1825 543 1908 Neque
575 1845 703 1910 operam
742 1845 844 1908 neque
875 1824 977 1892 oleum
1016 1826 1201 1911 perdidisti,
1245 1825 1330 1909 qnod
1365 1827 1507 1891 carmina

202 1928 354 2010 Decidio,
382 1948 442 2010 que
464 1927 683 2012 Stapnlensis¹
706 1928 835 2010 collegit
856 1933 888 1992 et
905 1927 1089 2010 colligarit,
1113 1930 1176 1993 inno
1197 1927 1367 2008 enarravit,
1394 1929 1435 1992 ad
1457 1948 1508 1992 me

111 2071 117 2080 ·
204 2030 342 2096 dederis.
384 2031 509 2096 Miraris
537 2029 569 2094 id
595 2049 676 2115 opus
702 2037 777 2095 ante
805 2029 885 2095 mihi
912 2030 1026 2095 lectum
1056 2049 1118 2093 non
1144 2050 1227 2111 esse,
1252 2032 1366 2112 utqui
1391 2031 1509 2095 soieum

205 2153 254 2198 me
285 2135 316 2196 in
352 2132 461 2222 literis
476 2132 595 2199 abdere
623 2140 654 2196 et
681 2131 883 2208 abditissima
908 2151 1031 2214 queque
1052 2139 1183 2197 tentare.
1232 2133 1342 2214 ltaque
1372 2152 1435 2214 qna
1459 2153 1509 2198 me

202 2254 313 2300 censes
346 2235 490 2300 affectum
523 2236 630 2299 leticia
663 2241 719 2299 unt
749 2242 898 2318 quantum
925 2254 976 2299 me
1001 2234 1061 2300 tibi
1088 2236 1204 2300 debere
1233 2235 1347 2316 putas?
1397 2235 1508 2316 Neque

203 2339 285 2403 enim
313 2339 454 2422 precium
487 2344 608 2402 tanturn
641 2337 830 2418 numerabo,
858 2335 916 2402 sed
945 2337 972 2401 si
998 2337 1252 2402 Damascenum‘2
1278 2337 1428 2421 psalterio
1453 2335 1508 2400 ad-

202 2441 357 2516 iunxeris,
389 2447 421 2505 ut
447 2439 567 2524 pariter
592 2445 774 2521 tergotenus
800 2440 946 2519 hereant,
972 2439 1095 2504 fatebor
1121 2458 1170 2503 mc
1199 2446 1296 2505 totum
1321 2459 1390 2504 esse
1422 2446 1508 2504 tunm

201 2542 404 2627 mancipium.
446 2541 707 2623 Castigaoionm³
736 2540 893 2606 Vallensis
920 2541 1024 2605 amisi.
1072 2541 1231 2622 Rufinus,⁴
1259 2541 1387 2625 opinor,
1415 2543 1508 2606 surri-

201 2646 280 2730 puit.
327 2645 438 2710 Scribe
466 2643 499 2708 in
526 2642 709 2708 calendario
737 2643 837 2708 debiti
863 2663 1032 2723 summam,
1058 2651 1092 2708 ut
1118 2664 1231 2709 nomen
1254 2643 1311 2708 tibi
1333 2643 1507 2726 obligatum

200 2767 257 2831 pro
277 2746 367 2811 libris
389 2755 420 2811 et
437 2747 508 2811 aliis
531 2746 623 2812 rebus
641 2745 782 2810 emendis
802 2746 1004 2829 dispungam.
1047 2746 1231 2812 Hersteldo⁵
1253 2739 1370 2811 dorem.
1413 2746 1507 2823 Quid,

201 2849 316 2915 neseio.
359 2848 450 2930 Vide,
472 2849 548 2930 quid
569 2847 708 2912 dandum
721 2849 763 2911 sit
776 2848 942 2913 honorario
964 2854 996 2912 et
1014 2868 1126 2912 ameno
1142 2867 1250 2934 puero.
1274 2848 1395 2913 Forsan
1408 2849 1508 2913 credit

201 2953 233 3016 in
263 2971 297 3016 se
325 2970 381 3016 nos
411 2971 480 3016 esse
509 2952 651 3034 ingratos
672 2956 703 3015 et
724 2952 814 3031 qnasi
840 2952 1002 3015 exaruisse
1031 2951 1151 3015 fauoris
1178 2955 1210 3015 et
1238 2952 1355 3014 auroris
1390 2971 1506 3016 semen.

201 3053 365 3135 intelligat
393 3061 424 3118 et
453 3061 624 3136 cognoseat
652 3061 759 3118 tantus
784 3053 833 3117 uir
863 3053 978 3126 (virum
1010 3053 1154 3137 appello,
1192 3053 1267 3135 qnia
1301 3052 1443 3117 adoleuit
1474 3054 1506 3116 in

196 3157 316 3238 ,iustam
337 3162 369 3220 et
389 3154 597 3241 spectabilem
619 3155 758 3238 speciem
788 3160 819 3219 et
846 3153 977 3218 formam
1008 3154 1184 3234 liberalem)
1214 3154 1375 3218 cerebrum
1402 3154 1506 3218 adbuc

201 3258 317 3323 habere
336 3257 531 3330 Mutiunum„
562 3257 712 3321 Indicabo
727 3264 757 3321 te
777 3256 972 3340 prudentem,
995 3255 1022 3320 si
1048 3257 1209 3338 pulchram
1227 3275 1361 3319 mercem
1384 3257 1506 3320 emeris.

201 3361 338 3426 Felicem
367 3361 500 3444 putabo,
531 3361 557 3424 si
584 3360 775 3440 preciosam,
809 3357 945 3422 amicum
967 3363 1073 3422 tamen
1101 3356 1239 3438 habebo,
1271 3358 1339 3420 sive
1367 3356 1506 3438 aliquam

201 3465 269 3528 siue
292 3463 419 3528 nullam.
462 3463 550 3528 Vale.
594 3461 667 3526 Post
687 3460 911 3526 tenrulentarn⁶
934 3459 1112 3543 epistolam.

282 3565 366 3630 Hora
388 3565 494 3629 tercio.

271 3689 451 3736 Hormou-britti.
476 3687 567 3736 beot
593 3689 632 3734 fol.
647 3683 721 3736 lbtir.
758 3686 833 3732 Godr.
858 3686 881 3734 b.
900 3687 941 3732 Tu.
964 3684 1051 3732 s150
1074 3701 1119 3730 rou
1138 3687 1224 3746 Neque
1245 3703 1345 3747 opernm
1369 3688 1406 3734 bis
1435 3695 1504 3736 tuum

201 3775 358 3820 mnnmprnm.

265 3985 275 4027 ¹
298 3989 462 4044 Psaltcrium
483 3987 663 4057 Qninonplcx.
705 3985 767 4056 vgt.
790 3983 901 4038 boeti
925 3983 999 4038 837
1022 3984 1105 4042 Anm.
1119 3985 1147 4042 5.

262 4065 275 4107 ‘2
297 4070 360 4140 vgl.
382 4067 496 4136 deii
519 4068 545 4125 S.
560 4067 597 4120 3⁴3
619 4066 738 4120 Amos.

261 4145 275 4188 3
296 4151 363 4203 an
386 4167 474 4202 neuen
497 4149 666 4201 Tostamrurt..
708 4145 771 4216 vgt.
792 4145 838 4200 br.
851 4145 907 4198 387
931 4144 957 4200 S.
974 4145 1011 4198 48
1033 4146 1115 4201 Anto.
1127 4147 1153 4200 6.

261 4225 275 4268 ⁴
297 4231 355 4284 Der
375 4229 486 4282 friibcrc
508 4229 612 4281 Dioncr
632 4227 761 4280 Mutiuus.
805 4227 865 4297 vgt.
888 4226 932 4280 Br.
947 4226 983 4277 10
1004 4226 1031 4282 S.
1046 4226 1082 4278 14
1104 4226 1184 4280 Auru.
1198 4227 1223 4280 3.

261 4306 275 4348 ·'''
299 4311 357 4380 vgt.
382 4307 495 4362 Brenn
519 4306 547 4364 S.
560 4308 614 4360 391
640 4307 762 4360 Anim‘l.
805 4307 857 4360 Zur
879 4307 967 4360 Suebo
989 4305 1224 4362 Bruttium

261 4386 275 4429 ⁶
297 4391 358 4460 Vgt.
380 4389 504 4445 linunt.

754 4555 954 4563 m
