3625 5192
309 358 360 411 354
400 427 402 430 Ι
583 383 586 388 ,
679 320 939 425 (ieschicbtsouellen
960 358 1009 411 der
1028 340 1102 410 Pror.
1121 340 1244 413 melan.

307 507 525 571 coronacionis
564 506 630 570 heri
669 506 717 569 sui
726 508 747 570 1.
802 505 946 588 Requirit
984 507 1085 571 eciam
1122 504 1356 573 adulescentem
1389 506 1547 571 literatum
1583 512 1616 571 et

307 610 470 690 musicum,
492 610 546 691 qui
565 628 678 691 pueros
693 609 866 673 cucullatos
885 608 1007 674 doceat.
1029 608 1152 690 Legite,
1173 608 1253 689 quid
1270 609 1348 673 velit
1368 616 1399 673 et
1419 607 1497 673 offer
1509 628 1615 690 quem-

307 712 403 794 piam.
447 711 516 793 llgo
543 710 639 775 talem
666 729 728 773 non
759 710 870 775 haheo.
914 711 986 774 Wie·
1006 711 1070 775 halt
1089 711 1175 775 siehs
1196 710 1248 774 rel.
1289 710 1353 775 Hic
1373 709 1512 775 dicerem
1535 711 1617 790 vale,

308 814 453 899 Urbane,
484 815 546 877 nisi
576 814 719 897 spacium
745 802 874 877 cassans
901 813 1051 878 invitaret
1076 813 1118 875 ad
1142 812 1352 903 scribendam.
1401 812 1485 890 Quid
1519 812 1617 897 igitur

306 916 443 980 scribam
477 915 539 979 nisi
566 916 608 979 de
634 914 760 997 poetis?
805 916 867 980 Hic
891 916 964 980 'lile
992 915 1162 998 descripsit
1187 915 1263 979 mihi
1286 914 1498 979 ’616ιί66662Ι
1546 914 1615 979 lam

307 1019 390 1083 novi.
433 1017 591 1082 Vesanum
612 1018 756 1098 tetigisse
776 1018 852 1083 time
880 1018 1048 1105 logiasque
1075 1018 1232 1100 poetam&
1280 1016 1407 1082 Servari
1436 1036 1497 1081 non
1518 1017 1617 1097 volut,

306 1121 349 1183 sit
380 1120 430 1184 ius
464 1120 620 1201 liceatque
652 1120 756 1202 perire
790 1121 924 1204 poetis⁵.
977 1120 1048 1185 Non
1083 1121 1203 1203 patitur
1235 1118 1358 1183 llevins
1389 1120 1615 1196 Aristarchum,

306 1228 428 1298 tautum
457 1241 492 1287 se
518 1209 661 1285 amat-et
686 1241 753 1286 sua.
793 1222 861 1287 Alit
881 1222 1024 1306 putidam
1049 1222 1203 1287 Venerem
1226 1220 1322 1285 etiam
1344 1221 1475 1286 alterius
1501 1220 1617 1285 mariti.

308 1323 418 1404 ltaque
452 1322 614 1388 scholami
648 1304 737 1417 iuris'
756 1344 818 1388 non
844 1324 1048 1388 inhabitabit.
1094 1323 1223 1387 Possem
1252 1323 1358 1407 plura,
1396 1320 1454 1388 sed
1480 1323 1538 1387 hec
1570 1323 1617 1386 in-

306 1424 433 1490 dicasse
454 1433 623 1504 contentus
640 1444 708 1488 sum
729 1426 822 1490 etad
845 1444 938 1490 sacra
960 1432 1106 1491 revertor.
1147 1425 1197 1489 Tu
1219 1424 1439 1489 benevaleas.

377 1547 558 1595 muranum.
577 1546 662 1593 uras
683 1547 723 1595 on
740 1548 819 1600 raav.
1056 1521 1060 1527 ’

311 1752 393 1823 269.
415 1752 458 1823 ll.
480 1771 526 1818 an
546 1752 682 1823 Urbau.
817 1781 820 1786 >
946 1750 1615 1849 (6666661516.66666629..1661.)

380 1878 444 1929 mut.
463 1878 590 1938 bespricht
616 1878 710 1937 sinigas
728 1878 900 1925 hausserlicbo
923 1878 949 1924 in
973 1879 1016 1925 der
1034 1878 1234 1925 Reuehlinschen
1253 1878 1382 1937 Defensio,
1405 1876 1544 1924 besehwdrt
1566 1876 1615 1923 den

311 1950 409 2007 Urban,
433 1949 484 1994 lhm
502 1949 532 2008 ja
557 1950 606 1994 alle
623 1949 901 2008 Biichererwerbuugen
926 1962 955 1994 an
978 1950 1084 1995 melden.
1124 1948 1158 1994 Er
1181 1946 1313 2007 bedauert,
1335 1948 1392 1995 dass
1410 1946 1523 2006 Petrejus
1545 1947 1616 1993 nieht

310 2022 375 2066 nach
401 2019 481 2066 Fulda
509 2033 640 2079 gagangen
669 2019 709 2066 ist.
752 2020 873 2065 Heinrich
901 2018 1033 2065 Eberbach
1060 2018 1161 2065 schiclre
1189 2019 1229 2064 die
1256 2019 1405 2077 verlangtan
1428 2017 1510 2063 Pillen
1537 2017 1615 2063 nicht.

310 2089 526 2149 SpalatinsVilrar·
546 2089 614 2135 halte
634 2104 660 2135 as
680 2089 727 2135 mit
744 2090 793 2135 den
804 2089 915 2135 Psinteo
933 2089 983 2135 und
1002 2088 1102 2135 scheioa
1121 2088 1161 2134 die
1171 2088 1314 2135 866666666-
1322 2086 1409 2133 Pistre
1419 2102 1450 2133 ru
1458 2086 1614 2133 behommen.

390 2185 557 2249 Prestahili
580 2192 612 2249 et
632 2184 858 2251 humanissimo
887 2185 970 2269 patri
994 2185 1130 2251 Henrico
1151 2184 1326 2266 Urbano,
1353 2185 1521 2266 magistro,
1546 2203 1615 2248 eco-
1719 2226 1722 2231 -

310 2308 413 2368 nomo,
434 2288 535 2351 amico
556 2286 715 2371 precipuo.
1582 2374 1583 2377 Ἴ

391 2389 422 2453 S.
465 2388 554 2452 Nunc
576 2410 676 2472 nuper
696 2390 737 2453 ad
759 2410 809 2454 me
833 2389 933 2469 litere,
955 2409 1034 2472 quas
1055 2390 1156 2469 vides,
1177 2396 1250 2453 sunt
1263 2390 1368 2453 misse.
1410 2388 1519 2453 Placet
1537 2388 1615 2452 mihi

311 2492 406 2555 itulus
435 2499 467 2554 et
493 2490 664 2555 emendata
685 2490 831 2555 brevitas.
873 2493 1099 2572 Argumentum
1120 2498 1218 2555 totum
1245 2490 1440 2554 humanitate
1461 2496 1493 2555 et
1513 2490 1619 2572 gratia

312 2599 457 2657 retortum
480 2601 536 2673 est,
558 2592 614 2657 sed
636 2600 801 2677 excerptor
819 2594 938 2657 erravit
958 2593 999 2657 ab
1020 2592 1201 2676 archetypo,
1223 2592 1306 2674 quod
1328 2598 1360 2655 tu
1381 2591 1476 2657 facile
1489 2592 1617 2669 ,iudica-

312 2695 369 2759 bis.
420 2694 574 2759 loannes⁸
600 2694 753 2759 Reuchlin
789 2693 927 2758 dicando
963 2694 1206 2758 llcl'ensioncm⁷
1243 2696 1344 2758 cesari
1376 2694 1476 2757 multa
1506 2694 1617 2758 tribuit

311 2796 513 2877 titulotenus,
543 2815 603 2878 que
632 2805 707 2860 ante
727 2814 788 2859 non
810 2794 892 2877 legi,
923 2814 1103 2877 quanquam
1125 2795 1295 2859 vernacula
1316 2794 1502 2877 inscriptio8
1523 2797 1616 2877 longe

311 2900 353 2963 sit
372 2898 556 2963 mirabilior.
599 2898 684 2961 luter
695 2898 761 2962 alia
771 2896 879 2961 mundi
892 2897 1074 2961 deminum⁹
1096 2903 1196 2961 vocat.
1240 2896 1344 2961 Utitur
1354 2904 1481 2961 auctore
1502 2898 1616 2980 prisco,

364 3011 393 3043 '²
410 3023 442 3067 Tz
461 3022 591 3068 lohannes.

312 3146 512 3155 -κ

375 3218 387 3261 ¹
408 3223 470 3294 Vgl.
481 3223 527 3280 Br.
537 3222 602 3275 260.

375 3298 529 3375 ²Vgl.Br.
545 3302 582 3356 59
604 3301 828 3358 S.75Anm.1.·

372 3378 387 3422 3
407 3383 451 3437 De
467 3389 526 3437 arte
545 3383 657 3454 poetica
674 3383 741 3442 466.

372 3458 523 3519 ⁴Ehenda
537 3482 562 3516 v.
581 3462 648 3519 463.

372 3538 387 3582 ⁵
407 3543 523 3598 Ebenda
541 3562 566 3599 v.
585 3543 651 3598 466.

374 3618 388 3661 ⁶
409 3622 468 3677 Das
496 3620 651 3695 Collegium
688 3624 754 3678 iuris
781 3624 950 3693 Marianum,
980 3642 1034 3678 von
1062 3622 1198 3678 hienricus
1229 3622 1263 3676 de
1289 3620 1455 3676 Gerbstedte
1484 3620 1617 3693 gestiftet

312 3704 349 3757 Es
371 3704 450 3758 stand
471 3704 519 3772 da,
538 3722 580 3758 6ο
601 3705 766 3776 heutautage
789 3704 834 3759 die
854 3702 1127 3774 Sparkaseenanstalt
1148 3702 1207 3757 sieh
1229 3700 1359 3756 befindst.
1401 3702 1466 3774 Vgl.
1490 3700 1618 3773 Hartung

312 3782 539 3839 Hiiuserchronilr
560 3782 586 3838 S.
602 3782 667 3839 124.

372 3859 385 3903 7
407 3862 471 3935 Vgl.
482 3862 527 3919 Br.
542 3862 597 3917 251
619 3862 646 3918 S.
657 3863 715 3917 332
737 3863 818 3921 Anm.
833 3862 858 3917 1.

372 3937 445 3997 ⁸Er
470 3944 557 3998 meint
581 3944 810 3999 wahrscheinlich
831 3945 880 3998 das
901 3943 1086 3999 Summarium
1109 3943 1187 4013 libri,
1214 3942 1333 3998 welches
1358 3942 1458 3996 lautat:
1485 3940 1618 3995 Welcher

312 4022 427 4094 schrybt
456 4025 523 4078 oder
548 4030 610 4094 aagt
639 4025 687 4078 das
717 4024 764 4078 ich
795 4024 966 4095 obgenauter
986 4026 1083 4079 doctor
1103 4025 1151 4078 inu
1173 4028 1283 4095 mynmn
1305 4022 1445 4093 ratschlag
1469 4020 1514 4075 dic
1533 4020 1616 4075 iuden

311 4104 417 4163 bacher
436 4102 602 4172 betreffend,
629 4122 679 4158 aus
703 4104 820 4159 berelch
840 4100 1028 4161 kaillcrlicher
1052 4103 1179 4159 maiestat
1199 4103 1341 4175 gemacht,
1368 4102 1440 4156 habe
1468 4101 1619 4172 gehandelt

311 4185 430 4238 annders
449 4184 522 4239 dann
545 4184 591 4239 ain
612 4184 823 4239 christenlicher
842 4184 976 4238 frnmmer
997 4185 1078 4239 ether
1098 4184 1248 4239 biderman.
1289 4182 1348 4237 Der
1368 4180 1616 4253 selhliigtals‘ain
1655 4236 1659 4243 ,

310 4264 576 4335 vnglaubhafftiger,
596 4264 802 4335 lychtfertiger,
822 4264 942 4319 eerloser
962 4264 1108 4333 btswicht‚
1134 4264 1182 4319 des
1201 4262 1299 4319 erbeut
1313 4264 1364 4341 ich
1386 4261 1461 4316 mich
1481 4264 1514 4320 all
1535 4278 1616 4317 ceren

311 4346 386 4398 vnnd
404 4346 484 4400 recht
504 4344 550 4398 frir
564 4346 597 4403 ab
617 4344 758 4399 lrummen.

370 4420 384 4463 9
406 4424 585 4494 Vollstr'tudig
609 4424 698 4479 lautet
723 4426 772 4479 der
793 4424 868 4479 Titel
894 4426 943 4479 des
961 4424 1089 4479 Kaisers:
1116 4424 1186 4479 Max.
1205 4422 1363 4478 Aemiliano
1384 4418 1495 4477 Caesari
1522 4421 1617 4475 mundi

311 4505 424 4559 domiuo
440 4504 629 4558 Romanorum
642 4502 802 4575 imperatori
823 4504 869 4575 pio
889 4504 984 4559 foclici
1006 4504 1110 4574 inclyto
1131 4504 1229 4559 victori
1250 4520 1282 4558 ac
1297 4503 1491 4572 triumphatori
1511 4517 1620 4571 sempor

311 4592 428 4656 augusto
448 4584 613 4639 Germaniae
633 4584 693 4657 regi
714 4593 743 4640 et
762 4584 905 4639 archiduci
926 4584 1062 4639 Austrlae.
1104 4584 1161 4639 ror.
1176 4582 1259 4641 Aar.
