3625 5192
311 348 346 405 98
684 345 946 421 Gescbichtsquellcn
964 346 1012 407 der
1030 350 1104 407 Prov.
1123 346 1247 407 Sachsen.

309 500 483 582 assignetis
510 497 590 563 mibi
611 485 739 584 apertas
760 500 935 566 blanditias
955 507 987 566 et
1016 500 1231 565 clandestinos
1258 501 1401 582 aculeos,
1427 502 1618 582 quasivero

310 620 373 667 non
396 604 466 683 sim,
487 602 541 685 qui
562 608 669 667 tomen
690 622 767 667 sum.
809 604 930 669 Valete.

390 704 440 769 Ex
461 704 567 770 (lotha
587 704 781 769 visitationis
801 704 864 786 die,
885 724 969 771 anno
989 706 1102 771 salutis
1120 712 1242 771 octavo.

381 827 457 881 Gedr,
479 827 504 883 1)
523 826 578 874 Lib.
597 842 655 874 nov.
675 826 863 874 solnm-11
876 827 924 877 dv.
996 827 1022 885 2)
1042 828 1066 874 b.
1084 828 1126 874 Tu.
1144 828 1168 876 S.
1180 822 1338 876 tlt-248:

310 1048 363 1120 71.
384 1046 429 1119 ll.
452 1067 499 1115 an
518 1047 654 1118 Urban.
897 1046 1146 1132 (coenamus,
1185 1044 1618 1135 Kurzvordcm4.duli.)

379 1160 443 1209 blut.
466 1159 553 1205 urteilt
575 1160 637 1205 liber
660 1158 707 1206 den
728 1160 833 1206 Dichter
850 1160 981 1205 Hermann
999 1158 1127 1205 Trebeliue
1152 1159 1201 1205 und
1226 1160 1286 1205 feast
1307 1161 1376 1206 seluo
1394 1160 1514 1220 Moinung
1541 1159 1617 1205 dnhin

310 1230 549 1347 muffmonlssbdm
569 1244 597 1275 or
618 1230 659 1276 dio
680 1230 731 1276 ihm
754 1230 935 1276 widerfsbrene
954 1230 1146 1289 Anszeichnung
1170 1230 1247 1275 durch
1271 1230 1319 1275 don
1340 1230 1524 1277 Dichterkrcnu
1547 1230 1618 1277 nieht

310 1315 356 1347 vor
374 1301 428 1347 'ent
496 1315 518 1347 e.

392 1384 567 1458 Urbano,
589 1385 658 1450 viro
679 1384 828 1466 prudenti
848 1389 881 1449 et
901 1383 1000 1467 probo
1023 1389 1055 1447 et
1075 1382 1207 1465 erudito,
1230 1403 1287 1449 suo
1308 1384 1469 1449 Mutianus
1491 1384 1598 1448 Rufus.

391 1488 423 1551 S.
464 1486 570 1551 Bonos
590 1487 688 1551 libros
708 1485 883 1552 Herebordi
910 1483 1118 1551 beneficentia
1147 1486 1306 1551 consecuti
1328 1505 1442 1551 sumus.
1484 1486 1548 1551 Eos
1575 1484 1618 1549 ad

311 1590 515 1674 Spoletinum
535 1595 674 1655 nostrum
695 1589 833 1661 mittam,
857 1594 890 1652 ut
911 1587 1030 1671 pariter
1050 1587 1186 1671 legendo
1207 1586 1390 1671 proficiat-is.
1431 1588 1618 1653 Trebeliusl

310 1710 362 1755 me
391 1697 519 1755 auctore
549 1692 686 1755 donatus
718 1695 767 1755 est
796 1691 906 1755 laurea
935 1708 1059 1755 corona.
1107 1690 1191 1755 Olim
1226 1689 1259 1753 in
1289 1690 1427 1775 publicis
1455 1698 1617 1773 poetarum

310 1793 537 1859 certaminibus
568 1792 800 1857 coronabantur
834 1797 926 1857 vates
959 1810 979 1855 a
1011 1790 1114 1857 doctis
1145 1790 1270 1874 probati
1308 1791 1477 1856 iudicibus.
1526 1790 1618 1869 Quod

309 1895 396 1961 enirn
421 1902 514 1978 poete
543 1901 745 1977 oratoresque
773 1899 931 1961 certarent
956 1893 988 1957 in
1015 1891 1206 1979 spectaculis
1231 1892 1373 1957 Minerva
1405 1893 1558 1957 institutis
1584 1894 1617 1956 in

309 1997 435 2061 Albano
456 1996 632 2062 Domitiani
653 1997 862 2081 temporibus,
883 1996 975 2061 testis
992 2002 1041 2061 est
1061 1994 1229 2077 Papinius,
1257 1996 1312 2077 qui
1335 2014 1369 2061 se
1392 1995 1425 2057 in
1446 1995 1618 2059 certamino

310 2104 475 2181 poetarum
500 2105 652 2180 tanquam
680 2098 830 2164 victorem
858 2104 1040 2163 coronatum
1070 2097 1168 2162 titisse
1198 2116 1218 2160 a
1243 2096 1426 2162 Domitiano
1454 2096 1617 2177 gloriatur.

310 2200 364 2264 Sic
385 2200 538 2265 enimait
559 2201 592 2265 in
615 2201 748 2265 Silvis²z

500 2324 570 2388 Lux
591 2323 680 2405 mibi,
699 2323 857 2389 Romane*
876 2324 982 2406 qualis
999 2324 1058 2389 snb
1079 2323 1212 2389 collibus
1232 2323 1314 2388 Albe

461 2426 540 2491 Cum
560 2424 655 2491 modo
673 2425 851 2491 Germanas
870 2427 967 2507 acies,
988 2424 1082 2491 modo
1103 2425 1193 2489 Daca
1212 2432 1379 2490 sonantem

461 2527 576 2609 Prelia,
595 2525 738 2611 palladio
759 2533 814 2591 tua
835 2547 886 2593 me
905 2545 1019 2593 manns
1039 2528 1144 2593 induit
1161 2546 1248 2592 auro.

390 2650 591 2716 Ptolomeus8
611 2651 940 2734 quoquedlexandrie
952 2652 1051 2717 Musis
1073 2657 1104 2717 et
1114 2650 1255 2735 Apollini
1268 2650 1380 2715 ludos4
1401 2648 1564 2715 dedicavit
1585 2656 1617 2715 et

309 2753 496 2837 scriptorum
516 2753 689 2818 victoribus
708 2756 831 2837 premia
856 2760 889 2820 et
917 2754 1051 2819 honores
1072 2753 1235 2818 constituit
1256 2757 1288 2817 et
1311 2754 1466 2817 litorarios
1495 2752 1617 2817 iudices

312 2856 351 2921 7⁰
370 2854 511 2938 prefecit.
553 2855 638 2921 Inter
658 2876 737 2938 quos
757 2864 826 2922 erat
836 2856 1079 2939 Aristophanes,
1100 2856 1154 2937 qui
1174 2862 1339 2940 poetarum
1358 2854 1469 2919 ordine
1489 2855 1530 2918 ad
1553 2874 1617 2918 cer-

309 2962 417 3022 tamen
439 2958 568 3022 inducto
589 2977 660 3022 eum
682 2960 816 3042 primum
838 2957 1015 3023 renunciari
1037 2958 1144 3038 iussit,
1166 2958 1219 3039 qui
1243 2976 1309 3037 sua,
1330 2976 1393 3021 non
1413 2958 1521 3022 aliena
1541 2956 1617 3021 reci-

310 3065 419 3125 tasset.
462 3060 616 3145 Oportere
638 3061 741 3142 inquit
761 3060 939 3125 iudicantes
958 3079 1021 3124 non
1040 3060 1138 3139 furta,
1166 3057 1223 3124 sed
1244 3060 1363 3142 scripta
1383 3058 1534 3125 iudicare.
1575 3060 1618 3123 At

310 3160 493 3227 Trebelium
521 3162 752 3247 Aristophanes
777 3182 839 3227 non
868 3162 1017 3245 probavit
1037 3180 1140 3243 neque
1158 3160 1306 3243 probaret
1328 3168 1436 3245 utpote
1457 3159 1617 3225 mendica-

311 3265 431 3344 bulum,
461 3282 523 3328 non
544 3271 679 3347 poetam.
727 3264 791 3329 Sed
817 3270 924 3328 tamen
950 3270 1046 3347 poeta
1073 3270 1196 3328 creatus
1230 3270 1286 3328 est.
1336 3264 1385 3327 hn
1414 3262 1448 3325 id
1481 3262 1617 3326 nominis

310 3372 476 3447 mereatur,
497 3366 567 3451 ipse
589 3364 713 3431 viderit.
757 3366 844 3447 Vale,
864 3366 907 3428 rui
929 3366 1092 3430 carissime
1115 3364 1252 3429 Urbane.

380 3476 560 3525 Handschriltl.
579 3475 626 3523 1¹¹8
645 3477 686 3523 lob
697 3475 820 3524 (ir-dv.
856 3476 932 3523 Gsdr.
952 3476 976 3523 b.
996 3476 1029 3521 'l'a
1047 3491 1093 3522 corr
1110 3476 1238 3521 Trebelius
1257 3491 1296 3523 mc
1313 3475 1349 3519 bis
1367 3475 1419 3535 ipsc
1438 3474 1536 3521 uiderit.

381 3562 456 3615 ‘Dic
474 3568 683 3628 &ctiamrpaben
699 3568 775 3614 baben
796 3584 829 3614 ora
847 3568 926 3615 dieser
944 3568 1015 3614 Stella
1033 3568 1163 3615 Troianae.
1236 3550 1248 3586 b
1266 3567 1335 3612 dbblt
1351 3567 1377 3613 in
1398 3567 1438 3618 Ta.

374 3778 466 3838 ¹Das
479 3782 615 3855 chige,
640 3802 695 3839 was
721 3784 771 3837 wir
791 3784 861 3839 iiber
887 3783 933 3839 dic
951 3782 1215 3839 Lebensschicksale
1242 3782 1290 3837 dea
1310 3780 1440 3835 Dichters
1467 3780 1615 3835 Trcbclius

311 3863 428 3933 nissen,
457 3864 506 3917 hat
523 3862 652 3935 Biicking
673 3864 820 3936 mrgiieltig
839 3864 1118 3936 ansammengestellt.
1159 3862 1223 3934 vgl.
1250 3864 1303 3916 den
1324 3860 1470 3917 Nachwcis
1498 3862 1618 3916 dariibcr

310 3944 384 3997 Hutt
412 3960 455 4013 op.
467 3944 551 4015 Supp.
565 3944 602 4014 11,
613 3963 640 4015 p.
650 3942 716 4000 485.
758 3944 1072 4015 HennaunusSuruynt
1092 3944 1126 3998 dc
1141 3944 1240 3997 lsnuco
1262 3972 1300 3981 —
1322 3949 1378 3997 erst
1398 3946 1493 4013 spittcr
1514 3948 1617 3996 nannte

311 4041 342 4078 er
370 4024 430 4078 sich
457 4024 602 4080 Thebelius
635 4058 669 4067 -
698 4025 763 4079 lices
789 4025 849 4079 sich
876 4024 1022 4079 Michaelis
1049 4023 1126 4078 1500
1154 4024 1182 4077 in
1206 4022 1284 4079 nicht
1311 4024 1390 4078 mehr
1416 4040 1487 4095 ganz
1512 4025 1616 4094 ¹jungeri

311 4104 889 4160 JahrenzuErfurtimrnatrihulierenund
910 4123 962 4177 zog
977 4102 1051 4159 1502
1072 4104 1323 4175 genWittenberg.
1364 4102 1416 4157 Boi
1437 4102 1540 4157 scinern
1555 4106 1617 4173 spii·

310 4192 389 4240 teren
401 4184 582 4239 Aufenthaltc
602 4203 646 4241 am
669 4193 789 4241 crateron
807 4184 874 4239 Orto
893 4190 950 4239 trat
970 4202 1000 4240 er
1019 4186 1048 4237 in
1070 4186 1115 4238 cin
1136 4202 1250 4255 sugeres
1264 4184 1440 4239 Vcrhitltniss
1461 4200 1493 4237 uu
1509 4182 1617 4236 blutian

311 4266 368 4318 und
387 4266 491 4319 scinern
512 4264 641 4337 Anhang,
662 4266 762 4321 crhielt
782 4266 854 4321 atich
871 4266 960 4319 durch
978 4266 1075 4319 dassen
1088 4264 1278 4335 Vermittlung
1299 4262 1375 4317 1508
1400 4282 1453 4318 rou
1473 4262 1616 4316 Friedrich

312 4347 375 4400 deur
391 4344 506 4399 Weisen
526 4346 572 4400 die
593 4346 805 4401 Dichterhronc.
845 4344 925 4400 Nach
943 4348 1024 4416 jener
1043 4345 1104 4399 Zoit
1123 4344 1211 4399 lehrtc
1234 4344 1312 4398 erin
1334 4342 1485 4398 lharrkfurt
1505 4362 1529 4398 a.
1551 4342 1583 4401 0.

375 4421 389 4463 ²
410 4425 454 4479 cf.
474 4425 565 4481 Silvae
585 4426 646 4481 Lib.
662 4426 710 4483 lv.
732 4425 821 4481 Carnu.
832 4426 869 4496 ll,
887 4444 912 4480 v.
925 4426 1001 4479 65-
1015 4425 1059 4481 67.

372 4502 386 4545 ³
407 4506 585 4561 Ptolemaeus
596 4507 646 4561 Ill.
665 4507 824 4576 Euergetes.
891 4501 906 4544 ⁴
928 4506 989 4577 vgt.
1011 4506 1119 4561 Vitruv.
1140 4504 1232 4560 Pracf.
1253 4503 1353 4575 v11,4.

864 4655 1063 4662 —...—..—-
