3625 5192
650 368 740 425 Bricie
757 370 877 426 Mutians
894 371 936 426 62.
955 372 997 426 63.
1020 370 1062 426 64,
1478 370 1512 427 85

209 519 379 599 magistros
401 518 550 585 habuere.
591 519 738 583 Aurelius
755 519 830 584 item
841 520 1037 603 Augustinus
1058 521 1111 585 ille
1130 521 1412 605 polygraphctatos
1433 522 1514 587 libro

208 620 439 686 confessionum
461 628 590 703 quarto:
613 621 891 704 „Aristotelica“,¹
915 622 1031 705 inquit,
1055 623 1319 706 „predicamenta
1342 623 1427 689 solus
1449 625 1512 707 legi

206 730 238 787 et
260 723 432 788 intellexi.“
475 724 529 788 Sic
539 724 719 788 Bemardus
736 730 851 804 noster,
873 725 924 787 vir
944 724 1027 789 haud
1048 725 1144 789 dubie
1168 726 1261 809 primi
1282 726 1418 791 nominis
1433 728 1514 792 iuter

207 826 441 906 sanctissimos,
478 826 568 890 cuius
594 825 718 892 familia
745 826 839 891 hodie
865 826 929 893 late
957 834 1045 911 patet
1070 829 1232 893 celestium
1260 829 1512 913 contemplatrix,

208 936 330 994 tantum
352 930 480 993 assidue
502 929 638 1011 legendo
661 936 692 992 et
714 928 835 1011 ingenii
856 930 1002 995 acumine
1024 929 1148 1011 didicit,
1167 936 1237 993 uta
1258 930 1324 995 suis
1344 929 1513 996 mellifluus

209 1032 343 1097 dicatur.
383 1031 529 1095 Imitatus
550 1039 600 1096 est
619 1051 727 1095 veram
749 1032 950 1115 sapientiam,
972 1051 1033 1114 que
1055 1032 1087 1095 in
1110 1033 1177 1097 celo
1198 1040 1261 1112 est,
1282 1032 1425 1097 divinum
1447 1034 1513 1097 ani-

204 1153 287 1197 mum
306 1152 396 1197 snum
417 1132 576 1197 Christum
603 1151 726 1214 regem,
754 1134 808 1215 qui
836 1142 870 1197 ut
896 1133 1058 1199 ferendam
1087 1154 1156 1199 esse
1184 1133 1332 1199 iniuriam
1359 1136 1510 1219 precepit,

205 1237 252 1300 ita
272 1235 394 1300 illatam
416 1234 498 1300 adeo
517 1234 680 1299 moderate
700 1236 786 1317 tulit,
815 1244 850 1301 ut
870 1237 996 1301 veniam
1025 1236 1067 1301 sit
1093 1236 1329 1321 percussoribus
1355 1244 1509 1322 precatus.

202 1339 273 1419 Age
292 1356 377 1418 vero,
398 1335 689 1419 quidBernardus‘t
732 1338 826 1403 Venit
845 1338 888 1402 ad
910 1356 979 1403 eum
1003 1339 1199 1421 nescioquis
1221 1338 1380 1404 subiturus
1402 1340 1510 1422 iugum

204 1439 421 1505 Cistercieuse.
465 1438 602 1503 Meritus
632 1440 674 1504 ah
700 1459 738 1505 eo
762 1460 856 1524 posse
884 1440 985 1505 aliubi
1010 1460 1136 1524 quoque
1161 1440 1328 1523 prolicere,
1356 1442 1384 1505 si
1406 1442 1510 1524 vellet,

204 1542 369 1634 confestim
392 1541 562 1625 impatiens
584 1542 708 1626 repulse
730 1562 837 1627 pugno
857 1543 1006 1607 abbatem
1019 1544 1166 1626 pulsavit.
1208 1543 1374 1619 Fuisssent
1394 1546 1511 1626 statim,

203 1644 258 1726 qui
279 1644 428 1724 aderant,
452 1644 507 1709 ulti
531 1651 594 1709 mm
617 1645 750 1730 impium
775 1647 912 1724 lacinus,
939 1644 1001 1709 nisi
1024 1643 1177 1709 Bernardi
1199 1646 1371 1711 auctoritas
1392 1647 1455 1711 vim
1478 1649 1511 1712 vi

206 1747 357 1830 repellere
391 1748 550 1811 vetuisset.
598 1748 788 1830 „0pcrtet‚“
822 1748 926 1829 inquit
960 1745 1179 1811 sanctissimus
1204 1754 1308 1829 pater,
1337 1766 1411 1827 „me
1437 1750 1511 1816 aliis

203 1849 376 1931 ignoscere,
398 1849 806 1930 cuiaOhristoServatore,
827 1849 881 1930 oui
901 1867 995 1914 verus
1017 1856 1081 1914 est·
1093 1894 1196 1914 ......
1220 1850 1313 1915 toties
1328 1850 1509 1931 ignoscitur.

204 1951 232 2017 0
253 1971 363 2017 vocem
385 1951 722 2031 imitacionedignaml
759 1952 822 2017 Vos
834 1950 990 2017 Bernardi
1011 1956 1142 2035 nepotes
1163 1952 1194 2015 in
1213 1952 1511 2034 eremoGeorgiana

202 2074 265 2118 non
285 2054 362 2119 estis
382 2054 428 2119 ita
448 2055 614 2137 patientes.
656 2054 706 2119 Oh
726 2053 796 2121 leve
817 2054 967 2119 delictum
990 2054 1185 2119 irascimini:
1214 2054 1299 2132 Quid
1322 2054 1409 2119 aliud
1431 2056 1508 2121 estis

203 2172 297 2238 quam
327 2156 480 2221 bernardi
507 2157 634 2235 t'ratres,
666 2156 783 2221 Christi
817 2156 897 2220 lilii?
951 2156 1039 2220 Scire
1068 2156 1135 2240 pati
1163 2176 1239 2221 vera
1265 2156 1510 2240 indubitatoque

203 2260 303 2323 virtus
329 2266 378 2324 est
412 2266 444 2323 ct
473 2259 619 2342 inprimis
646 2258 838 2324 Christiana.
885 2259 1131 2343 christophorus
1162 2258 1290 2322 celitum
1318 2260 1507 2325 fortissimus

203 2379 371 2445 percussus
391 2361 465 2425 olim
490 2380 510 2425 a
531 2362 708 2425 Samiorum
737 2364 877 2444 prefecto
913 2367 1168 2445 „repercuterem
1196 2362 1261 2441 te“‚
1283 2362 1400 2443 inquit,
1422 2363 1508 2443 „nisi

204 2463 388 2528 Christiana
408 2464 528 2546 pietas,
554 2464 644 2527 cuius
664 2464 764 2528 cultor
787 2483 871 2543 sum,
900 2463 1111 2549 prohiberet.“
1154 2462 1217 2529 Sed
1239 2464 1316 2545 quid
1342 2484 1421 2549 opus
1447 2466 1511 2529 ista

203 2565 379 2630 relatione?
419 2566 533 2646 Agitur
561 2565 611 2629 his
640 2564 754 2630 diebus
778 2570 943 2651 perpessio
976 2566 1144 2632 dominica.
1197 2564 1288 2644 Quod
1322 2566 1508 2631 iniuriamm

204 2687 304 2750 genus
329 2687 391 2732 non
412 2667 485 2730 tulit
503 2668 713 2748 equanimiter
733 2668 892 2748 Christus,
918 2679 953 2733 ut
978 2688 1036 2733 nos
1057 2668 1248 2752 pacientiam
1272 2668 1441 2733 edoceret?
1481 2668 1509 2733 Ο

203 2777 323 2851 quanta
353 2769 566 2852 ingratitudo,
597 2777 717 2852 quanta
752 2772 901 2854 superbia
937 2790 993 2836 nos
1033 2772 1132 2836 tenet!
1179 2771 1249 2834 Non
1284 2770 1413 2849 iratres,
1447 2790 1509 2834 non

202 2878 310 2956 patres
336 2872 400 2937 dici
426 2872 586 2953 volumus,
613 2872 670 2937 sed
700 2872 829 2938 domini.
885 2873 1030 2939 Christus
1060 2872 1175 2938 servile
1209 2891 1322 2956 corpus
1351 2871 1454 2935 induit
1477 2872 1509 2935 in

202 2993 336 3053 cmcem,
357 2974 624 3055 qundestserrile
643 2974 844 3057 supplicium,
865 2982 963 3041 actus
1006 2975 1039 3039 Si
1061 2974 1115 3039 ille
1137 2994 1255 3055 servus,
1277 2974 1432 3056 quomodo
1453 2994 1510 3039 nos

203 3076 345 3140 domini?
390 3076 563 3157 Gregorius
591 3077 710 3159 primus
738 3076 920 3158 pontificum
947 3078 1157 3141 Romanorum
1190 3096 1225 3141 se
1260 3094 1419 3141 servorum
1448 3075 1508 3139 Dei

202 3197 328 3242 servum
351 3177 536 3261 appellavit.
577 3178 800 3242 Arbitrahatur
811 3180 894 3244 enirn
907 3198 942 3244 se
957 3179 1076 3243 domini
1089 3178 1304 3263 appellatione
1320 3197 1382 3241 non
1394 3177 1510 3257 ornari,

203 3280 260 3344 sed
288 3280 429 3362 graviter
448 3281 582 3345 onerari.
625 3280 666 3343 m
691 3279 824 3364 deipara
849 3282 940 3362 virgo
967 3300 988 3344 a
1008 3281 1115 3347 celesti
1145 3280 1260 3345 minoio
1281 3280 1419 3344 salutata
1439 3298 1508 3361 pre·

203 3384 386 3463 clammque
411 3389 444 3445 et
464 3382 626 3447 ineffabile
647 3384 831 3466 mysterium
857 3382 971 3447 edocta
1001 3402 1063 3447 non
1086 3400 1120 3447 se
1140 3380 1259 3446 domiui
1281 3388 1425 3455 matrem,
1446 3400 1508 3445 nou

202 3483 314 3565 tiliam,
341 3503 403 3548 non
430 3503 579 3567 sponsam
606 3483 702 3560 dixit,
729 3485 786 3550 sed
814 3485 974 3549 ancillam.
1025 3484 1179 3549 Similiter
1203 3502 1264 3566 quo
1292 3502 1326 3549 se
1353 3482 1509 3548 abiectius

201 3594 345 3651 monaste
365 3585 562 3668 deprimunt,
582 3604 620 3650 eo
641 3586 808 3651 sublimius
828 3589 860 3650 in
882 3586 983 3651 celum
1005 3587 1189 3651 evehuntur.
1231 3586 1350 3665 Quare,
1370 3586 1413 3649 mi
1439 3604 1509 3649 soa-

201 3688 331 3753 vissime
344 3688 483 3767 Urbane,
505 3689 531 3753 si
554 3698 585 3752 te
605 3688 750 3753 mordent
766 3690 934 3753 lucernarii
957 3708 1053 3753 canes
1072 3695 1104 3753 et
1124 3689 1221 3751 vitam
1244 3708 1282 3752 uc
1304 3706 1405 3751 mores
1429 3693 1509 3767 tuos,

202 3798 237 3853 ut
257 3803 331 3855 sunt
350 3790 489 3870 dicaces,
509 3792 676 3855 verhomm
700 3792 880 3874 petulancie
896 3791 1064 3870 lacessunt,
1086 3796 1228 3855 occurrat
1248 3789 1306 3855 tibi
1327 3790 1509 3854 Christiana

200 3891 350 3957 tortitudo
371 3900 404 3957 et
424 3892 586 3958 humilitas
609 3892 829 3977 Redemptoris
850 3894 947 3958 nostri
967 3900 999 3957 et
1020 3892 1216 3977 potissimum
1239 3892 1397 3957 mitissimi
1419 3891 1509 3956 ducis

272 4009 284 4035 ²
300 4013 363 4061 Hier
380 4014 414 4061 ist
432 4015 489 4063 eine
506 4016 592 4062 bilche
610 4016 637 4062 in
656 4016 682 4065 t:

231 4345 238 4357 .
264 4262 275 4302 1
298 4264 452 4329 Quintilian
469 4264 626 4335 ll,1l.15:
656 4265 726 4320 Nam
748 4266 783 4320 de
803 4266 938 4337 Epicuro,
958 4268 1004 4338 qui
1026 4266 1186 4339 disciplinas
1207 4284 1303 4322 omnes
1324 4265 1411 4337 fugit,
1437 4264 1507 4339 nihil

200 4364 292 4399 miror.

264 4442 493 4501 ²Confessiones
513 4446 563 4504 lv.
584 4448 630 4499 lb.
677 4447 714 4502 Et
737 4448 805 4518 quid
832 4448 900 4501 mihi
927 4448 1070 4518 proderat,
1098 4451 1172 4520 quod
1198 4468 1286 4504 annos
1311 4454 1391 4503 nat-us
1419 4447 1506 4502 ferme

201 4526 314 4598 viginti,
341 4545 404 4581 cum
441 4526 470 4580 in
497 4544 594 4581 manus
621 4546 696 4582 meas
721 4528 861 4583 venissent
887 4528 1065 4584 Aristotelioa
1090 4532 1240 4601 quaedam,
1270 4546 1338 4601 quas
1366 4528 1507 4600 adpellant

200 4608 298 4663 decem
320 4606 532 4681 categorias...
554 4608 609 4682 legi
631 4626 677 4665 eas
697 4608 772 4664 selus
791 4616 820 4664 et
839 4608 984 4664 intellexi?
