3625 5192
322 355 357 407 90
694 352 953 422 Gosehiehtaquellen
972 353 1021 406 der
1039 351 1113 405 Pron
1131 351 1255 406 Saebuen.

322 501 402 571 432.
423 499 466 571 11.
490 519 535 567 an
557 499 743 568 Herebord
765 517 836 567 von
856 499 923 566 der
942 498 1117 570 llartbeu.
1382 496 1517 581 (Gotba
1533 498 1627 565 1514.

474 597 684 682 September
697 599 764 681 17).

392 723 455 769 lllut.
475 723 607 782 gratuliert
625 723 680 770 (lom
692 723 820 770 Herebord
831 739 880 769 von
897 724 943 769 dor
952 723 1067 769 Martben
1086 738 1116 769 zu
1135 723 1219 769 seinos·
1236 738 1318 769 nonen
1327 723 1442 780 Stelluug
1459 723 1497 768 als
1515 722 1630 768 Erfurter

322 794 516 855 Grosssyndieus
535 794 586 840 und
604 795 696 854 kuiiplt
714 795 794 840 daran
811 795 949 840 viltorliohe
969 794 1170 852 Ermubuungou.

402 892 584 956 Herebordo
602 892 816 972 Margarito
831 892 1063 972 iurisconsulto,
1081 900 1211 956 senatus
1225 890 1472 974 Erphurdieusis
1486 897 1628 972 patrono.

400 994 541 1075 Exurge,
569 993 696 1059 domine
722 1003 813 1078 pater
833 996 1049 1079 omnipotens,
1076 1001 1186 1076 eterne
1208 993 1305 1073 Deus,
1325 999 1358 1057 et
1378 1012 1459 1058 nove
1480 992 1629 1074 felicitati

319 1097 442 1162 l'amilie
465 1097 681 1179 Margaritaue
708 1097 863 1180 propitius
892 1097 1016 1179 aspira,
1042 1097 1299 1179 quandoquidem
1325 1097 1371 1160 tui
1392 1096 1531 1161 numinis
1552 1104 1629 1159 nutu

322 1220 382 1265 nou
414 1199 515 1264 solum
545 1200 675 1280 duntur,
705 1199 761 1265 sed
789 1201 889 1265 eoiam
917 1207 1145 1264 conservantur
1170 1198 1305 1263 honores
1331 1199 1485 1281 perpetui.
1534 1197 1630 1262 Here-

322 1302 438 1367 bordus
467 1321 555 1366 meus
576 1322 637 1366 nou
659 1302 764 1367 subito
791 1302 911 1380 elarus,
941 1303 1017 1384 quia
1045 1321 1166 1366 summo
1193 1321 1309 1383 genere
1330 1309 1425 1366 natus
1445 1308 1477 1366 et
1497 1299 1630 1365 oonsilio

321 1411 417 1485 atque
443 1404 636 1470 authoritate
666 1411 815 1488 prestans
840 1425 879 1470 ex
907 1405 993 1469 elaro
1012 1405 1091 1470 iuris
1113 1404 1288 1486 proliessore
1311 1403 1506 1468 clarissimus
1526 1402 1631 1466 evasit

321 1513 451 1572 senatus
472 1507 644 1590 populique
657 1507 904 1592 Erpburdiensis
923 1507 1093 1572 defensor1
1115 1513 1147 1570 et
1169 1505 1297 1588 quidem
1319 1507 1351 1569 iu
1373 1506 1443 1588 ipso
1457 1503 1631 1569 iuventutis

321 1605 406 1673 llore.
449 1607 596 1673 Gaudeat
625 1609 698 1673 urbs
726 1610 927 1674 nobilissima
952 1610 1008 1674 tali
1033 1610 1120 1692 prole
1145 1615 1257 1673 ornata
1278 1607 1397 1689 talique
1417 1607 1540 1672 munita
1562 1626 1629 1690 pre

321 1710 413 1774 sidio
466 1709 618 1774 Exulteut
648 1711 782 1778 studiosi
815 1705 936 1778 lantum
970 1695 1109 1776 audituri
1144 1711 1320 1789 doctorem,
1357 1710 1410 1792 qui
1445 1711 1510 1790 ius,
1545 1709 1629 1790 quod

321 1813 450 1892 dooeat,
472 1813 683 1896 usurpaeione
704 1835 805 1879 rerum
824 1815 1019 1896 agendarum
1040 1821 1237 1894 assequatur.
1279 1813 1349 1894 ligo
1375 1819 1503 1894 propter
1526 1812 1629 1895 priva-

322 1921 386 1979 tam
413 1916 675 1981 uecessitudinem
702 1925 734 1982 et
760 1916 955 1998 singularem
982 1936 1059 1997 erga
1084 1924 1116 1980 te
1137 1915 1392 1980 benevolentiam
1413 1935 1517 1978 meam
1538 1915 1630 1978 uniee

322 2018 384 2081 tuis
410 2018 551 2097 gratulor
579 2026 611 2083 et
638 2019 771 2085 sublatis
799 2019 841 2084 ad
863 2020 964 2084 eelum
991 2019 1138 2083 manibus
1162 2035 1315 2101 prospera
1341 2017 1400 2080 tibi
1428 2016 1630 2097 secundaque

321 2141 432 2203 preeor
463 2129 495 2186 et
528 2121 659 2186 affectus
684 2123 792 2186 letioia
818 2122 910 2203 quasi
941 2123 1083 2202 gestiens
1113 2120 1228 2185 exulto.
1275 2119 1373 2183 Cuius
1406 2119 1450 2183 rei
1484 2119 1630 2184 testando

322 2223 433 2302 graeia
453 2233 483 2288 te
506 2223 625 2301 hortor,
648 2231 682 2288 ut
703 2225 883 2288 memineris
904 2224 998 2288 istam
1019 2231 1104 2288 tuam
1127 2222 1261 2303 gloriam
1283 2222 1352 2285 sine
1373 2222 1630 2286 constantissima

322 2323 383 2388 lide
415 2334 447 2390 et
475 2325 662 2390 inuooenoia
693 2327 841 2408 cultuque
873 2326 1003 2410 pietatis
1033 2344 1135 2406 neque
1165 2323 1300 2388 solidam
1332 2325 1398 2388 lore
1429 2343 1532 2405 neque
1560 2324 1630 2387 diu-

321 2435 454 2491 turnam.
497 2428 602 2506 Quare
628 2429 676 2494 sie
706 2429 808 2512 patrie
837 2429 980 2503 studeas,
1007 2436 1041 2492 ut
1066 2427 1108 2492 ab
1129 2426 1242 2492 otiieiis
1263 2447 1303 2490 ae
1322 2426 1479 2506 religione
1500 2446 1562 2491 nou
1584 2447 1630 2491 re·

321 2529 428 2593 cedas.
479 2530 582 2596 Pluris
614 2532 685 2595 boni
721 2532 842 2596 faoiunt
877 2530 1132 2597 honestissimum
1167 2535 1199 2592 et
1225 2525 1487 2593 ‘amantissimum
1528 2529 1630 2611 patrie

323 2633 426 2696 eivem
448 2652 542 2714 quam
563 2633 735 2716 gloriosum
758 2634 912 2699 rabulam.
954 2633 1042 2698 Vale.

394 2755 574 2804 Handsebriltl.
586 2757 605 2801 l⁴‘
617 2757 666 2804 -105
687 2759 727 2806 sol.
740 2757 814 2805 soar.

324 2979 405 3046 133.
428 2979 472 3050 11.
494 2998 538 3044 au
560 2979 695 3052 Urbau.
1050 2981 1181 3061 (liotba
1198 2981 1309 3062 1514).
1351 2979 1561 3065 September
1580 2981 1629 3047 17.

392 3105 453 3151 blut.
483 3105 604 3150 borielrtot
631 3106 692 3152 iliter
709 3107 762 3152 sein
782 3105 1086 3152 siratrrlationssebreiben
1106 3123 1138 3153 arr
1160 3103 1288 3152 Hereborrl
1308 3121 1357 3153 von
1376 3106 1421 3151 dor
1439 3105 1569 3163 llurtlreu,
1587 3105 1629 3150 be·
1714 3140 1719 3151 .

321 3175 416 3233 spriebt
438 3175 479 3220 dio
502 3175 696 3237 llediugungeu,
720 3182 793 3224 uuter
822 3177 904 3222 deuon
930 3178 974 3223 dor
997 3178 1121 3236 blsberigo
1146 3179 1260 3224 Erlurter
1281 3176 1375 3222 bllator
1397 3177 1503 3222 wolrnen
1528 3175 1628 3221 bleibeu

321 3245 379 3290 darl'
400 3246 450 3292 und
474 3245 555 3304 billigt
579 3246 677 3293 Urbana
702 3247 807 3292 nostem
833 3249 894 3292 ilberr
917 3249 962 3294 das
985 3248 1121 3306 Collegium
1144 3249 1347 3295 Elserrrnelrorum.
1394 3247 1449 3293 Von
1476 3246 1562 3292 Erfurt
1585 3247 1629 3291 lrer

322 3316 384 3360 lroll't
405 3331 432 3362 ur
451 3317 496 3361 aul
511 3316 586 3362 liuius
604 3317 801 3376 Urrtorstiitzuug
820 3317 845 3363 in
865 3319 948 3364 seinor
965 3320 1121 3378 Bowerbung
1139 3334 1180 3365 um
1199 3319 1255 3364 eine
1274 3317 1391 3363 Pirriudo.

409 3413 571 3479 Urbano
594 3413 672 3478 bene
695 3413 788 3480 dooto
809 3414 970 3480 Musarum
992 3422 1134 3498 patrono.

402 3519 433 3581 S.
476 3515 700 3580 Graturamur2
726 3517 907 3582 Herebordo
941 3518 973 3581 in
1006 3538 1087 3583 novo
1112 3519 1198 3583 illins
1224 3515 1393 3602 splendore
1417 3516 1533 3598 glorie,
1565 3534 1627 3578 uon

321 3628 426 3683 tamen
456 3619 525 3683 sine
553 3619 785 3698 admonitione,
815 3640 855 3684 ue
883 3641 954 3684 sero
981 3620 1108 3710 tandem
1130 3628 1252 3686 eleum
1273 3620 1412 3703 periculo
1434 3639 1490 3683 suo
1512 3618 1627 3701 sapiat

323 3722 441 3786 Carrtus
462 3721 504 3785 sit
524 3728 647 3804 oportet
669 3721 778 3786 tuendi
797 3723 874 3786 iuris
896 3723 1015 3806 publici
1040 3724 1188 3801 arbiter⁸,
1209 3724 1358 3804 quioniam
1380 3720 1507 3803 quidem
1530 3719 1629 3784 multa

323 3825 487 3888 imminent
510 3821 633 3887 civitati
656 3824 749 3888 mala.
791 3824 829 3888 ld
849 3831 955 3888 autem
971 3825 1141 3907 prudenter
1155 3833 1293 3906 senatus
1315 3823 1495 3906 ‹prrorlbuue
1510 3822 1628 3886 babere
1675 3904 1679 3910 Ι

322 3926 433 3990 maluit
456 3944 550 4005 quam
572 3926 748 4006 alienigeni
770 3927 936 4008 sarrgrrinis
958 3933 1014 3991 aut
1035 3928 1163 3992 uotbum
1186 3927 1339 4009 aliquem,
1361 3936 1395 3990 ut
1417 3934 1505 4006 aute,
1526 3924 1628 3988 oaosi-

317 4028 434 4093 dioum.
478 4028 564 4094 Deus
586 4029 666 4094 assit
686 4030 803 4110 amice,
831 4030 900 4094 sive
921 4021 1032 4102 ἔκδικος
1053 4031 1120 4095 sive
1143 4021 1272 4102 σύνδικος
1293 4030 1362 4094 sive
1382 4021 1541 4109 πρακτικός
1559 4026 1628 4092 sive

322 4140 473 4215 patronus
499 4132 567 4196 sive
592 4131 740 4197 deleusor
769 4131 837 4197 sive
866 4143 1050 4216 procurator
1080 4132 1304 4217 appellabitur.
1352 4132 1400 4195 De
1426 4129 1500 4194 Tito
1527 4127 1628 4193 Mario

392 4249 403 4276 ³
421 4257 447 4300 ll'
459 4255 573 4302 arbitror.

322 4367 522 4376 -——-—-...-

387 4427 394 4468 ¹
422 4431 481 4484 Dor·
509 4431 672 4502 Vorgiluger
699 4433 747 4486 des
777 4431 920 4485 llerrborrl
949 4450 1001 4485 von
1032 4432 1081 4484 dor
1108 4430 1233 4484 illarthen
1265 4433 1292 4484 in
1324 4431 1428 4484 diesem
1458 4425 1542 4482 Amte
1573 4443 1629 4480 war

322 4509 481 4580 Bobunuan,
503 4513 621 4566 nmlelrur
642 4531 685 4565 nnn
709 4511 920 4566 2111311514
941 4512 1129 4583 bingeriehtet
1150 4513 1258 4565 worden
1281 4529 1343 4567 war.

383 4587 397 4630 ‘²
421 4591 480 4664 Vgl.
504 4593 557 4646 deu
578 4592 691 4664 rorigeri
709 4593 794 4649 Brief.
