3625 5192
653 266 742 324 llrlelc
759 268 880 324 Matiana
896 267 957 324 802.
970 268 1030 322 2⁰3.
1040 269 1100 324 Μ
1475 272 1527 326 279

301 417 333 480 S.
376 415 559 499 l‘receptum
581 415 769 482 estCatonis
791 417 824 482 in
845 436 878 482 re
897 417 1032 483 rustica:
1053 419 1090 484 Si
1110 437 1205 484 unam
1225 439 1290 483 reru
1313 414 1384 485 sero'
1404 421 1526 500 leceris,

220 517 327 584 omnia
347 537 445 602 opera
466 538 534 583 sero
555 519 663 584 l'acies.
706 519 818 602 Itaque
838 521 998 585 maturavi
1018 519 1330 594 commendationem,
1352 521 1526 587 Dumnium

220 620 287 683 adii
298 621 318 682 1.
360 621 495 702 Annuit,
515 621 617 700 l'avct,
646 621 706 687 scit
726 628 757 685 te
778 621 857 686 mibi
878 641 985 687 carum
1002 641 1088 701 esse,
1117 623 1177 688 scit
1196 610 1272 688 item
1295 630 1326 689 te
1346 624 1416 690 sine
1436 643 1526 688 suam

219 721 465 787 dominationem
486 741 556 788 osse
580 741 739 804 mancam,
764 742 833 787 cnm
856 723 1005 790 Urbanus
1026 725 1069 789 sit
1089 726 1209 809 primns
1232 726 1375 808 ingenio,
1401 725 1526 809 peritia,

220 823 406 891 eruditione.
449 825 525 906 Hoc,
548 826 687 907 iuquam,
708 825 768 889 scit
789 831 821 890 et
837 826 917 890 satis
938 827 1007 890 scit.
1050 827 1112 905 Qui
1123 828 1253 892 enimse
1276 833 1307 892 et
1327 828 1409 891 alios
1429 827 1527 907 novit,

220 912 355 992 non-est
380 926 508 992 omnino
534 945 634 992 cecus.
687 929 728 991 At
764 929 861 992 nostri
891 927 1067 992 adversarii
1094 935 1237 993 neutrum
1267 935 1423 1012 prestant,
1463 928 1526 993 sibi
1557 965 1561 975 ·

219 1029 326 1093 omnia
347 1036 497 1111 arrogant
511 1033 549 1120 'et
568 1028 662 1102 milri,
686 1047 777 1110 quem
799 1029 933 1110 diligere
955 1030 1122 1110 deberent,
1144 1029 1341 1095 insidiantur.
1383 1029 1525 1096 Petreius

220 1137 326 1195 nostor
346 1138 378 1196 et
396 1130 494 1194 l'rater
514 1129 609 1196 valde
639 1129 773 1194 suntad
802 1150 868 1196 rem
894 1131 1017 1196 attenti.
1060 1131 1170 1215 Nuper
1195 1132 1398 1197 Graculornm
1427 1131 1525 1196 libros

219 1232 387 1297 miraeum
408 1233 554 1298 cantione
575 1233 716 1314 legavit²
743 1239 774 1297 et
803 1232 914 1310 hosce,
941 1251 1020 1314 quos
1046 1232 1143 1297 Panlo
1168 1231 1303 1313 tradidi,
1331 1232 1446 1297 auxius
1471 1250 1524 1297 ex·

219 1341 333 1417 pentat.
379 1334 497 1400 Redeat
517 1334 616 1418 igitur
636 1335 830 1400 Claudianus
852 1335 894 1400 ad
915 1335 1092 1416 dominnm,
1120 1335 1173 1416 qui
1199 1333 1289 1400 dedit
1312 1334 1400 1398 illum
1425 1340 1470 1422 et,
1497 1334 1523 1398 si

218 1435 353 1518 pedibus
374 1435 498 1519 ingredi
522 1437 638 1519 nequit,
660 1436 851 1502 subcollctur
873 1456 891 1500 a
913 1436 1102 1520 Nepotiane.
1143 1437 1248 1518 lliror,
1266 1455 1321 1500 cur
1341 1436 1448 1500 omnia
1471 1435 1524 1498 de-

218 1545 306 1620 tegat
327 1539 500 1604 communis
524 1538 625 1604 herus.
675 1537 731 1602 Est
760 1539 834 1603 mibi
865 1539 971 1602 rubori
998 1546 1029 1602 et
1057 1536 1160 1601 miuus
1186 1537 1322 1602 libenter
1349 1537 1435 1618 lego,
1463 1556 1524 1620 que

218 1648 292 1705 sunt
311 1641 343 1703 in
363 1639 524 1705 schedula
566 1639 665 1704 Fidu's
683 1651 732 1705 est
753 1640 860 1724 procul
883 1639 980 1704 dubio
1001 1647 1034 1704 ot
1055 1640 1164 1718 bonus,
1185 1638 1242 1704 sed
1261 1639 1302 1703 ob
1323 1646 1439 1703 etatem
1460 1658 1522 1704 non

217 1752 290 1808 sunt
308 1743 371 1807 ista
399 1743 533 1826 negocia
557 1743 820 1808 communicanda
847 1761 917 1806 cum
942 1742 1057 1826 pneris.
1101 1741 1148 1804 Dc
1175 1741 1322 1822 ingenio,
1347 1739 1388 1804 de
1414 1740 1523 1821 literis,

219 1845 259 1910 de
280 1846 390 1926 laude,
410 1844 450 1910 de
472 1847 588 1912 honore
608 1845 798 1928 loquendum
826 1853 883 1909 est.
925 1845 1007 1910 Cura
1031 1843 1235 1908 familiarium
1263 1843 1459 1923 negotiorum
1480 1842 1523 1908 ad

219 1947 482 2028 patresfamilias
505 1948 649 2029 pertinet.
693 1947 732 2011 Et
754 1946 793 2012 de
814 1946 861 2010 bis
881 1947 1044 2014 haetenus.
1086 1945 1145 2008 XV
1149 1945 1196 2008 lll
1222 1952 1424 2008 numerantur
1444 1944 1523 2008 iuris

219 2049 401 2114 bacularilt.
444 2049 585 2132 Legendi
607 2050 732 2115 suntin
755 2049 901 2114 militiam
923 2051 1057 2126 tirones,
1079 2045 1221 2128 quaudo·
1243 2046 1384 2110 veterani
1407 2046 1522 2129 partim

218 2150 377 2232 exulantl,
399 2152 610 2235 pertimetate
632 2152 706 2217 lessi
729 2152 760 2215 in
781 2152 851 2216 ocio
866 2152 995 2231 dogunt.
1040 2151 1136 2214 lulius
1149 2148 1305 2215 secundus
1316 2148 1412 2212 simili
1428 2147 1522 2211 modo

217 2253 382 2335 collegium
405 2253 612 2318 cardinalium
633 2261 729 2336 auget
750 2259 898 2335 creatque
919 2253 1114 2330 cardinales,
1137 2252 1162 2316 si
1186 2269 1263 2316 vera
1283 2258 1331 2314 est
1349 2250 1443 2328 laura,
1464 2249 1521 2313 im-

205 2355 344 2448 berbes,
375 2355 439 2420 imo
466 2356 550 2437 quod
572 2357 675 2438 magis
698 2356 849 2420 absonum
859 2360 882 2435 ¹¹,
911 2355 1090 2439 impuberes
1115 2352 1238 2418 adbuo⁶
1264 2352 1376 2433 glabro
1398 2349 1519 2434 podice.

217 2457 305 2522 Licet
323 2456 381 2522 hnc
400 2456 483 2540 patri
504 2465 624 2536 sancto,
644 2458 697 2539 qui
719 2457 826 2520 lovem
847 2467 879 2522 et
898 2457 1011 2521 lulium
1023 2456 1171 2522 Cererem
1192 2453 1388 2539 promovisse
1408 2473 1522 2537 pueros

217 2579 277 2624 nou
300 2560 433 2640 ignorat.
477 2558 534 2623 lile
556 2558 711 2640 siqnidem
734 2558 951 2640 Ganymedem
979 2559 1021 2623 ad
1049 2559 1180 2642 pocula,
1211 2557 1261 2621 bie
1284 2555 1451 2622 Octavium
1478 2555 1521 2619 ad

215 2661 424 2726 hereditatem
445 2660 583 2725 admisit.
627 2659 741 2725 Mersit
761 2669 900 2744 uterque,
921 2663 983 2726 imo
1004 2669 1136 2742 uterquc
1154 2679 1224 2724 cum
1242 2666 1372 2740 utroque
1394 2657 1521 2722 divinos

216 2762 348 2828 bonores
369 2769 401 2826 ct
421 2763 596 2827 immortale
617 2781 739 2828 nomen.
782 2763 870 2828 Vale.

286 2908 466 2956 llandscliriltl.
485 2907 567 2955 Faus
587 2908 628 2955 lol.
643 2909 686 2955 ldl
696 2924 744 2954 r—
755 2909 801 2954 141
812 2923 835 2954 v.
872 2909 947 2954 Gedr.
969 2907 993 2953 b.
1012 2908 1052 2961 Tu,
1065 2908 1089 2956 s.
1103 2906 1189 2953 120-
1200 2905 1245 2952 tal
1266 2922 1312 2953 von
1331 2905 1416 2952 xvlfl
1430 2919 1519 2970 ¹nurne-

215 2983 304 3025 rantur
321 2978 357 3025 bis
375 2978 514 3026 immortale
534 2993 633 3026 nomeu.

285 3100 296 3127 ⁸
315 3105 347 3150 Ta
366 3105 490 3164 quioniam.
545 3091 609 3152 ”Ta
627 3106 723 3152 mirum.
776 3097 787 3125 ⁰
808 3106 839 3150 Ta
858 3105 939 3154 adbuc
958 3104 1107 3164 impuberes.

769 3279 969 3288 ——·---—-·——-

215 3397 296 3464 204.
319 3395 362 3468 ll.
384 3415 431 3463 an
451 3395 586 3464 Urbou.
839 3442 841 3446 .
966 3392 1099 3477 (dobba
1115 3392 1211 3460 1512.
1241 3390 1342 3458 Eudc
1357 3390 1519 3476 August.)

286 3520 346 3569 blut.
365 3521 416 3566 uili
434 3519 483 3566 den
500 3520 549 3566 Rot
567 3520 733 3578 Sdmmeriugs
756 3519 805 3565 und
828 3519 925 3565 Urbano
947 3517 972 3564 in
992 3519 1036 3565 dor
1053 3518 1148 3565 Alsairs
1172 3518 1218 3564 mit
1235 3516 1356 3577 Kbtellug
1374 3517 1517 3564 annebmou

215 3591 265 3636 und
283 3591 404 3650 vorlllulig
421 3590 474 3636 sich
493 3589 643 3650 berublgen,
664 3591 727 3636 auch
746 3589 822 3636 seiron
841 3589 867 3634 in
887 3588 1023 3635 Bdcksiobt
1043 3589 1087 3635 aul
1102 3588 1148 3635 das
1166 3587 1265 3648 baldige
1283 3586 1453 3634 Hinsolreiden
1474 3587 1519 3633 des

215 3661 307 3708 Paulus
325 3659 461 3722 Hystenor.

295 3767 424 3851 Optimo
444 3769 514 3832 viro
534 3765 669 3831 Henrico
689 3764 857 3847 Urbano,
878 3765 1057 3831 liberalium
1078 3764 1318 3848 disciplinarum
1339 3764 1502 3846 magistro.

277 4008 364 4083 {Um
393 4013 441 4067 ihn
472 4031 506 4066 au
537 4013 635 4082 hillen,
666 4013 719 4066 den
748 4011 844 4068 Urbau
875 4013 903 4065 in
933 4011 1029 4065 Erfurt
1055 4029 1088 4064 zu
1119 4011 1253 4066 belaaccu.
1294 4010 1359 4082 Vgl.
1383 4009 1434 4064 ΒΥ.
1457 4008 1515 4064 200

187 4091 192 4104 '
215 4092 271 4146 urard
293 4091 360 4148 202.

275 4168 289 4210 ²
309 4172 372 4245 νει
393 4173 440 4232 nr.
459 4172 526 4242 194,
546 4171 573 4227 s.
591 4172 657 4230 ara.

273 4247 288 4292 ³
309 4253 372 4325 vgu
381 4253 451 4309 iiber
461 4253 501 4308 sic
514 4253 567 4309 den
578 4253 664 4308 Liber
673 4253 819 4321 rationum,
840 4251 888 4307 fol.
903 4250 986 4306 1142
1029 4251 1161 4324 Magister
1175 4252 1302 4307 Petreius
1312 4249 1514 4324 Aperbaocbus

215 4331 279 4387 wird
300 4333 342 4387 als
362 4340 448 4388 ersten
468 4339 549 4388 untur
569 4333 653 4388 ihncn
675 4332 845 4404 aufgcl'dhrt.
1210 4395 1213 4400 ¹
1300 4385 1303 4390 ,

274 4407 399 4469 4Untar
422 4415 476 4469 den
503 4431 557 4468 von
583 4409 897 4467 analemmatos
924 4413 1086 4468 enadhntcn
1111 4411 1264 4486 fliiohtigen
1291 4411 1443 4468 Patrizicrn
1469 4409 1517 4466 be·

213 4491 300 4548 findet
320 4493 379 4549 sich
401 4493 463 4548 eine
485 4493 563 4548 nicht
583 4491 794 4547 unbedeutende
813 4490 921 4548 Anzahl
941 4493 1075 4552 Juristeu.
