3625 5192
639 334 728 391 Briele
745 334 865 391 Matiane
882 334 943 391 285.
961 334 1020 393 286.
1040 336 1101 393 28⁷.
1468 340 1519 393 375

213 486 305 565 Quod
331 494 435 551 autem
463 485 556 549 nauci
582 486 698 564 facias,
726 504 818 567 quem
845 486 992 552 dominus
1020 486 1189 552 Bartholus
1210 486 1243 551 iu
1269 506 1392 551 servum
1423 487 1519 569 legat,

212 589 314 654 eciam
336 587 445 666 laudo,
470 607 544 651 nam
566 588 652 652 nullo
673 587 815 669 ingenio,
842 588 937 652 nullis
959 588 1065 655 verbis
1085 590 1239 672 supprimi
1260 590 1440 655 dominatus
1459 591 1519 655 iste

213 698 325 776 potest.
373 689 475 754 Pollet
503 690 627 773 opibus.
675 690 813 754 Tantum
838 691 923 773 rapit
946 710 986 754 ex
1011 689 1080 755 foco
1103 690 1211 771 Veste,
1239 697 1273 754 ut
1298 711 1357 776 par
1383 692 1424 757 eit
1449 712 1518 777 per-

212 794 317 877 petuis
346 792 517 877 symposiis
544 791 658 856 lacobo
676 792 807 873 Sagsel.
856 792 916 856 Hei
943 791 1036 872 mibi,
1062 791 1138 875 quid
1164 792 1322 857 Amoldus
1350 792 1455 857 retulit
1485 794 1516 857 iu

211 916 320 962 aurern
343 915 454 959 meam.
502 894 620 959 Credas
641 901 674 958 tu
695 894 847 958 munitum
865 912 937 959 esse
958 893 1140 959 Bartholum
1163 914 1184 959 a
1206 894 1292 960 Moro
1319 902 1351 960 et
1371 895 1460 960 Lotio
1486 904 1518 959 et

211 998 381 1077 blattbcol,
404 1004 437 1061 ut
458 997 559 1060 eciam
581 995 755 1060 Duronium
773 995 961 1078 vilipendat.
1003 995 1069 1061 Hec
1090 1003 1194 1061 autem
1216 996 1295 1075 duo,
1320 1016 1381 1078 que
1402 997 1517 1078 dicum,

211 1101 377 1165 verissima
405 1108 491 1165 sunt:
514 1105 547 1162 et
567 1118 616 1162 me
638 1097 819 1163 Bartholum
841 1117 1009 1163 accusasse
1031 1106 1062 1162 et
1083 1098 1248 1163 Nicolaum
1271 1099 1432 1181 Figulum,
1453 1100 1517 1165 Du·

211 1204 293 1267 ronii
315 1202 458 1282 delicias,
479 1222 528 1281 ea,
548 1220 609 1282 que
629 1200 752 1283 scripsi,
772 1199 901 1265 dixisse.
945 1200 1126 1284 Exploravi,
1147 1200 1223 1285 quid
1246 1202 1515 1269 velletrlrnoldus.

212 1306 317 1371 llouus
347 1304 439 1369 bomo
466 1304 606 1386 queritur
632 1300 769 1367 vestales
794 1302 856 1367 sibi
884 1302 1014 1367 multum
1046 1303 1161 1369 debere
1190 1312 1221 1368 et
1242 1306 1364 1388 expetit
1382 1305 1514 1387 primum

212 1407 407 1481 beneficium.
444 1406 577 1485 Forsan,
593 1406 695 1470 sinon
711 1404 914 1484 claudicaret,
935 1405 1101 1469 obtineret.
1139 1405 1225 1470 ldem
1245 1407 1396 1489 plurimos
1411 1426 1515 1471 nume·

210 1510 293 1575 ravit
311 1515 517 1591 expectantes
536 1507 638 1573 locum
658 1507 763 1573 scribe
812 1508 860 1572 Sit
882 1508 979 1571 Fors²
1001 1506 1130 1572 domina
1151 1510 1282 1591 campi³
1323 1508 1392 1589 Ego
1413 1510 1516 1593 quies

209 1631 288 1676 cam.
330 1611 417 1675 Satis
443 1618 492 1673 est
517 1628 614 1673 unum
639 1611 721 1675 bunc
747 1609 930 1674 clientulum
957 1609 1144 1674 claudicare
1189 1608 1292 1675 Unum
1321 1610 1398 1674 mibi
1420 1610 1515 1675 valde

209 1713 358 1794 displicet
384 1712 417 1775 iu
439 1711 596 1791 Duronio,
621 1711 705 1793 quod
731 1710 868 1777 crudelis
888 1719 937 1775 cst
958 1718 990 1776 et
1010 1730 1084 1775 suos
1105 1710 1242 1795 despicit
1262 1713 1423 1779 electores.
1467 1712 1516 1779 De

209 1814 377 1880 llusardo⁴
407 1814 487 1879 bene
515 1814 623 1879 sentis.
670 1814 704 1879 Si
732 1821 836 1879 tamen
861 1834 922 1895 ego
949 1814 1019 1897 plus
1045 1815 1077 1878 in
1105 1814 1165 1879 bac
1190 1833 1225 1879 re
1246 1814 1339 1879 video
1361 1834 1453 1897 qnam
1473 1796 1533 1895 tu,¹

210 1938 272 1982 nou
300 1917 372 1981 idco
402 1936 525 1981 crucem
555 1916 663 1980 merui.
712 1915 788 1979 Dixi
816 1936 854 1979 ex
881 1914 1077 1999 evangelicis
1105 1916 1204 1981 literis
1233 1916 1389 1981 nemiuem
1423 1937 1516 2000 posse

208 2020 332 2084 duobus
358 2018 497 2083 dominis
527 2018 672 2082 servirc.⁶
719 2016 893 2083 Candidior
925 2025 1024 2097 esset,
1055 2018 1115 2081 nisi
1143 2016 1287 2083 Meriana
1319 2018 1515 2101 Lotiauaque

208 2122 381 2204 aspergine
407 2121 607 2201 nigresceret.
655 2120 766 2185 Noluit
791 2121 865 2184 olim
893 2119 1046 2184 adherere
1077 2120 1140 2185 tuis
1165 2119 1381 2185 Licbonibus⁶
1409 2129 1515 2205 spreto

209 2222 324 2307 litargo
345 2222 448 2306 plebis
459 2221 634 2288 Oradortlie
644 2224 666 2302 ⁷,
688 2223 739 2287 vel
759 2224 836 2304 quia
850 2220 956 2287 blorus
976 2222 1128 2287 dissuasit
1149 2223 1200 2287 vel
1211 2223 1287 2305 quia
1299 2222 1385 2287 Deus
1406 2223 1514 2287 noluit.

210 2329 356 2409 ignosce,
383 2326 467 2406 quod
486 2324 564 2389 dixi·
582 2324 650 2403 „tui
660 2326 687 2403 ,“
714 2324 847 2407 postlrao
873 2343 955 2389 nuno
976 2343 995 2386 a
1017 2334 1047 2387 te
1068 2324 1183 2388 certior
1203 2326 1305 2389 lactus
1327 2345 1387 2389 non
1410 2323 1514 2389 dicam

207 2431 280 2496 tuis.
322 2430 453 2513 Semper
472 2426 576 2507 timui,
601 2428 648 2490 ita
668 2446 718 2490 me
739 2425 826 2491 Deus
846 2433 945 2507 amet,
975 2425 1098 2490 illorum
1122 2425 1279 2491 bominum
1304 2426 1514 2495 adversarios.

210 2534 297 2599 Vale.

277 2619 498 2701 nantonense
520 2652 570 2700 aaa
590 2653 632 2699 ror.
653 2650 846 2700 arar—arav⁴

277 2756 406 2807 'boore

758 2864 961 2874 ---—-—-—-

208 2998 288 3065 287.
310 2997 354 3069 ll.
375 3016 421 3065 an
439 2996 575 3069 Urban.
877 2994 1009 3079 (Gotba
1022 2998 1115 3067 1513.
1147 2996 1215 3062 Urn
1229 2995 1288 3061 dle
1300 2996 1400 3063 llltte
1412 2997 1447 3069 d.
1463 2997 1513 3079 d.)

277 3124 338 3174 blut.
367 3123 430 3179 will,
454 3123 532 3169 suriel
556 3138 582 3168 ee
604 3123 672 3169 scine
690 3121 772 3173 aliod
797 3121 929 3179 erlanbon,
955 3136 1008 3167 zum
1028 3122 1080 3167 Bau
1105 3120 1185 3167 acinos
1211 3121 1322 3167 Erlnrtor
1345 3122 1440 3167 lluuses
1463 3122 1513 3168 bei·

207 3200 302 3252 tragen.
340 3193 374 3239 Er
393 3193 457 3239 babo
475 3193 524 3239 don
535 3192 630 3252 Cupido
651 3192 807 3250 triumphans
825 3192 932 3249 geaoben
951 3192 1002 3237 und
1017 3192 1115 3238 rubebto
1129 3206 1190 3251 geru
1204 3191 1300 3249 nissen,
1319 3191 1514 3251 obSiirnrnering

207 3264 281 3311 nebat
298 3263 444 3309 Ambrosius
463 3264 664 3321 zrrriiclrgelrobrt
682 3262 759 3308 scien.

287 3360 423 3425 Heurieo
446 3360 603 3425 Urbano
624 3360 784 3424 blutiauus
805 3358 913 3423 liutius.

288 3464 319 3527 S.
367 3462 503 3527 Causam
533 3462 610 3525 mibi
639 3461 729 3526 dedit
753 3460 862 3525 barum
891 3460 1052 3525 literarum
1078 3460 1243 3526 edificacio
1267 3461 1387 3525 (lomus.
1430 3458 1513 3523 Nam

208 3564 357 3630 indecens
378 3562 503 3627 videtur
523 3582 653 3628 onerare
675 3562 927 3645 Engelmannnm
950 3582 1020 3627 mea
1042 3582 1154 3644 cansa,
1175 3564 1215 3628 de
1236 3582 1298 3645 quo
1320 3562 1513 3627 benemereri

208 3687 268 3731 non
298 3685 433 3750 possum.
475 3663 583 3730 Sobilo
608 3665 738 3729 deberet
763 3664 924 3744 laborare,
949 3652 982 3729 ¹si
1014 3664 1078 3728 ulla
1105 3674 1188 3729 esset
1216 3665 1296 3730 fides
1325 3664 1357 3728 in
1386 3664 1513 3730 bomine

206 3770 329 3834 rustico.
393 3766 456 3830 Sed
494 3786 579 3830 vana
615 3766 820 3831 t'rustracione
850 3765 943 3829 nobis
976 3766 1090 3831 illudit.
1146 3766 1313 3848 Utcunque
1350 3767 1406 3845 sit,
1441 3765 1513 3830 eub-

207 3870 409 3949 ministrabo,
435 3888 497 3933 non
519 3877 670 3950 quantum
691 3874 848 3932 structura
868 3868 974 3931 lbrsan
995 3868 1114 3951 exigit,
1144 3868 1198 3931 sed
1221 3888 1278 3952 pro
1298 3867 1513 3949 tacultatibue,

206 4012 405 4021 —————-....

205 4092 213 4101 '
270 4084 353 4141 lEin
375 4087 501 4141 Erfurter
521 4086 662 4153 Patrizier‚
682 4087 735 4139 deu
758 4085 952 4139 Falelrenstein
975 4084 1001 4141 S.
1015 4084 1073 4138 488
1094 4086 1135 4140 als
1155 4085 1318 4158 Fliiebtliug
1339 4087 1470 4142 erwilhnt.

268 4162 283 4206 2
301 4167 444 4222 blattbiius
465 4166 596 4238 Wagner.
638 4166 701 4238 Vgl.
713 4164 758 4219 Br.
770 4166 807 4219 89
829 4166 854 4219 S.
871 4166 926 4218 128
949 4164 1030 4219 Anm.
1043 4164 1068 4219 5.

267 4242 283 4287 9
302 4245 408 4318 Cicera,
429 4246 577 4316 Pis.11,3·

239 4326 245 4339 ⁶
267 4323 280 4367 4
302 4328 364 4399 Vgl.
385 4327 507 4381 Matiana
527 4326 662 4398 Meiuuug
683 4326 752 4381 iiber
769 4326 818 4380 ihu
839 4324 884 4380 Br.
906 4324 971 4379 282.

267 4403 282 4447 ⁵
304 4407 401 4462 Matth.
415 4408 442 4473 tt,
454 4406 500 4461 24.

268 4483 282 4526 θ
302 4487 366 4559 Vgl.
378 4487 423 4541 Br.
435 4488 501 4542 277.

272 4564 284 4608 ²
305 4566 368 4644 Vgl.
379 4567 425 4623 ur.
438 4567 496 4621 220
518 4564 606 4629 Aum.
621 4567 638 4620 2
662 4566 687 4626 S.
701 4565 766 4622 298.
