3625 5192
316 380 374 454 *ast
691 382 955 453 Geschiehtsqnellen
974 387 1023 440 der
1038 385 1112 440 Pron
1131 385 1254 442 Sachscn.

316 529 429 592 merito
456 528 583 611 quidem
610 549 747 611 possum.
794 532 876 595 Nam
904 534 973 596 sive
1003 541 1077 598 vota
1097 541 1279 617 nuncupent
1300 541 1331 598 et
1353 535 1535 616 persolvant
1556 537 1626 600 sive

319 630 449 710 lugeant
470 631 538 694 vita
552 633 675 696 tiroetos
690 633 758 698 sire
769 635 871 699 Deum
896 636 1021 700 unicum
1037 637 1223 720 praedicent
1235 635 1423 702 Christiani:
1442 635 1626 719 psalterium

317 735 397 796 tanti
423 735 509 814 regis
534 752 572 797 uc
597 734 771 817 prophetae
792 755 917 820 semper
938 747 1072 802 tractare
1100 737 1215 810 solent,
1242 743 1276 802 ut
1301 736 1341 801 de
1362 738 1433 819 ipso
1460 737 1627 820 sapienter

318 835 586 917 pronuntiaveris:
615 836 782 916 „Carmine
803 837 848 901 dii
870 839 977 921 superi
998 839 1173 922 placantur,
1195 841 1334 904 camnine
1356 841 1515 902 manes.“1
1561 838 1626 902 Ex·

319 945 388 1001 tant
411 937 445 1000 in
471 937 611 1017 psalmos
632 945 663 1001 et
683 939 790 1019 graeei
812 948 844 1002 et
862 941 954 1004 latini
978 941 1203 1006 altrimentarii.
1246 941 1337 1004 Alius
1358 940 1452 1006 nimis
1473 940 1625 1024 perplexe

318 1038 648 1120 etcircunrciseatque
668 1039 749 1104 adeo
770 1041 901 1104 obscure
923 1042 1042 1120 scribit,
1064 1045 1118 1106 alii
1142 1043 1300 1125 sumplus
1317 1043 1414 1107 nimio
1431 1041 1625 1107 verbosiores

318 1148 351 1203 et
370 1138 487 1203 diffusi.
534 1140 674 1204 Thomas
702 1159 778 1205 vero
800 1142 825 1202 V
829 1143 975 1226 uolphius
997 1145 1108 1215 iunior,
1131 1145 1358 1208 iureconsultus
1379 1151 1411 1206 et
1432 1151 1550 1221 orator,
1576 1143 1624 1207 vir

318 1242 475 1324 elegantis
495 1242 626 1322 ingenii,
647 1244 832 1327 multiplicis
842 1251 874 1306 et
885 1245 1063 1325 exquisitae
1085 1243 1249 1309 doctrinae
1265 1251 1359 1326 atque
1382 1243 1623 1328 inexplicando

318 1362 400 1426 quae
420 1345 578 1422 senciens
609 1346 708 1408 mirae
727 1346 892 1409 lacilitatis
914 1355 944 1409 et
965 1348 1098 1426 gratiae,
1122 1347 1274 1429 psalmum
1301 1346 1411 1411 ordine
1434 1345 1623 1410 tricesimum

315 1444 449 1527 ,tercium
472 1443 612 1508 dilucide
632 1453 665 1509 et
686 1447 823 1510 breviter
844 1449 1010 1529 exposuit3
1032 1449 1182 1526 imitatus,
1203 1449 1348 1526 arbitror,
1369 1455 1512 1512 sanctum
1535 1447 1624 1510 Hila-

319 1547 430 1621 rium,⁴
450 1547 762 1628 cuiuseloquentianr
776 1549 907 1611 landant
928 1549 1052 1612 eruditi.
1087 1549 1146 1613 llic
1167 1559 1215 1614 est
1236 1550 1289 1614 ille
1303 1551 1452 1628 Thomas,
1474 1550 1527 1630 qui
1548 1567 1626 1632 puer

317 1648 394 1712 olim
427 1647 645 1730 Erpbordiae⁵
673 1649 731 1713 suh
752 1652 881 1732 optimis
901 1652 1075 1714 litterarum
1098 1652 1326 1734 professoribus
1348 1653 1394 1716 ita
1415 1651 1563 1735 proiecit,
1593 1657 1626 1712 ut

320 1749 402 1814 inter
422 1751 572 1830 aequales
592 1751 781 1832 conspicuus
804 1751 972 1816 haberetur
993 1763 1025 1815 et
1045 1761 1130 1816 esset
1151 1757 1240 1834 quasi
1265 1755 1409 1832 eximius,
1428 1751 1502 1817 dein
1524 1751 1625 1816 Bono-

319 1852 392 1916 niae
422 1859 454 1916 et
483 1851 602 1917 Romae
630 1854 681 1916 vel
713 1854 801 1937 ipsos
831 1863 1053 1937 praeceptores
1088 1856 1262 1936 quamlibet
1293 1855 1439 1936 egregios
1475 1860 1627 1933 aequaret

321 1953 448 2018 omnino
469 1952 570 2018 latina
589 1953 750 2018 facundia.
790 1955 896 2020 Testis
917 1963 965 2020 est
985 1956 1151 2039 Philippus
1172 1956 1379 2036 Beroaldus,6
1400 1955 1493 2019 homo
1507 1954 1628 2018 littera-

320 2055 477 2134 tissimus,
509 2054 563 2136 qui
590 2054 745 2120 Thomam
775 2065 882 2140 utpote
912 2057 1025 2122 honum
1056 2058 1246 2141 discipulum
1278 2058 1405 2122 ornavit
1432 2055 1628 2138 amplissimo

320 2155 517 2236 testimonio,
542 2175 605 2220 non
631 2157 708 2222 viva
732 2177 809 2222 voce
833 2166 969 2236 tantum,
995 2159 1051 2224 sed
1078 2161 1173 2224 etiarn
1195 2160 1313 2243 scripto
1331 2157 1478 2224 durabili.
1520 2157 1628 2221 Testis

318 2274 353 2322 es
374 2264 407 2322 et
426 2265 469 2338 tn,
488 2257 641 2339 Mutiane,
661 2263 711 2323 vir
732 2261 876 2324 acerrimi
899 2261 1019 2326 indicii.
1061 2262 1174 2342 Neque
1200 2262 1283 2326 euim
1305 2263 1374 2326 sine
1394 2278 1492 2324 cansa
1510 2256 1628 2339 dignus

318 2368 400 2440 erat,
427 2359 482 2442 qui
509 2360 568 2424 tibi
596 2380 688 2425 carus
718 2372 811 2428 esset.
853 2362 1054 2428 Herebordus
1082 2382 1204 2445 quoque
1233 2362 1424 2443 Margaritns
1449 2361 1540 2424 testis
1568 2367 1627 2432 est,

318 2461 443 2526 iuvenis
470 2461 611 2526 eruditus
640 2468 673 2527 et
701 2464 834 2544 nobilis,
865 2472 986 2545 quanta
1017 2465 1059 2528 sit
1089 2463 1231 2528 Thomae
1261 2464 1365 2545 gloria
1392 2461 1478 2546 apud
1506 2462 1628 2526 omneis

318 2562 462 2627 homines
483 2562 563 2632 hene
583 2563 761 2629 sencientes
781 2563 822 2628 de
844 2565 939 2630 rectis
960 2563 1083 2631 studiis.
1123 2564 1155 2627 ls
1175 2566 1258 2630 enim
1275 2584 1374 2648 nuper
1390 2583 1430 2630 ex
1442 2563 1628 2645 argentina,

317 2663 374 2728 uhi
404 2663 522 2729 abhinc
547 2683 664 2728 annum
684 2667 847 2750 perculsus
867 2673 951 2730 metu
973 2667 1178 2749 pestilenciae
1199 2666 1341 2747 desedit,
1365 2664 1408 2730 ad
1436 2665 1576 2748 patriam
1596 2670 1628 2728 et

318 2785 393 2832 suos
413 2766 579 2832 reveniens
595 2766 709 2832 obtulit
725 2768 804 2832 mihi
821 2769 1016 2851 praeclaram
1035 2769 1270 2834 narrationem⁷
1282 2787 1352 2833 cnm
1364 2767 1482 2849 insigni
1497 2766 1627 2830 laudum

319 2867 497 2952 praeconio.
529 2867 609 2932 llam
629 2868 801 2934 traditurus
822 2870 993 2950 magistris,
1015 2872 1069 2952 qui
1091 2870 1199 2934 l'ormis
1221 2870 1318 2935 libros
1334 2869 1502 2948 excudunt,
1522 2867 1628 2950 cupie-

321 2970 390 3050 bat,
418 2977 452 3033 ut
477 2975 614 3053 etopus
641 2976 673 3034 et
698 2970 882 3054 scriptorem
907 2971 1084 3036 lectoribus
1107 2971 1375 3048 commendarem,
1401 2969 1434 3034 id
1461 2969 1546 3051 quod
1567 2988 1627 3050 ego

319 3089 548 3154 supervacuum
577 3090 648 3138 esse
680 3073 803 3153 censui,
834 3090 930 3153 quum
961 3071 1190 3138 absolutissimi
1223 3071 1394 3138 voluminis
1426 3069 1626 3155 pulchritudo

321 3173 402 3238 satis
421 3174 560 3238 emineat
581 3182 614 3238 et
634 3173 926 3258 praestantissimus
946 3180 1036 3238 autor
1055 3193 1115 3238 sua
1132 3174 1194 3239 sibi
1212 3173 1430 3239 lucubratione
1446 3172 1517 3256 plus
1533 3191 1629 3237 verae

319 3272 425 3339 laudis
450 3275 614 3350 meruerit,
643 3294 737 3356 quarn
765 3280 821 3338 aut
841 3276 1024 3358 epistolaris
1044 3294 1193 3340 mensura
1213 3277 1322 3358 capiat
1342 3283 1398 3340 aut
1417 3275 1487 3359 ipse
1508 3275 1628 3358 possim

319 3375 426 3441 verbis
447 3377 605 3459 consequi.
646 3375 697 3439 Ad
719 3381 837 3440 tevero
857 3376 998 3441 libellum
1020 3376 1103 3442 hunc
1124 3377 1223 3457 mitto,
1242 3377 1457 3442 eruditissime
1477 3375 1627 3450 llntiane,

319 3486 355 3542 ut
380 3479 475 3543 amici
503 3496 629 3542 munere
655 3477 807 3560 gaudeas.
857 3477 1048 3544 Placiturum
1079 3478 1137 3544 tibi
1162 3484 1281 3543 certum
1302 3479 1377 3544 scio.
1419 3478 1523 3543 Habet
1544 3477 1628 3541 enim

320 3585 353 3644 te
378 3587 518 3644 nostrum
543 3578 603 3644 hoe
628 3579 788 3643 saeculum
811 3579 898 3645 velut
926 3579 1058 3645 alterum
1085 3579 1317 3661 Maecenatem,
1344 3583 1398 3662 qui
1418 3579 1570 3644 Varronis
1597 3585 1631 3643 et

318 3806 321 3810 ’
385 3803 396 3847 ¹
417 3807 517 3879 Horra,
536 3809 624 3881 Epist.
646 3809 732 3877 11,1.
754 3809 822 3866 138.

383 3883 472 3944 ²Ilia
492 3887 692 3945 Schreihrreise
710 3909 765 3946 von
785 3889 892 3946 sencht
911 3889 999 3946 tadelt
1020 3889 1129 3945 Mutian
1150 3890 1179 3945 in
1198 3889 1243 3944 Br.
1258 3891 1304 3948 66,
1326 3887 1354 3948 S.
1366 3890 1411 3945 93.
1452 3889 1571 3946 Danach
1592 3889 1630 3944 ist

321 3968 367 4024 dia
386 3969 570 4042 Anmerlrung
589 3987 623 4023 zu
640 3972 721 4040 jener
741 3969 827 4026 Stella
847 3989 881 4024 au
900 3970 1070 4028 verbeasern.

381 4044 482 4122 ⁸ng
504 4047 601 4105 Base
623 4048 649 4104 S.
662 4049 699 4103 93
722 4049 836 4107 humb
856 4051 913 4105 und
933 4049 984 4108 Ch.
1001 4049 1135 4106 Schmidt
1156 4050 1228 4105 Hist
1249 4051 1302 4105 litt.
1314 4051 1351 4120 11,
1372 4049 1459 4108 S.'i9.

380 4127 394 4170 ⁴
416 4131 538 4185 llilariua
557 4147 613 4184 von
632 4129 752 4186 Poitiers
772 4131 822 4185 hat
841 4131 924 4186 einen
945 4131 1251 4186 Psalmenlrommentar
1267 4130 1393 4190 uerisset.

381 4205 395 4249 ⁵
416 4211 453 4264 Er
463 4212 499 4266 ist
509 4209 646 4265 identiseh
661 4211 713 4264 mit
723 4212 785 4265 dem
797 4211 897 4266 Ostern
911 4211 986 4265 1488
1009 4212 1036 4264 in
1057 4211 1101 4265 die
1113 4209 1395 4266 Studeutenmahllrel
1411 4210 1629 4282 eingemagenen

320 4289 459 4362 „Thomas
488 4290 579 4345 Wolff
601 4292 636 4344 de
661 4290 877 4362 rrgkwoleaemr‘
928 4289 1113 4362 Gleiehaeitig
1149 4291 1200 4345 mit
1224 4291 1281 4345 ihm
1310 4291 1402 4346 warde
1432 4290 1492 4344 sein
1522 4287 1631 4344 Bruder

321 4372 463 4425 Amandus
484 4366 738 4427 immaculatione.-

378 4447 393 4489 ὅ
414 4450 522 4505 Mation
543 4451 600 4506 und
619 4449 702 4506 Wolf
719 4469 809 4507 waren
831 4469 879 4505 zur
899 4451 994 4505 selben
1015 4449 1076 4504 Zeit
1096 4450 1171 4506 scine
1193 4450 1319 4506 Schiiler.

383 4526 480 4602 ⁷ng
501 4529 547 4587 Br.
560 4530 595 4584 81
619 4531 646 4588 S.
664 4529 717 4584 121
740 4532 823 4587 Anm.
836 4531 862 4586 2.
910 4531 944 4583 ln
969 4530 1015 4584 die
1043 4530 1152 4601 dortige
1176 4531 1273 4586 Liieke
1298 4531 1420 4603 gehiiren
1446 4529 1491 4584 die
1516 4528 1629 4584 Worte:

322 4611 481 4666 Hervordne
501 4609 667 4682 Margaritae
687 4611 863 4684 Iaeoburgius
884 4627 940 4665 non
961 4617 1018 4664 tam
1038 4626 1140 4681 genere
1159 4628 1240 4682 quam
1260 4611 1377 4666 scientia
1396 4609 1523 4681 insignis.
