3625 5192
611 350 698 405 Brieie
716 348 835 404 11111111
856 348 915 403 561.
937 346 996 403 562.
1015 348 1074 425 cce.
1441 347 1492 401 227

187 497 265 568 163.
288 496 333 568 ll.
353 514 399 564 au
421 495 566 564 dohann
588 496 719 580 Lange.
1074 494 1303 566 1111111516.
1333 493 1491 561 111113.

257 622 318 670 blut.
335 622 388 669 lobt
410 622 455 668 das
474 636 522 669 neu
543 622 706 669 erschicnene
726 622 803 668 Werlr
822 622 968 681 Nachtgalls
991 621 1053 668 iiber
1072 620 1114 668 die
1133 619 1215 667 1111111
1235 621 1285 665 und
1303 620 1396 679 lrniiplt
1413 619 1492 665 daran

185 694 390 753 Betraebtungen
409 693 470 739 iiber
490 693 538 739 den
560 694 647 739 Worth
667 694 710 739 des
729 692 855 752 Gesanges
875 692 927 739 und
945 693 1048 739 Tanzes.

267 791 452 857 Reverendo
475 792 571 876 priori
594 791 706 857 loanni
728 790 849 873 Lange,
870 791 955 874 patri
977 797 1092 855 nostro.

266 893 472 977 Epigramma
493 894 525 958 in
544 893 672 957 laudem
692 894 797 977 operis
818 891 964 958 Othmari
984 889 1186 973 Naclrtgall.l

386 1018 494 1098 Parce,
516 1018 603 1091 Ooto,
626 1017 721 1082 liceat
740 1017 845 1100 rigide
865 1023 995 1081 cantare
1014 1022 1152 1098 senecte,

388 1120 581 1184 Socraticam
602 1139 725 1193 revoca,
748 1120 834 1185 Cato
849 1138 969 1199 severe,
989 1118 1101 1201 lyram.

388 1222 460 1285 Non
483 1220 586 1304 pudor
606 1227 653 1286 est
674 1223 774 1286 sacris
795 1222 923 1305 Solymo
942 1228 1091 1285 cantante
1112 1218 1267 1302 propbeta

387 1323 525 1387 Psallere
544 1324 725 1389 dulcisonos
745 1342 822 1389 voce
843 1323 989 1405 eheliqne
1009 1322 1127 1389 modos.

332 1427 366 1504 ir)
387 1426 585 1509 Pythagoras
602 1424 729 1505 fidibus,
750 1426 856 1489 nervis
877 1426 938 1489 scit
958 1432 1069 1489 cantor
1084 1423 1209 1508 Apollo,

391 1528 561 1610 Voealique
582 1527 662 1591 Lino
686 1527 805 1593 chorda
826 1548 951 1593 canora
964 1528 1032 1591 l'nit.

389 1630 559 1713 Tympana
580 1636 654 1694 sunt
674 1630 779 1711 gallis,
798 1637 883 1693 tenet
904 1635 936 1694 et
956 1649 1015 1694 sua
1035 1628 1131 1693 naula
1150 1625 1307 1693 sacerdos.

390 1732 450 1810 Qui
473 1732 547 1797 boat
568 1732 600 1795 in
623 1734 759 1815 templis,
779 1732 905 1797 Christe
927 1731 1029 1811 beate,
1050 1733 1122 1795 tuis.

390 1832 509 1899 Codice
532 1832 673 1915 legitimo
695 1834 806 1899 Ρ111ο2
826 1852 883 1899 111
903 1841 1033 1899 1111111
1053 1831 1203 1898 secundo.

318 1939 367 2012 10)
389 1936 486 2001 lnssit
507 1943 539 2001 et
559 1945 608 2001 est
628 1937 708 2001 tanti
730 1936 780 2003 lex
801 1935 985 2001 veneranda
1006 1935 1102 1999 senis.

387 2038 537 2104 Preterea
558 2045 669 2104 sancta
691 2046 739 2103 est
759 2038 926 2123 cytharam
947 2036 1073 2121 pulsare
1091 2036 1249 2120 voluptas,

390 2140 458 2206 Nec
480 2140 642 2205 minimum
663 2139 762 2205 flandi
784 2159 902 2205 cornua
922 2139 1007 2205 flexa
1027 2139 1134 2203 decus.

390 2243 454 2308 Sed
476 2250 582 2307 tamen
604 2242 731 2308 excellit
752 2243 839 2308 vocis
861 2261 958 2307 canor
976 2262 1099 2326 organa
1119 2243 1246 2325 dextre,

391 2346 451 2410 llla
471 2365 564 2410 sonos
586 2351 717 2425 tantum,
741 2366 802 2411 von
821 2350 890 2409 rata
910 2344 1009 2410 verba
1029 2351 1125 2411 creat.

319 2450 370 2524 15)
392 2446 505 2513 Gratia
525 2447 709 2529 Nocticano,
731 2448 821 2513 cuius
842 2447 1003 2531 sapientia
1022 2449 1118 2513 mutis

391 2550 543 2615 Clavibus
563 2549 617 2615 hic
637 2556 755 2616 reserat
775 2550 897 2615 musica
918 2556 1002 2615 teuta
1022 2548 1127 2614 choris

392 2652 489 2733 Inque
506 2652 576 2736 pios
596 2652 735 2716 humana
757 2650 887 2717 trahens
909 2650 1077 2735 precordia
1094 2659 1206 2716 cantus

393 2754 596 2819 Multisonnm
618 2753 757 2819 breviter
777 2762 927 2837 personat
947 2773 1002 2819 ore
1022 2753 1130 2819 melos,

393 2856 461 2920 Nec
482 2856 561 2921 satis
581 2855 712 2921 alternis
733 2859 871 2939 psalmos
892 2855 1034 2936 recitare,
1056 2854 1191 2919 furorem

315 2957 369 3043 20)
391 2958 538 3023 Carmine
559 2957 702 3022 divinum
722 2977 784 3022 non
804 2958 874 3022 sine
895 2956 990 3023 lande
1010 2958 1081 3023 ciet.

392 3059 666 3144 Extemporaliter.

273 3183 403 3249 Catonis
438 3185 633 3249 severissimi
662 3184 756 3250 nimis
783 3203 930 3267 asperam
959 3185 1149 3249 sententiam
1179 3183 1220 3248 de
1243 3182 1356 3267 puellis
1390 3181 1498 3247 ludum

192 3288 344 3350 musicum
358 3286 456 3351 reteri
477 3306 562 3351 more
583 3286 867 3369 frequentantibus,
890 3306 949 3369 qne
961 3286 1046 3369 apud
1062 3285 1278 3350 Mruerobinm3
1297 3284 1420 3367 legitur,
1441 3303 1499 3347 nos

192 3387 313 3452 urbane
334 3386 419 3452 dicto
439 3387 619 3453 refellimus.
650 3388 711 3453 Per
731 3395 772 3469 te,
795 3388 884 3470 Cato,
906 3387 1003 3452 liceat
1021 3388 1151 3469 senibus
1166 3394 1295 3452 cantare
1308 3393 1340 3450 et
1354 3386 1500 3470 psallere,

192 3487 301 3572 quiid
323 3490 460 3555 muneris
483 3510 523 3554 ne
546 3492 652 3575 pueris
672 3490 800 3572 quidem
821 3497 853 3556 et
873 3491 989 3575 puellis
1011 3490 1209 3573 permiseras.
1251 3489 1420 3553 Succurrat
1439 3487 1499 3551 tibi
1602 3499 1604 3502 ·

192 3590 386 3657 Socraticum
404 3590 591 3675 exemplum.
633 3593 779 3658 Socrates
799 3592 883 3657 enim
904 3592 968 3656 iarn
989 3610 1087 3657 senex
1108 3592 1230 3655 institui
1252 3589 1322 3674 lyra
1350 3609 1411 3653 non
1431 3608 1498 3653 eru·

193 3690 351 3759 bescehat.
403 3694 508 3759 Duces
533 3693 607 3759 olinr
635 3695 789 3760 maximos
815 3700 847 3758 et
872 3692 990 3758 lidibus
1012 3699 1044 3758 et
1064 3693 1153 3757 tibiis
1174 3692 1328 3759 cecinisse
1349 3690 1500 3757 traditum

257 3933 269 3975 ¹
301 3936 427 3994 Otiornar
458 3935 608 4011 Nachtgnll
642 3935 825 4012 (Luscinius),
860 3938 937 3992 1487
965 3957 1000 3993 zu
1023 3938 1184 4010 Strasshnrg
1209 3937 1342 4010 gebeton,
1365 3956 1421 3993 war
1451 3938 1500 3991 da-

195 4018 263 4072 mals
286 4020 328 4073 als
348 4018 581 4075 burnaoistischer
599 4020 705 4075 Lehrer
727 4020 754 4074 in
777 4020 868 4075 seiner
887 4020 1049 4075 Vaterstadt
1067 4020 1166 4090 thiitig.
1211 4019 1250 4072 Er
1276 4017 1419 4073 zeichnete
1440 4018 1499 4071 sich

193 4098 234 4152 als
266 4098 380 4154 Kenner
406 4100 455 4155 des
486 4098 686 4155 Griecbischen
719 4118 768 4155 aus
797 4102 853 4153 und
886 4101 936 4154 hut
966 4100 1028 4154 eine
1050 4118 1145 4171 grosse
1176 4097 1284 4153 Anzahl
1313 4098 1501 4169 griechischer

195 4174 336 4233 Schriften
358 4178 451 4235 ediert.
495 4180 559 4251 vgl.
583 4180 653 4235 iiber
672 4181 721 4234 ilrn
743 4178 792 4237 Ch.
818 4178 953 4249 Schmidt,
973 4180 1098 4235 Histoire
1119 4180 1253 4235 litteraire
1272 4180 1307 4233 de
1330 4178 1447 4232 l'Alsaee
1463 4177 1498 4234 ΙΙ.

193 4276 222 4329 p.
242 4258 409 4313 174-208
432 4261 488 4314 und
510 4279 535 4331 p.
553 4260 734 4317 cra-418.
783 4261 840 4315 Das
866 4261 928 4314 hier
947 4259 977 4314 in
1001 4260 1079 4314 Rede
1104 4261 1237 4315 stehende
1257 4258 1346 4314 Werlr
1373 4257 1499 4313 erachien

195 4337 273 4392 leto
298 4340 326 4393 in
354 4338 515 4411 Strassburg
543 4341 589 4396 bei
616 4340 726 4395 lobann
749 4340 919 4395 Knohlauch
943 4342 1000 4395 und
1025 4340 1104 4394 frihrt
1128 4341 1182 4395 den
1203 4340 1290 4394 Titel:
1316 4338 1438 4393 Musicae
1459 4339 1500 4391 in·

194 4419 358 4481 stitutiones
373 4418 499 4475 Othmari
522 4420 671 4492 Nachtgall
692 4420 849 4493 Argentini,
869 4438 887 4475 a
908 4420 1021 4474 nemine
1044 4438 1167 4490 unquam
1188 4420 1264 4490 prius
1284 4419 1343 4491 puri
1364 4418 1500 4473 facilitate

194 4504 325 4567 tentatae,
336 4500 475 4569 studiosis,
486 4501 533 4571 qui
545 4490 668 4577 ἄμουσοι
679 4518 737 4556 esse
748 4500 845 4569 nolint,
857 4518 913 4555 non
924 4501 1100 4555 mediocriter
1108 4500 1305 4555 conducibiles.
1330 4499 1365 4552 10
1375 4499 1418 4557 Bi
1432 4495 1480 4553 4⁰.

257 4574 271 4617 ²
291 4578 336 4635 De
357 4579 467 4652 legibus
479 4581 507 4634 lI
528 4599 554 4651 p.
570 4581 628 4635 654
644 4582 716 4636 uach
735 4580 855 4637 Belrlrer.
968 4575 983 4619 ³
1003 4580 1111 4638 Satiren
1121 4580 1174 4653 111,
1194 4579 1239 4635 14.

1249 4676 1302 4730 15*
