3625 5192
245 407 246 412 ,
312 357 363 410 2114
682 354 941 424 Geschiobtaquelleu
960 357 1009 411 der
1027 355 1100 411 Prov.
1119 355 1245 411 Suehsen.

310 494 484 574 consilium,
506 503 589 586 quod
611 503 672 568 fide
684 510 716 568 et
728 503 898 587 prudentia
908 503 1028 569 nititur.
1068 504 1471 588 Audivistiprecursoriam
1492 503 1617 569 fallacis

309 621 394 672 secte
414 607 635 698 tentacionem,
678 607 874 670 Subomatus
896 608 980 672 enim
1003 607 1204 673 hauddubie
1223 607 1283 672 luit
1303 627 1324 670 a
1345 606 1438 672 malis
1457 607 1617 689 malignus

309 710 455 795 spiritus,
488 709 540 792 qui
563 709 595 773 in
616 717 727 773 saneto
748 693 842 774 corde
864 715 917 774 tuo
939 710 1081 774 avaricie
1102 699 1242 774 fomitem
1269 711 1424 774 excitaret
1448 708 1617 791 probitatis
1657 746 1660 751 ·

309 820 340 877 et
366 812 483 876 amoris
509 831 586 894 erga
613 829 663 874 me
685 810 743 892 tui
760 811 901 876 extincto
933 811 1060 878 lumine.
1106 811 1179 876 Pati
1205 811 1364 892 siquidem
1397 831 1459 874 non
1486 818 1618 892 possunt

309 913 441 982 homulli
452 913 657 997 perditissimi
669 911 846 977 consentire
868 913 899 977 in
923 912 1038 977 studiis
1059 912 1200 978 honestis
1221 915 1376 987 literatos,
1398 912 1617 978 innocenciam

307 1016 485 1098 quiescere,
522 1015 621 1080 vitam
653 1015 808 1079 sinceram
837 1017 907 1079 sine
933 1015 1071 1096 querelis
1105 1017 1166 1081 frui
1193 1023 1277 1081 statu
1306 1035 1363 1081 suo
1398 1022 1430 1080 et
1456 1014 1567 1080 sedato
1586 1021 1619 1078 et

307 1117 491 1200 tranquillo,
519 1137 615 1199 quam
636 1115 735 1180 animi
756 1116 951 1200 voluptatem
972 1118 1060 1182 nulla
1082 1120 1231 1203 voluptas
1253 1117 1387 1184 excedit.
1430 1117 1512 1181 Nam

550 1241 652 1324 Felix,
674 1241 727 1322 qui
751 1240 866 1304 meruit
886 1239 1089 1323 tranquillam
1112 1242 1227 1308 ducere
1246 1243 1346 1308 uitam

508 1344 548 1409 Et
569 1344 634 1408 leto
655 1343 787 1408 stabiles
807 1341 956 1408 claudere
980 1342 1041 1408 fine
1061 1342 1139 1409 dies.

509 1447 600 1533 Felix
623 1445 676 1528 qui
700 1446 801 1529 potuit
822 1463 925 1510 rerum
947 1464 1139 1527 cognoscere
1160 1465 1274 1512 causas

503 1551 607 1630 Atque
629 1555 730 1612 metus
750 1566 859 1613 omnes
881 1552 913 1610 et
934 1546 1131 1612 inexorabile
1153 1547 1253 1611 l'aturn

509 1649 652 1716 subiecit
674 1649 810 1734 pedibus
831 1649 999 1731 strepitum
1021 1645 1137 1730 atque⁸
1157 1649 1345 1714 Acherontis
1369 1651 1459 1714 avari
1470 1654 1489 1716 ¹.

238 1790 245 1802 ·
308 1737 420 1860 Neque
449 1776 532 1842 enirn
562 1774 706 1848 facultati
734 1770 916 1838 addendum
943 1779 1005 1853 est,
1032 1772 1089 1837 sed
1116 1772 1286 1856 cupiditati
1310 1771 1554 1855 detrabendum,
1586 1743 1619 1839 ut

309 1879 390 1946 bene
416 1879 571 1960 beateque
599 1877 753 1940 vivamus.
806 1875 943 1940 Proinde
972 1882 1119 1957 precatur
1146 1875 1317 1941 Horatiusl
1347 1896 1453 1942 amore
1481 1886 1617 1944 contem·

309 1981 476 2063 platiouis:
509 1981 584 2060 „Sit
608 1977 701 2056 mihi,
727 1975 809 2059 quod
836 1995 920 2041 nune
946 1983 1007 2058 est,
1033 1976 1136 2040 eciam
1165 1978 1283 2058 minus,
1314 1990 1349 2043 nt
1377 1979 1454 2044 mibi
1476 1981 1618 2047 vivam“.

309 2083 408 2149 Vetus
438 2089 486 2147 est
517 2080 717 2165 proverbium
749 2078 963 2144 crescentibus
994 2078 1119 2143 divitiis
1152 2078 1239 2143 vicia
1275 2099 1424 2147 crescere.
1481 2081 1522 2146 Et
1556 2083 1618 2148 Gu-

310 2185 450 2252 alterus³
477 2183 525 2249 de
550 2183 651 2266 gestis
680 2180 854 2246 Alexandri
888 2170 1012 2263 magni:
1045 2181 1200 2262 „Auferre
1234 2182 1370 2264 pecunia
1397 2203 1517 2264 mores,
1555 2205 1619 2249 non

311 2288 424 2353 afferre
454 2286 565 2352 solet“.
610 2283 670 2362 Qui
703 2303 779 2364 ergo
806 2289 836 2348 te
865 2282 907 2345 ad
936 2283 1118 2348 Convelleis
1140 2283 1340 2367 Georgianas
1368 2305 1408 2350 ex
1432 2286 1619 2372 philosopho

311 2391 456 2470 Cresum,
490 2408 530 2453 ex
561 2385 704 2452 modesto
733 2385 937 2462 insolentem,
969 2403 1009 2448 ex
1040 2392 1225 2470 monotropo
1255 2386 1486 2453 Romanensem
1514 2389 1620 2454 facere

311 2493 421 2572 uoluit,
445 2489 585 2575 prolecto
606 2489 731 2572 legatus
752 2493 821 2552 erat
841 2485 1064 2586 cacodemonis
1085 2485 1168 2551 filius
1186 2488 1396 2570 tenebrarum,
1415 2490 1504 2554 lerna
1525 2493 1620 2556 malo

312 2615 393 2670 rum,
427 2593 536 2658 livoris
557 2591 726 2655 alumnum.
768 2587 878 2668 Livor,
907 2588 992 2652 iners
1017 2589 1150 2669 vicium,
1177 2609 1281 2656 mores
1300 2611 1362 2656 non
1385 2593 1451 2656 exit
1479 2593 1620 2660 inultos

314 2703 409 2779 utque
437 2696 539 2766 latens
565 2694 628 2757 ima
651 2692 762 2776 vipera
790 2691 890 2774 serpit
918 2689 1044 2781 bomo.⁴
1092 2691 1181 2755 Hanc
1208 2700 1448 2776 proserpentem
1476 2694 1620 2777 bestiam,

314 2800 372 2865 boc
392 2785 644 2876 tetrumscelus,
672 2795 753 2859 banc
779 2793 1001 2876 prestigiosam
1028 2793 1277 2859 admonitionem
1297 2801 1332 2860 et
1349 2795 1438 2860 fucos
1458 2803 1491 2861 et
1510 2797 1621 2863 inania

313 2901 411 2966 verba
432 2873 606 2973 codtemne.
649 2897 803 2961 Feruntur
818 2889 874 2960 alii
888 2896 1100 2961 multitudinis
1112 2895 1240 2969 iudicio,
1263 2917 1386 2980 queque
1403 2899 1514 2965 maiori
1536 2902 1621 2985 parti

315 3003 526 3090 pulcherrima
547 2998 725 3080 videantur,
747 3018 787 3062 ea
809 2997 946 3079 maxime
967 3005 1125 3082 exoptent.
1168 2998 1339 3079 Nunquam
1363 3000 1449 3064 enirn
1470 3001 1516 3064 ita
1541 3003 1620 3067 bene

313 3114 417 3172 actum
439 3113 488 3170 est
508 3122 578 3168 curn
599 3103 692 3166 rebus
713 3100 872 3173 humanis,
903 3107 936 3164 ut
958 3119 1019 3164 non
1043 3101 1152 3185 peiora
1173 3102 1337 3165 vincerent
1357 3121 1459 3184 eaque
1480 3105 1622 3186 pluribus

315 3209 485 3292 placerent.
527 3204 588 3281 Qui
611 3202 721 3286 paucis
741 3208 906 3266 contentus
920 3208 1004 3266 totus
1014 3209 1158 3266 versatur
1172 3203 1205 3266 in
1217 3221 1319 3267 rerum
1341 3206 1622 3290 contemplacione,

314 3310 367 3374 hic
387 3315 450 3390 est,
472 3326 564 3389 qoem
586 3305 671 3383 volo,
692 3323 784 3384 quem
806 3323 886 3366 auro.
929 3302 1007 3366 Earn
1029 3322 1177 3385 geramus
1197 3323 1380 3388 personam,
1405 3313 1440 3370 ut
1460 3309 1621 3390 appetitus

314 3411 429 3476 rationi
452 3415 563 3492 pareat
573 3409 736 3488 fugiatque
748 3406 880 3488 pecupie
895 3403 1113 3488 cupiditatem,
1133 3425 1196 3486 qua
1217 3407 1272 3489 qui
1293 3396 1516 3491 inflammatur,
1538 3410 1621 3474 bunc

313 3533 373 3596 ego
393 3531 454 3574 nou
477 3510 605 3574 stultum
625 3507 717 3572 modo
733 3515 764 3570 et
776 3507 970 3591 improbum,
991 3508 1049 3572 sed
1064 3506 1242 3572 dementem
1264 3516 1295 3574 et
1314 3529 1433 3593 morum
1455 3519 1488 3576 et
1507 3513 1621 3594 quavis

313 3615 439 3680 sentina
467 3613 606 3694 latioque
633 3607 938 3676 sordidiorem.esse
965 3608 1078 3673 iudico.
1125 3609 1200 3673 Plus
1225 3611 1310 3675 enim
1341 3612 1428 3694 apud
1455 3634 1506 3678 me
1526 3616 1621 3680 ualet

312 3715 394 3782 ratio
422 3733 516 3798 quam
542 3712 630 3794 vulgi
656 3710 775 3795 opinio.
818 3709 961 3775 Perdidit
987 3710 1042 3775 ille
1077 3711 1183 3776 nescio
1214 3711 1291 3793 quid
1322 3713 1542 3798 supellectilis,
1577 3737 1618 3782 au

312 3817 385 3884 ideo
410 3815 529 3893 miser?
570 3814 641 3878 Non
664 3813 767 3879 credo.
812 3813 901 3886 Bias,
929 3813 978 3877 vir
1004 3812 1150 3896 sapiens,
1176 3820 1272 3896 capta
1292 3815 1399 3898 patria
1426 3837 1496 3880 cum
1523 3819 1619 3884 ceteri

311 3918 410 3986 multa
429 3917 469 3984 de
490 3917 556 3982 suis
577 3917 671 3983 rebus
690 3935 797 3982 seeum
817 3921 1033 4000 asportarent,
1059 3914 1240 3980 admonitus
1260 3935 1281 3979 a
1303 3916 1454 4000 quodam,
1480 3925 1515 3985 ut
1536 3920 1620 3986 idem

381 4057 392 4086 ¹
409 4064 436 4110 F
448 4069 473 4110 st
493 4063 633 4123 strepitum.

318 4188 519 4200 —-—--—

371 4277 383 4318 ¹
402 4277 507 4349 Vergil,
529 4276 630 4349 Georg.
646 4277 683 4346 11,
699 4275 876 4332 490-492

370 4352 384 4397 ²
406 4357 530 4430 Episteln
549 4357 571 4427 Ι,
586 4357 632 4414 18.
651 4355 714 4412 107.

369 4433 384 4478 ³
405 4438 469 4510 vgr.
490 4437 536 4512 Br,
552 4437 607 4490 211
631 4439 659 4492 S.
674 4437 729 4491 287
754 4435 837 4490 Anm.
852 4437 877 4490 l.

365 4514 380 4558 4
402 4517 481 4590 Ovid,
502 4519 543 4572 1¹21
565 4517 656 4573 Ponto
670 4518 713 4573 ΙΙΙ
729 4517 757 4583 3,
774 4517 827 4570 101
849 4517 952 4575 -102

367 4593 382 4639 ⁵
403 4599 466 4674 vgr.
487 4596 546 4654 cio.
569 4597 668 4658 Parad.
683 4597 706 4670 1,
722 4600 745 4652 l.
758 4597 786 4658 8.
