3625 5192
595 430 602 453 Ι
670 373 758 430 Brieie
776 377 895 431 Mutians
914 379 973 432 625.
1424 379 1476 434 309

250 525 366 588 Datum
388 526 441 590 die
462 526 548 590 lovis
570 531 641 608 post
662 525 966 606 erasimodogeniti.
995 527 1088 589 Anno
1110 525 1273 590 MDXXV.

249 626 560 709 Obsequentissimus
586 627 686 691 eliens
713 628 958 708 augustissimae
985 634 1057 691 tuae
1079 627 1255 692 maiestatis
1276 628 1476 696 Cunradus

168 727 374 793 blutianus.

238 852 418 899 Handscbrit'tl.
439 851 499 898 Cod.
518 853 562 898 lat.
581 850 647 898 Mori,
668 849 736 898 2106
760 867 783 910 p,
799 850 943 898 lea—145.
981 851 1055 898 Gedr.
1074 851 1114 898 Ta.
1126 852 1179 898 Rol.
1195 867 1232 912 ep.
1244 816 1305 900 Met.
1325 855 1348 902 S.
1361 853 1474 904 75-79.

581 1055 683 1114 Beilage
704 1058 725 1104 l.
754 1055 820 1116 (ng
838 1055 937 1103 dnm-⁹>
957 1051 982 1110 S.
994 1055 1062 1112 306.)

976 1177 1108 1242 Eriurt
1130 1183 1216 1247 1525.
1242 1181 1332 1263 April
1346 1184 1395 1247 29.

249 1303 471 1368 Eruditissimo
492 1310 524 1367 et
545 1300 806 1366 christianissimo
828 1301 896 1366 viro
918 1301 1044 1365 domino
1066 1302 1477 1387 GeorgioSpaiatino,

167 1407 272 1471 ducali
294 1406 473 1486 secretario,
494 1423 550 1468 suo
572 1405 673 1468 amico
696 1409 851 1488 perpetua
871 1405 991 1487 pietate
1012 1404 1153 1472 colendo.

248 1509 277 1574 S.
311 1508 388 1572 Cum
410 1514 494 1571 esset
515 1505 648 1584 oblatus,
670 1505 755 1571 nulio
776 1525 851 1570 vero
873 1506 965 1570 modo
985 1508 1147 1588 quaesitus
1167 1509 1209 1572 ad
1232 1515 1263 1572 te
1283 1508 1477 1591 proiecturus

167 1610 362 1688 tabellarius,
382 1608 557 1692 spalatine,
579 1607 779 1672 scribendum
802 1608 853 1670 vel
874 1607 933 1672 hoo
956 1608 1063 1690 putavi
1087 1609 1166 1673 nihil
1187 1627 1257 1674 esse
1278 1629 1360 1674 nuno
1379 1611 1477 1690 aliud,

167 1713 250 1796 qrrod
273 1712 458 1791 scriberem,
487 1709 812 1792 praeterquamquod
839 1729 859 1772 a
883 1719 914 1774 to
941 1730 997 1792 pro
1019 1712 1118 1774 veteri
1145 1719 1250 1776 nostra
1273 1725 1304 1778 et
1325 1722 1478 1796 perpetua

167 1815 310 1880 amicitia
335 1821 491 1896 petorem,
518 1820 623 1876 nostro
652 1812 731 1876 Ruib
759 1812 808 1875 bis
834 1811 1028 1893 temporibus
1047 1820 1110 1876 tam
1133 1812 1237 1894 iustis,
1266 1821 1330 1876 tarn
1352 1817 1478 1895 magnis

166 1919 207 1980 do
227 1918 332 1981 causis
353 1915 473 1996 petenti
496 1935 557 1978 non
583 1914 718 1978 deesses.
762 1913 853 1992 Quod
875 1922 906 1977 te
927 1914 1022 1978 etiam
1045 1922 1140 1994 atque
1161 1917 1272 1994 etiam,
1301 1916 1342 1979 mi
1366 1919 1476 1999 Spala-

167 2020 242 2099 tinc,
263 2039 319 2101 per
341 2017 435 2080 tidem
450 2016 610 2081 amicitiae
623 2023 749 2078 mutuae
761 2037 844 2096 rogo.
878 2015 1059 2080 Meminen's
1078 2035 1139 2079 non
1157 2024 1221 2081 tam
1238 2034 1362 2096 causae,
1383 2037 1476 2098 quarn

167 2129 289 2184 tuorum
317 2125 424 2183 sectae
448 2119 556 2182 omnia
576 2137 659 2180 nune
680 2118 852 2197 turbantis,
873 2137 968 2198 quam
990 2137 1067 2198 erga
1089 2128 1120 2181 te
1140 2124 1173 2182 et
1197 2118 1265 2181 Ruti
1287 2124 1318 2182 et
1338 2119 1477 2183 omnium

165 2232 306 2286 nostrum
327 2220 399 2283 fidei
422 2229 463 2297 et,
485 2220 513 2284 si
535 2219 612 2300 quid
634 2238 748 2300 queas,
778 2238 860 2282 necne
886 2218 1038 2284 ostendas
1057 2219 1193 2282 amioum
1215 2238 1284 2284 esse
1307 2228 1338 2284 te
1360 2239 1477 2298 verum,

168 2326 228 2388 boc
248 2332 310 2401 est,
337 2323 557 2406 spaletinam,
585 2322 654 2403 qui,
682 2320 766 2401 qurod
785 2321 895 2394 sentit,
921 2320 1027 2384 dicere
1048 2329 1096 2399 et,
1127 2321 1210 2402 quod
1228 2320 1353 2398 dicere,
1381 2323 1476 2386 etiam

167 2426 286 2490 strideat
313 2426 426 2489 iacere.
468 2423 576 2503 Ande,
597 2423 781 2505 spalatina,
802 2421 977 2486 Matianum
1000 2441 1142 2501 seruare,
1165 2441 1300 2503 namque
1323 2430 1428 2506 potes,
1447 2432 1478 2488 et

167 2529 243 2610 spuria
266 2537 372 2608 potes,
395 2526 501 2590 dcbes.
536 2525 592 2589 'Tu
615 2525 772 2605 cogitabis
794 2525 925 2596 rectius,
954 2523 1029 2606 quid
1052 2524 1096 2586 tui
1119 2525 1160 2586 sit
1180 2523 1409 2609 uitiorumque
1430 2545 1477 2606 ca,

167 2629 282 2709 seium,
309 2648 390 2710 (luae
412 2648 495 2692 nunc
516 2627 607 2706 iiunt,
629 2623 684 2690 sed
707 2631 802 2690 etiam
825 2646 878 2705 ca,
902 2644 963 2708 que
981 2624 1047 2689 tieri
1069 2632 1199 2709 possunt
1220 2632 1251 2690 et
1270 2647 1351 2708 quac
1374 2631 1478 2692 tuturo

166 2739 249 2809 sunt,
270 2731 435 2813 cogitabis.
468 2730 556 2804 Quod
578 2730 604 2792 si
628 2729 735 2797 t'acies,
757 2749 818 2792 nou
844 2728 965 2806 dubito,
986 2728 1061 2809 quin
1083 2728 1124 2792 ab
1146 2728 1414 2810 oiiicionusquarn
1433 2731 1477 2796 sis
1505 2741 1512 2758 ·

168 2833 355 2898 deflexurus.
397 2833 448 2896 nte
470 2833 623 2898 monitore
641 2851 702 2894 non
725 2850 810 2912 eges.
853 2831 965 2912 Neque
986 2851 1024 2893 ea
1046 2837 1093 2894 est
1115 2831 1146 2894 in
1168 2849 1218 2896 me
1240 2831 1422 2912 prudentia,
1445 2840 1478 2895 ut

168 2936 325 3000 confidere
358 2934 491 2998 debeam
527 2953 619 3016 posse
653 2941 683 2996 te
714 2931 836 3012 aliquid
869 2935 947 2996 meis
984 2932 1112 2995 monitis
1138 2933 1306 3015 proficere.
1369 2933 1477 3014 itaque

169 3037 284 3120 scripsi
306 3047 450 3120 nanctus,
472 3043 506 3100 ut
526 3036 604 3115 dixi,
626 3034 823 3099 occasionem
844 3034 935 3114 quasi
958 3053 997 3098 ex
1018 3033 1190 3116 insperato,
1212 3054 1280 3098 oum
1295 3035 1414 3100 Drusus
1435 3033 1475 3098 ad

169 3146 200 3203 tc
223 3140 292 3205 iret.
341 3139 398 3203 Cui
421 3141 447 3202 si
472 3139 550 3202 bene
571 3136 769 3220 responderis
794 3147 842 3210 tn,
865 3135 946 3200 salvi
969 3155 1092 3206 sumus,
1116 3135 1169 3216 qui
1193 3135 1254 3200 nisi
1277 3138 1365 3202 salvo
1386 3136 1477 3200 Muti-

169 3260 231 3304 ano
259 3241 392 3323 periisse
419 3258 502 3322 pene
528 3239 691 3302 malumus.
743 3238 790 3301 Do
811 3257 861 3300 me
882 3238 1037 3320 rebusque
1059 3239 1138 3302 meis
1160 3238 1241 3302 alias
1262 3245 1292 3300 te
1313 3239 1475 3302 certiorem
1546 3291 1549 3296 .

170 3342 293 3406 taciani.
336 3341 565 3406 Gravissimum
588 3349 651 3420 est,
681 3340 765 3422 quod
786 3341 816 3402 in
839 3339 984 3404 omnibus
1006 3339 1068 3404 tuis
1089 3339 1130 3402 ad
1151 3348 1292 3404 nostrum
1315 3339 1476 3404 Urbanum

168 3444 270 3508 iitcris
290 3443 422 3507 salutern
445 3442 522 3506 mibi
543 3442 706 3506 adscribis.
748 3441 815 3506 Nos
836 3441 888 3505 bio
908 3441 1087 3523 l‘biiippum
1110 3461 1210 3524 nuper
1230 3441 1476 3524 expectavimus.

169 3545 251 3622 Quid
275 3544 436 3625 fci'eiierit,
457 3545 564 3608 nescio
618 3544 723 3608 idiiiia
743 3554 851 3608 nostra
874 3545 961 3608 brevi
984 3543 1128 3624 videbis,
1153 3543 1214 3608 nisi
1235 3546 1323 3609 iortor
1342 3561 1476 3608 commu-

168 3650 219 3712 nis
240 3636 401 3712 literarum
423 3645 589 3709 calamitas
610 3655 642 3709 et
660 3645 716 3708 iiia
734 3646 912 3708 absorbeat.
955 3645 1041 3708 Beue
1064 3645 1145 3709 vale.

251 3748 450 3831 Erpburdiae
472 3747 518 3810 lii
542 3747 703 3810 Kalendas
722 3748 826 3810 Maias
848 3747 1013 3812 leXXV.

914 3848 1015 3914 Tuus
1036 3849 1220 3913 Eobanus
1243 3849 1394 3916 Hessos.

239 3975 379 4032 Autopmpb
399 3974 442 4018 der
457 3973 555 4018 Boreios·
578 3973 859 4018 {isirasirarsbr'bb'orbsk
878 3973 924 4018 sub
943 3973 1036 4018 (4131
1058 3975 1098 4020 iol.
1119 3972 1175 4018 100.
1213 3973 1257 4018 Die
1276 3972 1398 4032 Absobrt'fl
1424 3988 1474 4018 ver-

168 4045 247 4090 drmke
269 4046 305 4089 irb
326 4044 369 4088 der·
389 4044 584 4089 iiarrrrdlc'cbkcst
602 4044 644 4088 ‹Iss
661 4044 741 4089 iletre
760 4045 885 4102 liores-sor
907 4045 1023 4089 discebas
1042 4045 1067 4089 irs
1087 4043 1220 4102 Elbcrssld.

467 4140 493 4187 Χ

572 4253 674 4310 Boilago
693 4253 716 4299 2.
742 4251 826 4298 (Siohe
844 4253 917 4298 darm.
933 4252 948 4297 3
966 4253 989 4298 S.
1006 4248 1076 4307 306.)

986 4369 1118 4432 Eri'nrt
1142 4369 1225 4432 1526.
1259 4365 1345 4429 Mirm
1368 4370 1394 4430 6.

250 4497 386 4578 Egregie
407 4496 593 4560 eruditionis
615 4502 646 4557 ct
667 4493 836 4575 probitatis
856 4494 925 4556 viro
948 4493 1086 4575 Georgio
1107 4491 1282 4575 spalatino,
1306 4490 1394 4555 fratri
1417 4510 1473 4554 suo

168 4599 394 4663 amantissimo.
