3625 5192
611 361 701 419 Briefe
718 361 838 418 Matiana
855 362 915 418 215.
934 361 995 416 216.
1015 361 1075 422 217.
1441 361 1494 416 293

268 513 300 578 S.
344 512 469 596 lnspcxi
492 511 585 578 fidam
607 512 892 594 dexteritatemque
914 518 1003 582 tuam
1027 511 1061 575 in
1082 511 1177 577 Croto
1197 511 1249 576 vel
1273 509 1416 575 ornando
1442 509 1493 573 vel

187 615 307 680 occulte
321 614 528 678 'admonendo
549 623 581 680 et
601 634 695 696 quam
718 613 774 694 alii
796 613 1045 679 dominantiores
1065 611 1243 695 magnificis
1265 612 1371 678 verbis
1390 619 1494 676 osten·

188 725 256 782 tant
277 735 373 800 opere
394 715 584 796 deserentes,
606 735 675 780 eam
698 715 836 797 benigne
857 725 991 799 prestas.
1033 716 1144 796 ltaque
1165 716 1228 780 tais
1248 715 1348 780 literis
1369 715 1494 778 animo·

166 817 345 884 'recreatus
366 819 530 884 confestim
551 818 684 901 exposui
706 817 961 897 amicoSideroo,
985 816 1068 899 quod
1091 837 1141 882 me
1158 816 1320 880 docueras.
1361 819 1404 880 At
1424 836 1494 880 cunr
1569 849 1574 864 ι

188 921 219 984 iu
242 941 279 986 eo
301 923 357 1001 sir,
379 931 412 984 ut
434 940 507 1004 spes
526 925 634 984 nostra
655 919 741 984 velut
762 918 793 982 in
817 918 999 984 barathrum
1022 918 1213 1003 precipitata
1234 919 1352 998 iaceat,
1379 920 1495 982 frustra

186 1031 315 1104 uterque
342 1031 481 1088 nostrum
508 1022 611 1086 oleum
639 1021 815 1105 insumpsit.
865 1021 1036 1106 Apuleium
1069 1041 1131 1086 noa
1164 1021 1233 1086 siue
1265 1041 1363 1086 causa
1395 1023 1495 1086 scrius

187 1125 344 1189 remittere
371 1125 449 1188 volo.
501 1123 643 1188 Habebis
673 1131 777 1188 taurum
806 1118 1074 1208 intra'spacium·
1098 1133 1297 1188 menstruum.
1348 1123 1431 1187 Nam
1462 1131 1494 1188 et

186 1227 422 1310 occuparemus,
446 1226 622 1306 nedicam,
642 1223 754 1289 fluctus
775 1233 807 1288 et
827 1225 1085 1309 perturbaciones
1106 1245 1251 1290 cararum
1264 1225 1495 1309 multiplicium,

187 1330 352 1394 lectionem
373 1328 536 1394 retardant
558 1337 590 1393 et
611 1347 694 1392 nunc
722 1347 832 1392 rorans
853 1327 1017 1392 vindemia
1037 1330 1138 1409 cogit,
1167 1337 1200 1418 ut
1227 1327 1379 1393 differam.
1429 1327 1494 1392 Adi

185 1431 374 1514 bibliopolas
395 1429 613 1494 Eliordienses
635 1429 760 1494 visendi
781 1429 886 1494 studio
912 1438 944 1494 et
969 1436 1063 1511 gusta
1085 1430 1269 1512 titalotenus
1294 1430 1410 1494 omnia.
1459 1430 1493 1495 Si

184 1534 258 1616 quid
283 1532 326 1598 ad
352 1533 547 1597 stomachum
573 1533 650 1596 t'acit
676 1531 790 1614 eruditi
818 1531 961 1611 lectoris,
992 1552 1053 1596 non
1076 1532 1182 1596 statim
1210 1551 1314 1610 sume,
1340 1533 1397 1596 sed
1425 1532 1494 1598 dic:
1585 1565 1588 1572 ·

184 1637 210 1702 0
233 1637 337 1710 l'rater,
360 1635 478 1714 indica,
500 1634 550 1699 l'ac
572 1635 721 1718 precium.
764 1635 832 1716 Ego
849 1654 924 1700 vero
946 1635 986 1699 de
999 1636 1104 1717 precio
1118 1637 1221 1699 iactus
1231 1635 1345 1699 certior
1361 1635 1494 1714 mittam,

183 1757 246 1820 qua
267 1737 423 1817 redimas,
445 1737 622 1819 pecuniam.
667 1735 745 1802 Vale
770 1736 846 1802 l'elix
868 1743 899 1801 et
919 1756 989 1800 cum
1010 1737 1169 1801 illiteratis
1188 1737 1302 1811 literis,
1325 1738 1440 1820 quihus
1460 1757 1495 1803 es
1574 1821 1581 1832 ι

183 1841 393 1922 mancipatus
416 1837 553 1903 sobriam
577 1837 778 1918 latinitatem,
800 1839 850 1902 cui
874 1839 964 1903 laves
985 1845 1017 1902 et
1037 1838 1139 1916 heres,
1161 1839 1284 1920 copula.

262 1943 353 2005 rtnno
375 1941 493 2006 Christi
516 1940 635 2005 Soteris
653 1939 716 2004 Xll
738 1939 791 2006 die
814 1940 941 2015 Bacchi,
966 1960 1028 2005 uon
1051 1939 1136 2006 illius
1157 1940 1262 2006 leticie
1284 1941 1413 2022 (latoris,
1436 1943 1493 2008 sed
1591 1981 1595 1988 -

84 2119 88 2126 ,
183 2043 273 2109 testis
294 2043 521 2127 christophori.
564 2042 690 2107 Gothai.

254 2167 436 2214 Handsclrristl.
459 2167 479 2213 F
491 2166 541 2213 246
560 2168 601 2214 iol.
616 2165 682 2212 retr
693 2165 818 2212 -162v.

252 2267 263 2294 ³¹
281 2274 307 2319 F
320 2272 405 2319 animi.

737 2383 939 2392 --——--—

181 2531 254 2598 art.
277 2531 320 2598 ll.
343 2550 389 2604 an
413 2530 523 2597 llonr.
546 2529 747 2601 llusardus.
845 2601 847 2610 ,
972 2514 1489 2622 (Gotlra)1512.t)l1toberlll.

251 2655 382 2716 Mut.·lagt
400 2657 459 2702 dom
478 2655 608 2700 Mrrsardus
629 2655 669 2700 dio
687 2655 790 2701 (lritrrdc
809 2656 866 2714 dar,
890 2671 935 2701 uus
954 2658 1066 2704 walchen
1086 2673 1112 2705 or
1131 2645 1274 2707 iun'bitton
1294 2645 1372 2722 muas,
1398 2664 1424 2710 in
1443 2667 1490 2712 Zu-

77 2765 86 2777 .
181 2727 255 2773 lruult
272 2727 355 2774 wodor
375 2725 526 2773 Guscbeuke
544 2740 574 2770 au
594 2726 700 2771 machon
719 2727 784 2772 rroeh
803 2741 833 2772 zu
851 2726 992 2772 schreibun·

237 2823 446 2888 ·Hon0rabili
467 2821 659 2901 Musardo,
688 2825 774 2888 socio
801 2801 1043 2906 tranquillitatis
1069 2845 1132 2891 uon
1157 2829 1297 2910 vulgari,
1328 2830 1489 2898 Mutiauus
1602 2905 1605 2909 f

180 2927 286 2990 Rufus.

260 3029 292 3094 S.
335 3027 402 3092 Hoc
427 3027 503 3092 solis
532 3026 584 3092 die
611 3027 709 3092 salem
737 3029 889 3092 urbanum
920 3030 1059 3112 aspersit
1092 3031 1227 3113 prandio
1255 3054 1324 3099 meo
1351 3039 1487 3120 epistola

180 3140 242 3194 tua.
288 3129 450 3211 Principio
478 3129 604 3192 testaris
631 3135 662 3192 te
690 3135 859 3214 propterea
886 3131 988 3195 rarius
1016 3130 1173 3211 scribere,
1203 3135 1287 3215 quod
1317 3139 1366 3203 rel
1393 3162 1486 3223 argn-

177 3238 315 3298 mentum
336 3231 385 3296 vel
407 3231 560 3295 orationis
579 3229 743 3295 alliueutia
765 3230 823 3295 tibi
846 3231 938 3317 desit.
983 3231 1107 3296 Deinde
1126 3237 1335 3302 nesciocuius
1354 3244 1483 3306 evanidi

175 3335 277 3418 pappi
299 3321 707 3430 fucosamladmonitionem
729 3333 871 3415 pluribus
892 3335 1043 3417 explicas.
1086 3335 1171 3418 ago,
1193 3339 1361 3422 llusarde,
1377 3364 1484 3425 quam-

178 3435 227 3502 vis
254 3434 348 3500 ualde
375 3441 406 3498 te
424 3433 530 3515 diligo
558 3441 622 3496 turn
652 3441 780 3518 propter
806 3435 1013 3512 eruditionem
1043 3439 1185 3504 limatam
1195 3489 1210 3513 ,.
1229 3461 1290 3505 non
1321 3445 1484 3526 vulgarem

177 3556 324 3620 ergarus
347 3538 496 3621 pictatem
524 3556 563 3601 aa
590 3535 782 3619 singularem
809 3537 997 3604 modestiam
1023 3547 1125 3621 tuam,
1154 3551 1220 3608 tour
1248 3545 1333 3626 quod
1348 3549 1483 3631 avidos,

175 3639 350 3716 invidulos,
380 3639 535 3738 abiectos,
564 3639 676 3702 anxios
696 3640 936 3720 tranquillitatis
957 3643 1134 3708 turbatores
1160 3646 1276 3711 misera
1296 3649 1483 3732 cupiditate,

177 3741 340 3806 cruciabili
362 3740 541 3806 ambicione
563 3740 744 3806 laborantes
773 3761 888 3823 susque
917 3743 1020 3825 deque
1049 3746 1184 3827 habeas,
1212 3761 1317 3814 tamen
1339 3753 1483 3835 epistolis
1590 3778 1595 3787 ·

177 3843 240 3907 tuis
260 3843 459 3908 suavissimis
480 3843 615 3908 libenter
635 3862 742 3924 careo,
771 3843 918 3910 adiuravi
944 3847 1041 3910 etiam
1069 3855 1101 3912 te
1127 3868 1182 3931 per
1209 3870 1318 3916 omnes
1343 3852 1425 3919 deos·
1444 3877 1483 3922 ac

177 3944 268 4024 deas,
297 3951 331 4008 ut
350 3943 438 4010 dolos
459 3951 553 4027 atque
575 3945 711 4011 insidias
740 3945 1110 4013 inverecundissimorum
1139 3951 1316 4032 Stilpcnum
1343 3975 1482 4038 caveres,

178 4046 367 4128 declinares,
395 4047 576 4122 abdicares,
599 4048 787 4130 modumque
808 4051 973 4132 proposui,
1001 4059 1035 4116 ut
1062 4050 1141 4116 nihil
1164 4054 1333 4121 scribendo
1353 4065 1409 4122 aut
1429 4058 1482 4124 do-

177 4150 302 4213 nandc¹
331 4155 416 4213 tutus
441 4150 575 4214 viveres.
621 4151 857 4233 Prospiciebam
879 4141 973 4217 enim'
989 4173 1075 4218 meos
1102 4154 1247 4220 inimicos
1275 4158 1371 4224 nullo·
1387 4169 1482 4243 pacto

176 4253 295 4315 laturos
315 4243 396 4332 cqu'o
417 4251 523 4316 animo
545 4252 745 4317 concordiam
767 4261 916 4318 nostram.
959 4254 1246 4321 llaneobremtibi
1269 4262 1372 4341 magis
1393 4261 1482 4326 timui

177 4371 270 4434 quarn
294 4352 369 4416 mihi
392 4360 424 4419 et
443 4373 547 4418 coram
569 4353 689 4419 dixisse
710 4356 854 4420 memini:
876 4356 1152 4441 ‚percursurus
1174 4362 1281 4426 care“.
1322 4364 1482 4432 Audivisti

217 4579 220 4590 ⁴
241 4605 252 4648 1
274 4609 337 4684 vgr.
358 4609 403 4668 m.
418 4609 481 4668 rsa.
496 4611 561 4670 rso.
576 4610 640 4668 raa
654 4611 718 4666 roa.
734 4613 880 4672 raama
