3625 5192
326 339 376 390 154
542 295 553 316 Ι
584 323 586 328 “
699 337 958 424 Gesrbiebtsquellen
977 339 1025 391 der
1043 339 1116 392 Pron.
1137 339 1259 392 Saclreen.

324 487 506 568 semigallis.
550 487 657 550 Habes
675 486 758 552 eninr
782 485 982 569 &tralatinum
1006 495 1038 551 et
1064 495 1194 569 uterque
1214 497 1351 552 restrum
1379 491 1468 554 omit
1496 509 1546 553 me
1568 486 1628 554 non

324 591 424 654 solere
447 609 501 653 eos
522 589 670 669 diligere,
700 589 752 671 qui
776 588 901 671 perdita
922 597 1002 652 sunt·
1015 591 1208 670 arrogantia.
1251 592 1315 655 Sed
1334 603 1438 655 tamen
1466 594 1543 674 qnia
1562 592 1629 656 lieri

323 699 437 774 potest,
458 699 498 754 ut.
514 690 685 755 turbatiore
703 691 809 754 animo
832 691 915 755 teras
937 698 1056 754 tantam
1080 692 1279 773 iniquitatem
1302 693 1402 772 (listis
1424 695 1506 758 enim
1529 694 1628 776 iniqui

324 804 355 856 tn
380 802 412 857 et
431 792 485 856 ille
505 800 537 856 et
557 792 588 856 in
611 793 697 856 rrnllo
718 811 891 876 compares.
914 794 1027 857 sicuti⁰
1049 793 1183 873 docebo)
1205 803 1280 878 pute
1301 815 1371 860 esse
1382 817 1484 869 meum
1507 797 1630 879 plenius

324 897 436 978 exequi
459 917 560 960 meam
584 895 786 958 sententiam:
810 894 996 959 llabnlttua
1007 895 1108 960 Vallis
1130 897 1235 961 mitem
1252 906 1284 961 et
1296 899 1497 980 tranquillum
1519 919 1629 963 econo-

323 1018 418 1074 mum,
438 1004 561 1079 gratum
584 996 724 1076 rusticis,
746 997 916 1061 iuernrdum
937 998 1085 1078 eruditis,
1108 999 1215 1062 utilem
1233 1000 1381 1078 cenobio,
1403 1020 1517 1081 earunn
1531 1001 1629 1064 onrni-

324 1101 390 1164 bus.
433 1101 467 1165 Si
490 1099 608 1180 babuit,
631 1119 706 1182 ergo
728 1119 811 1163 nune
834 1118 895 1164 non
918 1099 1020 1164 babet.
1065 1099 1189 1181 integer
1209 1102 1268 1165 l'uit
1291 1102 1524 1181 libanus-sed
1543 1104 1627 1166 Ster-

323 1202 677 1267 cutius¹lbllaeissinnrs
698 1211 753 1272 est.
797 1201 857 1266 Hic
878 1221 913 1266 se
934 1210 1020 1266 amat
1041 1211 1073 1266 ct
1092 1201 1275 1282 admiratur,
1298 1203 1420 1268 invidet
1443 1205 1542 1283 bonis,
1563 1203 1632 1266 odit

259 1365 264 1376 ,
322 1304 494 1385 doctiores,
521 1304 574 1369 ille
596 1322 644 1367 me
667 1311 699 1368 et
721 1304 921 1386 Spalatinnur
941 1305 1051 1386 coluit,
1079 1305 1187 1388 probis
1208 1305 1300 1369 nniee
1320 1307 1415 1385 t'avit,
1443 1307 1632 1370 enulitiores

322 1407 527 1472 veneratione
549 1415 732 1489 prosecutus
758 1415 815 1479 est
858 1406 986 1484 Quanta
1007 1406 1190 1486 diversitas,
1217 1415 1337 1488 quanta
1364 1408 1532 1489 iniqnitas!
1580 1410 1630 1470 An

322 1501 394 1592 equi
416 1505 546 1594 ricssnnt
572 1528 658 1588 esse,
691 1529 769 1600 quos
793 1521 912 1574 morum
937 1516 969 1572 et
994 1509 1115 1590 ingenii
1142 1516 1316 1591 natureque
1346 1510 1427 1574 ratio
1452 1509 1631 1590 distinguit,

321 1612 371 1675 rel
395 1631 524 1693 quorum
546 1613 627 1676 alter
636 1613 825 1694 equissimus
838 1618 886 1675 est
896 1619 929 1676 et
945 1611 1046 1674 nostri
1056 1612 1302 1693 amantissimus,
1319 1611 1400 1677 alter
1420 1633 1493 1677 vcro
1516 1612 1631 1695 perini-

323 1732 417 1794 quus,
438 1714 607 1796 superbus,
636 1733 730 1780 serus
751 1721 783 1776 et
804 1712 1043 1778 nostri-ordinis
1066 1713 1258 1779 obtrectator
1283 1715 1474 1779 acerrimus?
1517 1715 1630 1779 Verum

322 1811 402 1876 nibil
433 1821 530 1893 agent
557 1821 647 1896 pater
676 1824 707 1880 et
730 1815 904 1881 Stercutius
950 1815 1063 1880 Veniet
1091 1814 1149 1878 tibi
1177 1835 1310 1896 magnus
1331 1815 1428 1881 bonor
1454 1817 1631 1900 irnpetratis

321 1915 465 1996 magistri
498 1915 685 1996 insignibus.
729 1919 854 1986 Interea
887 1928 918 1983 te
942 1925 998 1981 tua
1026 1917 1180 1982 facilitate
1211 1927 1369 1982 sustenta:
1402 1919 1486 2000 lege,
1518 1917 1630 1995 scribe,

321 2015 451 2098 disputa
472 2021 591 2082 solutus
617 2026 649 2084 et
672 2021 838 2102 expeditus
860 2028 892 2084 et
920 2018 989 2084 lae‘1
1018 2019 1150 2101 gradum
1178 2017 1219 2082 ad
1246 2019 1372 2084 larulenr
1400 2021 1559 2084 robustum
1591 2038 1630 2083 ae
1658 2054 1661 2060 ,

231 2114 254 2146 ⁵
322 2120 451 2186 lirmurn.
493 2121 653 2203 decepisti
667 2122 822 2204 baculum,
843 2121 949 2200 idest,
968 2123 1142 2192 materiam,
1164 2141 1203 2185 ex
1226 2141 1289 2203 qna
1302 2117 1501 2204 tibiparabi's
1523 2141 1630 2185 aseen-

322 2241 390 2287 sum
450 2222 586 2288 Baculus
612 2227 696 2288 enlm
719 2225 916 2288 necessarius
937 2232 986 2288 est
1014 2230 1046 2287 in
1068 2222 1262 2288 labricandis
1283 2224 1438 2288 scalarum
1467 2222 1630 2304 gradibus.

320 2324 451 2390 Her-cao
471 2323 600 2388 firmiter
621 2325 765 2390 sinenllo
778 2327 866 2390 rrrine
882 2326 1032 2408 periculo,
1056 2335 1089 2391 nt
1109 2328 1142 2390 in
1163 2327 1251 2391 scala
1273 2325 1379 2390 iacobi
1401 2345 1471 2389 enm
1494 2324 1629 2405 arrrgclis,
1713 2369 1717 2375 -

320 2427 378 2492 boe
400 2433 457 2505 est,
480 2426 692 2492 immaculatis
713 2428 789 2492 etin
811 2427 877 2492 solo
897 2430 1010 2512 spiritu
1024 2430 1205 2495 viventibus
1225 2431 1288 2492 tuis
1311 2427 1475 2493 sodalibus
1498 2427 1631 2491 feliciter

319 2529 484 2594 ascendas.
516 2528 601 2608 Heu,
624 2549 662 2594 ne
675 2535 821 2609 tacerem,
839 2531 946 2596 etl'ndi.
984 2532 1096 2613 Neque
1117 2516 1201 2595 enim
1224 2541 1253 2596 te
1267 2530 1545 2614 prudentissimum
1567 2549 1630 2593 nro

320 2651 394 2696 nere
414 2632 526 2711 audeo,
547 2650 587 2694 ne
606 2631 895 2714 videarprudentie
912 2644 963 2698 tue
976 2634 1129 2699 ditlidere.
1171 2633 1308 2697 Tantum
1321 2625 1407 2695 dico:
1429 2631 1547 2694 Fruere
1568 2631 1630 2694 isto
1692 2685 1696 2690 .

320 2735 389 2798 oeio
416 2733 537 2816 tibique
564 2733 719 2816 persuade
747 2753 796 2798 rne
825 2734 855 2798 in
878 2736 971 2800 rebus
999 2735 1144 2800 omnibns
1171 2736 1251 2798 satis
1280 2743 1385 2798 nostre
1412 2732 1626 2798 coniunctioni
1705 2777 1709 2783 -

221 2901 223 2908 ,
321 2836 482 2918 altiorique
493 2838 657 2902 iacturum.
699 2836 747 2899 'l'n
769 2857 826 2901 nos
847 2839 899 2902 l'ae
916 2859 1010 2904 aines.
1056 2837 1142 2901 Vale.
1185 2839 1218 2900 Si
1242 2837 1356 2918 placet,
1377 2835 1480 2900 scribe
1501 2835 1543 2898 ad
1563 2834 1630 2896 Bir-

321 2929 476 3003 mostnm.
504 2937 633 3004 lliriiiec
651 2939 736 3003 enim
749 2940 887 3020 ingeniis
904 2940 1141 3020 excellentibus,
1164 2939 1260 3020 quale
1269 2949 1318 3003 est
1329 2948 1425 3017 tunm,
1446 2936 1630 3000 delectatur.

321 3039 436 3104 lterum
457 3040 538 3104 vale.

400 3143 488 3207 Xlll.
511 3142 669 3208 Calendas
693 3143 887 3208 Novembres
911 3142 1064 3206 noviti.

392 3266 571 3312 Handseltrit'tl.
592 3267 611 3311 p
627 3265 658 3313 92
678 3264 886 3314 tol.6or—tlr.
940 3266 1015 3314 (ledr.
1034 3266 1057 3312 b.
1077 3267 1111 3312 'l'z
1129 3269 1153 3313 S.
1171 3266 1282 3312 75—76
1308 3282 1351 3311 ceu
1373 3265 1509 3323 Postquam
1532 3263 1569 3309 ita
1591 3263 1627 3310 oia

321 3352 371 3382 arum
391 3337 507 3382 b'clrlnsse.

390 3435 402 3463 ‘⁸
422 3443 454 3488 'lb
472 3442 545 3491 sient.
608 3427 620 3464 ¹³
642 3443 674 3487 Ta
693 3442 731 3488 iae
750 3442 853 3501 gradum
872 3443 904 3488 ad
926 3442 1033 3489 laudam.
1052 3442 1179 3488 robustum
1199 3457 1228 3486 ne
1245 3442 1341 3488 tirmnur
1362 3431 1481 3499 accerrimi
1500 3441 1624 3488 baculum.

320 3507 330 3532 ⁰
351 3513 383 3559 Ta
403 3513 520 3559 littereas.
1519 3508 1521 3511 ’

321 3721 401 3788 lla.
415 3719 460 3786 ll.
482 3737 525 3784 an
550 3717 735 3785 llerebord
753 3735 785 3780 r.
801 3695 1021 3788 il.liurtben.
1084 3713 1340 3797 illotballt'rtltl.
1376 3710 1624 3778 Notcorucrtt

392 3847 453 3892 blut.
475 3847 527 3892 hillt
546 3846 601 3890 dent
623 3843 752 3890 llerebord
767 3841 952 3890 v.rl.lllnrtlren
977 3841 1029 3885 sein
1054 3840 1193 3884 nrrselliines
1212 3839 1356 3882 llenobmen
1377 3851 1436 3894 vor,
1460 3837 1554 3882 erkliirt
1574 3837 1627 3882 sicli

321 3917 381 3962 aher
400 3917 513 3962 rlonnorlr
528 3915 623 3964 'boreit
641 3913 667 3960 in
678 3913 866 3960 llemcinselmlt
884 3911 929 3958 mit
939 3909 1052 3970 Spalatin
1070 3911 1132 3954 alles
1147 3908 1270 3966 illiglirlre
1288 3907 1327 3952 liar
1345 3906 1413 3951 seina
1429 3905 1626 3963 L'elrersierllung

320 3989 384 4033 nach
400 3988 569 4047 (loorgentbal
589 4000 618 4031 un
638 3987 707 4044 tlrun,
729 3999 800 4029 wonn
820 3997 847 4029 or
865 3981 979 4028 wirlrlieb
997 3979 1038 4026 die
1057 3980 1166 4024 selenen-e
1184 3977 1299 4036 Arrsgabc
1318 3977 1487 4022 tibernelrmen
1507 3977 1588 4022 welle.

402 4083 584 4150 Herebordo
606 4083 778 4165 Margarito
806 4082 911 4162 legum
937 4088 969 4143 et
993 4077 1106 4160 optim
1133 4076 1284 4156 cuiusque
1305 4072 1464 4153 studioso,
1490 4074 1625 4138 consorti

320 4187 568 4270 tranquillitatis,
590 4186 750 4250 llutianus
771 4186 878 4248 llulus.
1317 4204 1322 4212 ·

290 4291 292 4294 ’
401 4291 502 4355 Salus.
544 4291 675 4356 Abantis
696 4287 839 4352 arlrersis
860 4285 905 4348 dii
927 4285 984 4348 tibi
998 4283 1083 4364 dent,
1104 4281 1188 4363 (ruod
1209 4281 1348 4360 nrereris‘,
1367 4280 1516 4344 secunda.
1558 4280 1627 4362 Ego

322 4393 470 4472 consilio,
502 4391 579 4466 lide,
607 4410 730 4469 amore,
762 4389 820 4452 tibi
842 4407 904 4450 nou
925 4386 1027 4464 detui,
1057 4385 1113 4450 sed
1135 4382 1234 4468 apud
1248 4391 1278 4446 te
1301 4405 1363 4448 non
1384 4392 1433 4449 est
1463 4384 1626 4450 creditum.

321 4525 467 4532 ..η---

364 4573 375 4622 l
398 4575 460 4656 Vgl.
475 4525 520 4632 Bi.
531 4576 567 4629 td
590 4577 617 4630 S·
630 4574 686 4634 110
697 4571 770 4631 etum
791 4571 818 4630 4.
