<?xml version="1.0" encoding="UTF-8"?>
<!DOCTYPE html PUBLIC "-//W3C//DTD XHTML 1.0 Transitional//EN"
    "http://www.w3.org/TR/xhtml1/DTD/xhtml1-transitional.dtd">
<html xmlns="http://www.w3.org/1999/xhtml" xml:lang="en" lang="en">
 <head>
  <title>
</title>
<meta http-equiv="Content-Type" content="text/html;charset=utf-8" />
  <meta name='ocr-system' content='tesseract 3.04.00' />
  <meta name='ocr-capabilities' content='ocr_page ocr_carea ocr_par ocr_line ocrx_word'/>
</head>
<body>
  <div class='ocr_page' id='page_1' title='image "./derbriefwechsel00sachgoog/derbriefwechsel00sachgoog_0342.png"; bbox 0 0 3625 5192; ppageno 0'>
   <div class='ocr_carea' id='block_1_1' title="bbox 611 359 1493 420">
    <p class='ocr_par' dir='ltr' id='par_1_1' title="bbox 611 359 1493 420">
     <span class='ocr_line' id='line_1_1' title="bbox 611 359 1493 420; baseline -0.008 -1"><span class='ocrx_word' id='word_1_1' title='bbox 611 366 699 420; x_wconf 87' lang='lat' dir='ltr'>Bricte</span> <span class='ocrx_word' id='word_1_2' title='bbox 717 365 837 420; x_wconf 84' lang='lat' dir='ltr'>Mutians</span> <span class='ocrx_word' id='word_1_3' title='bbox 856 365 914 417; x_wconf 85' lang='grc'><strong>196.</strong></span> <span class='ocrx_word' id='word_1_4' title='bbox 935 364 992 416; x_wconf 81' lang='grc'><strong>197.</strong></span> <span class='ocrx_word' id='word_1_5' title='bbox 1012 364 1070 417; x_wconf 83' lang='grc'><strong>198.</strong></span> <span class='ocrx_word' id='word_1_6' title='bbox 1440 359 1493 414; x_wconf 80' lang='grc'><strong>218</strong></span> 
     </span>
    </p>
   </div>
   <div class='ocr_carea' id='block_1_2' title="bbox 175 509 1494 702">
    <p class='ocr_par' dir='ltr' id='par_1_2' title="bbox 175 509 1494 702">
     <span class='ocr_line' id='line_1_2' title="bbox 189 509 1494 598; baseline -0.005 -18"><span class='ocrx_word' id='word_1_7' title='bbox 189 521 305 598; x_wconf 85' lang='lat' dir='ltr'>utnon</span> <span class='ocrx_word' id='word_1_8' title='bbox 326 514 517 580; x_wconf 77' lang='lat' dir='ltr'>intellectam</span> <span class='ocrx_word' id='word_1_9' title='bbox 541 513 624 578; x_wconf 74' lang='lat' dir='ltr'>lurtii</span> <span class='ocrx_word' id='word_1_10' title='bbox 645 514 833 598; x_wconf 72' lang='lat' dir='ltr'><strong>scripturam</strong></span> <span class='ocrx_word' id='word_1_11' title='bbox 851 512 1025 594; x_wconf 79' lang='lat' dir='ltr'><strong>signarent.</strong></span> <span class='ocrx_word' id='word_1_12' title='bbox 1067 510 1143 575; x_wconf 90' lang='lat' dir='ltr'>ldeo</span> <span class='ocrx_word' id='word_1_13' title='bbox 1164 516 1268 573; x_wconf 89' lang='lat' dir='ltr'>autem</span> <span class='ocrx_word' id='word_1_14' title='bbox 1289 509 1423 592; x_wconf 78' lang='lat' dir='ltr'><strong>simplex</strong></span> <span class='ocrx_word' id='word_1_15' title='bbox 1446 515 1494 574; x_wconf 88' lang='lat' dir='ltr'>cst</span> 
     </span>
     <span class='ocr_line' id='line_1_3' title="bbox 175 609 1494 702; baseline -0.006 -20"><span class='ocrx_word' id='word_1_16' title='bbox 175 616 396 702; x_wconf 76' lang='lat' dir='ltr'>presentabi0,</span> <span class='ocrx_word' id='word_1_17' title='bbox 425 624 458 679; x_wconf 88' lang='lat' dir='ltr'>ut</span> <span class='ocrx_word' id='word_1_18' title='bbox 485 615 603 680; x_wconf 88' lang='lat' dir='ltr'>c&#39;nrianr</span> <span class='ocrx_word' id='word_1_19' title='bbox 631 617 848 699; x_wconf 85' lang='lat' dir='ltr'>Mogontinam</span> <span class='ocrx_word' id='word_1_20' title='bbox 875 615 943 678; x_wconf 89' lang='lat' dir='ltr'>iure</span> <span class='ocrx_word' id='word_1_21' title='bbox 976 612 1233 697; x_wconf 84' lang='lat' dir='ltr'>transpositionis</span> <span class='ocrx_word' id='word_1_22' title='bbox 1263 609 1429 676; x_wconf 81' lang='lat' dir='ltr'>defraudet</span> <span class='ocrx_word' id='word_1_23' title='bbox 1462 619 1494 674; x_wconf 91' lang='lat' dir='ltr'>et</span> 
     </span>
    </p>
   </div>
   <div class='ocr_carea' id='block_1_3' title="bbox 182 713 1568 1605">
    <p class='ocr_par' dir='ltr' id='par_1_3' title="bbox 182 713 1568 1605">
     <span class='ocr_line' id='line_1_4' title="bbox 184 713 1492 802; baseline -0.005 -18"><span class='ocrx_word' id='word_1_24' title='bbox 184 726 274 785; x_wconf 85' lang='lat' dir='ltr'>extra</span> <span class='ocrx_word' id='word_1_25' title='bbox 297 718 417 801; x_wconf 85' lang='lat' dir='ltr'>regiam</span> <span class='ocrx_word' id='word_1_26' title='bbox 446 719 531 782; x_wconf 89' lang='lat' dir='ltr'>viam</span> <span class='ocrx_word' id='word_1_27' title='bbox 559 719 789 802; x_wconf 85' lang='lat' dir='ltr'>possessionem</span> <span class='ocrx_word' id='word_1_28' title='bbox 817 717 961 798; x_wconf 87' lang='lat' dir='ltr'>acquirat</span> <span class='ocrx_word' id='word_1_29' title='bbox 988 737 1045 800; x_wconf 88' lang='lat' dir='ltr'>per</span> <span class='ocrx_word' id='word_1_30' title='bbox 1075 715 1303 779; x_wconf 82' lang='lat' dir='ltr'>institutionem</span> <span class='ocrx_word' id='word_1_31' title='bbox 1337 713 1492 793; x_wconf 84' lang='lat' dir='ltr'>officialis,</span> 
     </span>
     <span class='ocr_line' id='line_1_5' title="bbox 182 817 1491 904; baseline -0.005 -19"><span class='ocrx_word' id='word_1_32' title='bbox 182 822 265 904; x_wconf 83' lang='lat' dir='ltr'>qnod</span> <span class='ocrx_word' id='word_1_33' title='bbox 287 821 391 886; x_wconf 87' lang='lat' dir='ltr'>edicto</span> <span class='ocrx_word' id='word_1_34' title='bbox 408 840 490 886; x_wconf 88' lang='lat' dir='ltr'>novo</span> <span class='ocrx_word' id='word_1_35' title='bbox 512 820 702 904; x_wconf 82' lang='lat' dir='ltr'>prohibitum</span> <span class='ocrx_word' id='word_1_36' title='bbox 724 829 772 884; x_wconf 90' lang='lat' dir='ltr'>est</span> <span class='ocrx_word' id='word_1_37' title='bbox 793 821 852 884; x_wconf 90' lang='lat' dir='ltr'>sub</span> <span class='ocrx_word' id='word_1_38' title='bbox 873 821 990 883; x_wconf 90' lang='lat' dir='ltr'>mulcta</span> <span class='ocrx_word' id='word_1_39' title='bbox 1006 819 1063 882; x_wconf 80' lang='lat' dir='ltr'>Lx</span> <span class='ocrx_word' id='word_1_40' title='bbox 1084 819 1280 882; x_wconf 87' lang='lat' dir='ltr'>florenorum.</span> <span class='ocrx_word' id='word_1_41' title='bbox 1322 817 1366 882; x_wconf 88' lang='lat' dir='ltr'>Ut</span> <span class='ocrx_word' id='word_1_42' title='bbox 1386 825 1491 882; x_wconf 87' lang='lat' dir='ltr'>autern</span> 
     </span>
     <span class='ocr_line' id='line_1_6' title="bbox 182 919 1493 1008; baseline -0.005 -20"><span class='ocrx_word' id='word_1_43' title='bbox 182 924 257 988; x_wconf 89' lang='lat' dir='ltr'>mihi</span> <span class='ocrx_word' id='word_1_44' title='bbox 292 943 378 1008; x_wconf 88' lang='lat' dir='ltr'>spem</span> <span class='ocrx_word' id='word_1_45' title='bbox 411 923 549 1002; x_wconf 87' lang='lat' dir='ltr'>auferat,</span> <span class='ocrx_word' id='word_1_46' title='bbox 581 924 663 988; x_wconf 85' lang='lat' dir='ltr'>clam</span> <span class='ocrx_word' id='word_1_47' title='bbox 697 923 779 1004; x_wconf 85' lang='lat' dir='ltr'>agit,</span> <span class='ocrx_word' id='word_1_48' title='bbox 809 931 843 985; x_wconf 92' lang='lat' dir='ltr'>ut</span> <span class='ocrx_word' id='word_1_49' title='bbox 876 921 1004 986; x_wconf 88' lang='lat' dir='ltr'>tandem</span> <span class='ocrx_word' id='word_1_50' title='bbox 1037 921 1175 984; x_wconf 86' lang='lat' dir='ltr'>dicatur:</span> <span class='ocrx_word' id='word_1_51' title='bbox 1214 920 1310 1000; x_wconf 90' lang='lat' dir='ltr'>„Non</span> <span class='ocrx_word' id='word_1_52' title='bbox 1345 919 1493 1002; x_wconf 78' lang='lat' dir='ltr'>vigilavit</span> 
     </span>
     <span class='ocr_line' id='line_1_7' title="bbox 184 1009 1543 1106; baseline -0.004 -16"><span class='ocrx_word' id='word_1_53' title='bbox 184 1009 359 1106; x_wconf 83' lang='lat' dir='ltr'>blutianus,</span> <span class='ocrx_word' id='word_1_54' title='bbox 390 1027 583 1106; x_wconf 84' lang='lat' dir='ltr'>resignatum</span> <span class='ocrx_word' id='word_1_55' title='bbox 613 1023 799 1089; x_wconf 85' lang='lat' dir='ltr'>beneficium</span> <span class='ocrx_word' id='word_1_56' title='bbox 827 1024 969 1103; x_wconf 89' lang='lat' dir='ltr'>vacavit,</span> <span class='ocrx_word' id='word_1_57' title='bbox 996 1041 1115 1087; x_wconf 87' lang='lat' dir='ltr'>vacans</span> <span class='ocrx_word' id='word_1_58' title='bbox 1145 1041 1207 1086; x_wconf 90' lang='lat' dir='ltr'>non</span> <span class='ocrx_word' id='word_1_59' title='bbox 1238 1021 1338 1105; x_wconf 90' lang='lat' dir='ltr'>petiit.</span> <span class='ocrx_word' id='word_1_60' title='bbox 1380 1021 1493 1086; x_wconf 85' lang='lat' dir='ltr'>Testes</span> <span class='ocrx_word' id='word_1_61' title='bbox 1537 1023 1543 1028; x_wconf 83' lang='lat'>&#39;</span> 
     </span>
     <span class='ocr_line' id='line_1_8' title="bbox 183 1109 1568 1210; baseline -0.003 -18"><span class='ocrx_word' id='word_1_62' title='bbox 183 1134 257 1192; x_wconf 89' lang='lat' dir='ltr'>sunt</span> <span class='ocrx_word' id='word_1_63' title='bbox 278 1126 368 1192; x_wconf 87' lang='lat' dir='ltr'>litere</span> <span class='ocrx_word' id='word_1_64' title='bbox 388 1109 530 1210; x_wconf 83' lang='lat' dir='ltr'>signate,</span> <span class='ocrx_word' id='word_1_65' title='bbox 550 1147 682 1209; x_wconf 85' lang='lat' dir='ltr'>quarum</span> <span class='ocrx_word' id='word_1_66' title='bbox 704 1125 842 1209; x_wconf 89' lang='lat' dir='ltr'>presidio</span> <span class='ocrx_word' id='word_1_67' title='bbox 865 1125 973 1190; x_wconf 87' lang='lat' dir='ltr'>Lotius</span> <span class='ocrx_word' id='word_1_68' title='bbox 994 1124 1092 1188; x_wconf 91' lang='lat' dir='ltr'>Paulo</span> <span class='ocrx_word' id='word_1_69' title='bbox 1113 1125 1295 1188; x_wconf 84' lang='lat' dir='ltr'>successit.“</span> <span class='ocrx_word' id='word_1_70' title='bbox 1336 1125 1494 1208; x_wconf 79' lang='lat' dir='ltr'>Agnoscis</span> <span class='ocrx_word' id='word_1_71' title='bbox 1564 1125 1568 1132; x_wconf 86' lang='lat'>&#39;</span> 
     </span>
     <span class='ocr_line' id='line_1_9' title="bbox 184 1225 1491 1309; baseline -0.005 -15"><span class='ocrx_word' id='word_1_72' title='bbox 184 1230 401 1295; x_wconf 83' lang='lat' dir='ltr'>insidiatorem</span> <span class='ocrx_word' id='word_1_73' title='bbox 436 1229 767 1293; x_wconf 87' lang='lat' dir='ltr'>fraudulentissimum.</span> <span class='ocrx_word' id='word_1_74' title='bbox 819 1227 985 1309; x_wconf 88' lang='lat' dir='ltr'>Reliquum</span> <span class='ocrx_word' id='word_1_75' title='bbox 1007 1233 1070 1305; x_wconf 92' lang='lat' dir='ltr'>est,</span> <span class='ocrx_word' id='word_1_76' title='bbox 1096 1234 1131 1289; x_wconf 90' lang='lat' dir='ltr'>ut</span> <span class='ocrx_word' id='word_1_77' title='bbox 1152 1225 1234 1290; x_wconf 91' lang='lat' dir='ltr'>hunc</span> <span class='ocrx_word' id='word_1_78' title='bbox 1254 1227 1403 1290; x_wconf 87' lang='lat' dir='ltr'>nuncium</span> <span class='ocrx_word' id='word_1_79' title='bbox 1422 1245 1491 1289; x_wconf 90' lang='lat' dir='ltr'>cum</span> 
     </span>
     <span class='ocr_line' id='line_1_10' title="bbox 183 1327 1494 1416; baseline -0.005 -20"><span class='ocrx_word' id='word_1_80' title='bbox 183 1331 309 1397; x_wconf 90' lang='lat' dir='ltr'>oraculo</span> <span class='ocrx_word' id='word_1_81' title='bbox 339 1331 466 1416; x_wconf 90' lang='lat' dir='ltr'>patroni</span> <span class='ocrx_word' id='word_1_82' title='bbox 496 1337 528 1395; x_wconf 89' lang='lat' dir='ltr'>tc</span> <span class='ocrx_word' id='word_1_83' title='bbox 553 1331 724 1413; x_wconf 82' lang='lat' dir='ltr'>interprete</span> <span class='ocrx_word' id='word_1_84' title='bbox 752 1329 904 1394; x_wconf 88' lang='lat' dir='ltr'>remittas.</span> <span class='ocrx_word' id='word_1_85' title='bbox 952 1327 1016 1393; x_wconf 79' lang='lat' dir='ltr'>Sed</span> <span class='ocrx_word' id='word_1_86' title='bbox 1044 1328 1169 1394; x_wconf 84' lang='lat' dir='ltr'>include</span> <span class='ocrx_word' id='word_1_87' title='bbox 1195 1327 1309 1408; x_wconf 91' lang='lat' dir='ltr'>literis,</span> <span class='ocrx_word' id='word_1_88' title='bbox 1338 1348 1399 1410; x_wconf 86' lang='lat' dir='ltr'>que</span> <span class='ocrx_word' id='word_1_89' title='bbox 1423 1346 1494 1393; x_wconf 89' lang='lat' dir='ltr'>mea</span> 
     </span>
     <span class='ocr_line' id='line_1_11' title="bbox 183 1433 726 1499; baseline -0.006 -1"><span class='ocrx_word' id='word_1_90' title='bbox 183 1434 335 1499; x_wconf 89' lang='lat' dir='ltr'>interesse</span> <span class='ocrx_word' id='word_1_91' title='bbox 356 1433 597 1499; x_wconf 88' lang='lat' dir='ltr'>arbitrabimini.</span> <span class='ocrx_word' id='word_1_92' title='bbox 639 1433 726 1498; x_wconf 89' lang='lat' dir='ltr'>Vale.</span> 
     </span>
     <span class='ocr_line' id='line_1_12' title="bbox 257 1555 819 1605; baseline 0.004 -2"><span class='ocrx_word' id='word_1_93' title='bbox 257 1557 438 1604; x_wconf 81' lang='lat' dir='ltr'>Harrdschriitl.</span> <span class='ocrx_word' id='word_1_94' title='bbox 457 1557 477 1602; x_wconf 74' lang='lat' dir='ltr'>F</span> <span class='ocrx_word' id='word_1_95' title='bbox 494 1555 544 1604; x_wconf 74' lang='lat'>208</span> <span class='ocrx_word' id='word_1_96' title='bbox 564 1556 688 1604; x_wconf 71' lang='grc'><strong>10111311</strong></span> <span class='ocrx_word' id='word_1_97' title='bbox 699 1556 819 1605; x_wconf 70' lang='grc'><strong>-1441,</strong></span> 
     </span>
    </p>
   </div>
   <div class='ocr_carea' id='block_1_4' title="bbox 188 1770 1492 1858">
    <p class='ocr_par' dir='ltr' id='par_1_4' title="bbox 188 1770 1492 1858">
     <span class='ocr_line' id='line_1_13' title="bbox 188 1770 1492 1858; baseline -0.004 -14"><span class='ocrx_word' id='word_1_98' title='bbox 188 1777 267 1850; x_wconf 86' lang='grc'><strong>198.</strong></span> <span class='ocrx_word' id='word_1_99' title='bbox 290 1777 335 1849; x_wconf 83' lang='grc'>11.</span> <span class='ocrx_word' id='word_1_100' title='bbox 356 1797 402 1844; x_wconf 87' lang='lat' dir='ltr'>an</span> <span class='ocrx_word' id='word_1_101' title='bbox 423 1776 558 1848; x_wconf 86' lang='lat' dir='ltr'>Urban.</span> <span class='ocrx_word' id='word_1_102' title='bbox 682 1775 813 1858; x_wconf 81' lang='lat' dir='ltr'>(corba</span> <span class='ocrx_word' id='word_1_103' title='bbox 823 1775 921 1842; x_wconf 71' lang='lat'>1512.</span> <span class='ocrx_word' id='word_1_104' title='bbox 953 1770 1052 1840; x_wconf 81' lang='lat' dir='ltr'>liora</span> <span class='ocrx_word' id='word_1_105' title='bbox 1064 1773 1249 1850; x_wconf 85' lang='lat' dir='ltr'>naclrdorn</span> <span class='ocrx_word' id='word_1_106' title='bbox 1260 1773 1316 1846; x_wconf 86' lang='lat' dir='ltr'>lo.</span> <span class='ocrx_word' id='word_1_107' title='bbox 1329 1774 1492 1856; x_wconf 77' lang='lat' dir='ltr'>angust.)</span> 
     </span>
    </p>
   </div>
   <div class='ocr_carea' id='block_1_5' title="bbox 188 1898 1512 2020">
    <p class='ocr_par' dir='ltr' id='par_1_5' title="bbox 188 1898 1512 2020">
     <span class='ocr_line' id='line_1_14' title="bbox 254 1898 1512 1962; baseline -0.004 -13"><span class='ocrx_word' id='word_1_108' title='bbox 254 1901 316 1951; x_wconf 78' lang='lat' dir='ltr'>Mur.</span> <span class='ocrx_word' id='word_1_109' title='bbox 341 1902 465 1949; x_wconf 86' lang='lat' dir='ltr'>bcricbtet</span> <span class='ocrx_word' id='word_1_110' title='bbox 490 1901 550 1949; x_wconf 81' lang='lat' dir='ltr'>liber</span> <span class='ocrx_word' id='word_1_111' title='bbox 571 1901 611 1948; x_wconf 91' lang='lat' dir='ltr'>die</span> <span class='ocrx_word' id='word_1_112' title='bbox 630 1901 724 1948; x_wconf 80' lang='lat' dir='ltr'>Alluire</span> <span class='ocrx_word' id='word_1_113' title='bbox 745 1901 791 1948; x_wconf 87' lang='lat' dir='ltr'>mit</span> <span class='ocrx_word' id='word_1_114' title='bbox 810 1901 898 1948; x_wconf 86' lang='lat' dir='ltr'>Lotius</span> <span class='ocrx_word' id='word_1_115' title='bbox 921 1901 971 1946; x_wconf 87' lang='lat' dir='ltr'>rrnd</span> <span class='ocrx_word' id='word_1_116' title='bbox 994 1900 1064 1959; x_wconf 81' lang='lat' dir='ltr'>giobt</span> <span class='ocrx_word' id='word_1_117' title='bbox 1089 1900 1174 1946; x_wconf 86' lang='lat' dir='ltr'>Urban</span> <span class='ocrx_word' id='word_1_118' title='bbox 1202 1899 1284 1962; x_wconf 80' lang='lat' dir='ltr'>einige</span> <span class='ocrx_word' id='word_1_119' title='bbox 1307 1901 1428 1957; x_wconf 74' lang='lat' dir='ltr'>Auftritgo</span> <span class='ocrx_word' id='word_1_120' title='bbox 1452 1898 1512 1944; x_wconf 82' lang='lat' dir='ltr'>bo·-</span> 
     </span>
     <span class='ocr_line' id='line_1_15' title="bbox 188 1973 415 2020; baseline 0.004 -1"><span class='ocrx_word' id='word_1_121' title='bbox 188 1973 257 2020; x_wconf 82' lang='lat' dir='ltr'>treffs</span> <span class='ocrx_word' id='word_1_122' title='bbox 275 1973 415 2020; x_wconf 84' lang='lat' dir='ltr'>derselben.</span> 
     </span>
    </p>
   </div>
   <div class='ocr_carea' id='block_1_6' title="bbox 152 2067 1500 3984">
    <p class='ocr_par' dir='ltr' id='par_1_6' title="bbox 185 2067 1494 2253">
     <span class='ocr_line' id='line_1_16' title="bbox 266 2067 1494 2151; baseline -0.005 -17"><span class='ocrx_word' id='word_1_123' title='bbox 266 2070 521 2135; x_wconf 84' lang='lat' dir='ltr'>Prostantissimo</span> <span class='ocrx_word' id='word_1_124' title='bbox 543 2071 611 2136; x_wconf 89' lang='lat' dir='ltr'>viro</span> <span class='ocrx_word' id='word_1_125' title='bbox 630 2070 766 2136; x_wconf 91' lang='lat' dir='ltr'>Henrico</span> <span class='ocrx_word' id='word_1_126' title='bbox 786 2069 957 2150; x_wconf 91' lang='lat' dir='ltr'>Urbano,</span> <span class='ocrx_word' id='word_1_127' title='bbox 978 2069 1131 2151; x_wconf 82' lang='lat' dir='ltr'>magistro</span> <span class='ocrx_word' id='word_1_128' title='bbox 1152 2073 1185 2134; x_wconf 90' lang='lat' dir='ltr'>et</span> <span class='ocrx_word' id='word_1_129' title='bbox 1205 2086 1370 2148; x_wconf 88' lang='lat' dir='ltr'>economo‚</span> <span class='ocrx_word' id='word_1_130' title='bbox 1392 2067 1494 2130; x_wconf 88' lang='lat' dir='ltr'>amico</span> 
     </span>
     <span class='ocr_line' id='line_1_17' title="bbox 185 2171 1422 2253; baseline 0.003 -17"><span class='ocrx_word' id='word_1_131' title='bbox 185 2171 258 2253; x_wconf 85' lang='lat' dir='ltr'>fido,</span> <span class='ocrx_word' id='word_1_132' title='bbox 281 2171 441 2236; x_wconf 88' lang='lat' dir='ltr'>Mutianus</span> <span class='ocrx_word' id='word_1_133' title='bbox 461 2171 568 2237; x_wconf 86' lang='lat' dir='ltr'>Rufus.</span> <span class='ocrx_word' id='word_1_134' title='bbox 1420 2223 1422 2227; x_wconf 66' lang='lat'><em>.</em></span> 
     </span>
    </p>

    <p class='ocr_par' dir='ltr' id='par_1_7' title="bbox 152 2271 1500 3984">
     <span class='ocr_line' id='line_1_18' title="bbox 266 2271 1495 2358; baseline -0.002 -20"><span class='ocrx_word' id='word_1_135' title='bbox 266 2273 297 2338; x_wconf 85' lang='lat' dir='ltr'>S.</span> <span class='ocrx_word' id='word_1_136' title='bbox 346 2271 492 2338; x_wconf 89' lang='lat' dir='ltr'>Omnium</span> <span class='ocrx_word' id='word_1_137' title='bbox 522 2273 671 2357; x_wconf 87' lang='lat' dir='ltr'>bipedum</span> <span class='ocrx_word' id='word_1_138' title='bbox 700 2274 968 2358; x_wconf 87' lang='lat' dir='ltr'>postremissimus</span> <span class='ocrx_word' id='word_1_139' title='bbox 995 2280 1028 2338; x_wconf 91' lang='lat' dir='ltr'>et</span> <span class='ocrx_word' id='word_1_140' title='bbox 1053 2292 1146 2338; x_wconf 89' lang='lat' dir='ltr'>verus</span> <span class='ocrx_word' id='word_1_141' title='bbox 1165 2271 1355 2356; x_wconf 75' lang='lat' dir='ltr'>cocodemon</span> <span class='ocrx_word' id='word_1_142' title='bbox 1386 2271 1495 2337; x_wconf 88' lang='lat' dir='ltr'>Lotius</span> 
     </span>
     <span class='ocr_line' id='line_1_19' title="bbox 152 2374 1495 2459; baseline -0.003 -17"><span class='ocrx_word' id='word_1_143' title='bbox 152 2375 307 2442; x_wconf 82' lang='lat' dir='ltr'>·Cotilus</span> <span class='ocrx_word' id='word_1_144' title='bbox 349 2395 410 2440; x_wconf 93' lang='lat' dir='ltr'>non</span> <span class='ocrx_word' id='word_1_145' title='bbox 451 2382 617 2441; x_wconf 89' lang='lat' dir='ltr'>contentus</span> <span class='ocrx_word' id='word_1_146' title='bbox 657 2377 822 2459; x_wconf 82' lang='lat' dir='ltr'>conlegam</span> <span class='ocrx_word' id='word_1_147' title='bbox 859 2377 979 2458; x_wconf 87' lang='lat' dir='ltr'>insigni</span> <span class='ocrx_word' id='word_1_148' title='bbox 1019 2375 1138 2440; x_wconf 86' lang='lat' dir='ltr'>scelere</span> <span class='ocrx_word' id='word_1_149' title='bbox 1180 2374 1495 2458; x_wconf 61' lang='lat' dir='ltr'>circumscripsisset</span> 
     </span>
     <span class='ocr_line' id='line_1_20' title="bbox 187 2475 1496 2563; baseline 0.001 -22"><span class='ocrx_word' id='word_1_150' title='bbox 187 2481 287 2560; x_wconf 83' lang='lat' dir='ltr'>garrit</span> <span class='ocrx_word' id='word_1_151' title='bbox 305 2479 405 2542; x_wconf 86' lang='lat' dir='ltr'>eciam</span> <span class='ocrx_word' id='word_1_152' title='bbox 427 2499 489 2542; x_wconf 90' lang='lat' dir='ltr'>non</span> <span class='ocrx_word' id='word_1_153' title='bbox 512 2479 600 2562; x_wconf 89' lang='lat' dir='ltr'>ipsos</span> <span class='ocrx_word' id='word_1_154' title='bbox 621 2479 812 2563; x_wconf 69' lang='lat' dir='ltr'>principesi,</span> <span class='ocrx_word' id='word_1_155' title='bbox 831 2480 887 2544; x_wconf 91' lang='lat' dir='ltr'>sed</span> <span class='ocrx_word' id='word_1_156' title='bbox 911 2478 1109 2543; x_wconf 86' lang='lat' dir='ltr'>consiliarios</span> <span class='ocrx_word' id='word_1_157' title='bbox 1128 2476 1257 2542; x_wconf 87' lang='lat' dir='ltr'>dedisse</span> <span class='ocrx_word' id='word_1_158' title='bbox 1276 2475 1354 2541; x_wconf 90' lang='lat' dir='ltr'>mibi</span> <span class='ocrx_word' id='word_1_159' title='bbox 1377 2496 1496 2560; x_wconf 87' lang='lat' dir='ltr'>preces,</span> 
     </span>
     <span class='ocr_line' id='line_1_21' title="bbox 186 2578 1496 2662; baseline 0 -18"><span class='ocrx_word' id='word_1_160' title='bbox 186 2599 265 2662; x_wconf 87' lang='lat' dir='ltr'>quas</span> <span class='ocrx_word' id='word_1_161' title='bbox 287 2580 369 2643; x_wconf 89' lang='lat' dir='ltr'>bona</span> <span class='ocrx_word' id='word_1_162' title='bbox 391 2598 466 2662; x_wconf 87' lang='lat' dir='ltr'>pars</span> <span class='ocrx_word' id='word_1_163' title='bbox 488 2587 616 2644; x_wconf 87' lang='lat' dir='ltr'>senatus</span> <span class='ocrx_word' id='word_1_164' title='bbox 637 2600 698 2644; x_wconf 90' lang='lat' dir='ltr'>non</span> <span class='ocrx_word' id='word_1_165' title='bbox 721 2581 845 2646; x_wconf 86' lang='lat' dir='ltr'>viderit.</span> <span class='ocrx_word' id='word_1_166' title='bbox 887 2581 1035 2645; x_wconf 88' lang='lat' dir='ltr'>Preterea</span> <span class='ocrx_word' id='word_1_167' title='bbox 1051 2581 1189 2644; x_wconf 90' lang='lat' dir='ltr'>minatur</span> <span class='ocrx_word' id='word_1_168' title='bbox 1208 2578 1287 2644; x_wconf 90' lang='lat' dir='ltr'>mihi</span> <span class='ocrx_word' id='word_1_169' title='bbox 1308 2579 1444 2645; x_wconf 88' lang='lat' dir='ltr'>insidias</span> <span class='ocrx_word' id='word_1_170' title='bbox 1464 2587 1496 2644; x_wconf 89' lang='lat' dir='ltr'>et</span> 
     </span>
     <span class='ocr_line' id='line_1_22' title="bbox 187 2680 1495 2765; baseline 0.002 -21"><span class='ocrx_word' id='word_1_171' title='bbox 187 2680 377 2759; x_wconf 89' lang='lat' dir='ltr'>vindictam,</span> <span class='ocrx_word' id='word_1_172' title='bbox 403 2681 495 2762; x_wconf 90' lang='lat' dir='ltr'>quasi</span> <span class='ocrx_word' id='word_1_173' title='bbox 527 2701 588 2759; x_wconf 86' lang='lat' dir='ltr'>non</span> <span class='ocrx_word' id='word_1_174' title='bbox 617 2681 703 2765; x_wconf 90' lang='lat' dir='ltr'>prior</span> <span class='ocrx_word' id='word_1_175' title='bbox 729 2681 836 2747; x_wconf 87' lang='lat' dir='ltr'>leserit</span> <span class='ocrx_word' id='word_1_176' title='bbox 863 2689 894 2747; x_wconf 89' lang='lat' dir='ltr'>et</span> <span class='ocrx_word' id='word_1_177' title='bbox 922 2701 982 2763; x_wconf 85' lang='lat' dir='ltr'>ego</span> <span class='ocrx_word' id='word_1_178' title='bbox 1008 2687 1139 2746; x_wconf 89' lang='lat' dir='ltr'>coactus</span> <span class='ocrx_word' id='word_1_179' title='bbox 1165 2681 1225 2745; x_wconf 90' lang='lat' dir='ltr'>sim</span> <span class='ocrx_word' id='word_1_180' title='bbox 1246 2682 1293 2746; x_wconf 91' lang='lat' dir='ltr'>ire</span> <span class='ocrx_word' id='word_1_181' title='bbox 1316 2681 1421 2746; x_wconf 86' lang='lat' dir='ltr'>iraudi</span> <span class='ocrx_word' id='word_1_182' title='bbox 1441 2682 1495 2746; x_wconf 93' lang='lat' dir='ltr'>ob-</span> 
     </span>
     <span class='ocr_line' id='line_1_23' title="bbox 187 2781 1496 2868; baseline -0.001 -21"><span class='ocrx_word' id='word_1_183' title='bbox 187 2784 279 2848; x_wconf 87' lang='lat' dir='ltr'>viarn.</span> <span class='ocrx_word' id='word_1_184' title='bbox 326 2781 370 2846; x_wconf 87' lang='lat' dir='ltr'>idi</span> <span class='ocrx_word' id='word_1_185' title='bbox 398 2781 541 2862; x_wconf 88' lang='lat' dir='ltr'>Urbane,</span> <span class='ocrx_word' id='word_1_186' title='bbox 572 2784 632 2848; x_wconf 89' lang='lat' dir='ltr'>etsi</span> <span class='ocrx_word' id='word_1_187' title='bbox 659 2791 830 2848; x_wconf 84' lang='lat' dir='ltr'>statueram</span> <span class='ocrx_word' id='word_1_188' title='bbox 857 2785 926 2868; x_wconf 91' lang='lat' dir='ltr'>pati</span> <span class='ocrx_word' id='word_1_189' title='bbox 957 2783 1106 2848; x_wconf 88' lang='lat' dir='ltr'>damnum</span> <span class='ocrx_word' id='word_1_190' title='bbox 1137 2790 1169 2848; x_wconf 91' lang='lat' dir='ltr'>et</span> <span class='ocrx_word' id='word_1_191' title='bbox 1202 2789 1381 2866; x_wconf 84' lang='lat' dir='ltr'>expectare,</span> <span class='ocrx_word' id='word_1_192' title='bbox 1412 2782 1496 2864; x_wconf 86' lang='lat' dir='ltr'>quod</span> 
     </span>
     <span class='ocr_line' id='line_1_24' title="bbox 189 2883 1496 2967; baseline 0.002 -21"><span class='ocrx_word' id='word_1_193' title='bbox 189 2883 409 2964; x_wconf 82' lang='lat' dir='ltr'>unandaveras,</span> <span class='ocrx_word' id='word_1_194' title='bbox 432 2904 472 2948; x_wconf 85' lang='lat' dir='ltr'>ex</span> <span class='ocrx_word' id='word_1_195' title='bbox 494 2884 622 2950; x_wconf 88' lang='lat' dir='ltr'>inimico</span> <span class='ocrx_word' id='word_1_196' title='bbox 644 2885 786 2967; x_wconf 88' lang='lat' dir='ltr'>salutem,</span> <span class='ocrx_word' id='word_1_197' title='bbox 800 2893 918 2950; x_wconf 79' lang='lat' dir='ltr'>tamen</span> <span class='ocrx_word' id='word_1_198' title='bbox 939 2885 1015 2967; x_wconf 83' lang='lat' dir='ltr'>quia</span> <span class='ocrx_word' id='word_1_199' title='bbox 1035 2886 1146 2950; x_wconf 88' lang='lat' dir='ltr'>sceleri</span> <span class='ocrx_word' id='word_1_200' title='bbox 1168 2886 1271 2949; x_wconf 88' lang='lat' dir='ltr'>minas</span> <span class='ocrx_word' id='word_1_201' title='bbox 1284 2884 1376 2949; x_wconf 89' lang='lat' dir='ltr'>addit</span> <span class='ocrx_word' id='word_1_202' title='bbox 1388 2893 1420 2950; x_wconf 90' lang='lat' dir='ltr'>ct</span> <span class='ocrx_word' id='word_1_203' title='bbox 1433 2904 1496 2949; x_wconf 91' lang='lat' dir='ltr'>non</span> 
     </span>
     <span class='ocr_line' id='line_1_25' title="bbox 186 2985 1496 3072; baseline -0.001 -23"><span class='ocrx_word' id='word_1_204' title='bbox 186 2985 286 3050; x_wconf 90' lang='lat' dir='ltr'>solum</span> <span class='ocrx_word' id='word_1_205' title='bbox 308 3005 398 3067; x_wconf 75' lang='lat' dir='ltr'>rem,</span> <span class='ocrx_word' id='word_1_206' title='bbox 423 2985 595 3051; x_wconf 84' lang='lat' dir='ltr'>sedetiam</span> <span class='ocrx_word' id='word_1_207' title='bbox 617 2985 855 3071; x_wconf 75' lang='lat' dir='ltr'>spem&#39;aut&#39;crre</span> <span class='ocrx_word' id='word_1_208' title='bbox 881 2995 1028 3065; x_wconf 89' lang='lat' dir='ltr'>conatur,</span> <span class='ocrx_word' id='word_1_209' title='bbox 1059 2987 1246 3072; x_wconf 82' lang='lat' dir='ltr'>supplicabo</span> <span class='ocrx_word' id='word_1_210' title='bbox 1274 2986 1496 3051; x_wconf 86' lang='lat' dir='ltr'>inlustrissimo</span> 
     </span>
     <span class='ocr_line' id='line_1_26' title="bbox 187 3087 1497 3172; baseline -0.002 -20"><span class='ocrx_word' id='word_1_211' title='bbox 187 3087 336 3153; x_wconf 90' lang='lat' dir='ltr'>delectori</span> <span class='ocrx_word' id='word_1_212' title='bbox 361 3096 393 3152; x_wconf 90' lang='lat' dir='ltr'>et</span> <span class='ocrx_word' id='word_1_213' title='bbox 419 3088 566 3172; x_wconf 84' lang='lat' dir='ltr'>experiar</span> <span class='ocrx_word' id='word_1_214' title='bbox 592 3089 676 3154; x_wconf 85' lang='lat' dir='ltr'>vires</span> <span class='ocrx_word' id='word_1_215' title='bbox 702 3089 824 3170; x_wconf 83' lang='lat' dir='ltr'>ingenii</span> <span class='ocrx_word' id='word_1_216' title='bbox 846 3089 1067 3171; x_wconf 85' lang='lat' dir='ltr'>efficiamque,</span> <span class='ocrx_word' id='word_1_217' title='bbox 1097 3097 1130 3153; x_wconf 91' lang='lat' dir='ltr'>ut</span> <span class='ocrx_word' id='word_1_218' title='bbox 1150 3089 1259 3154; x_wconf 75' lang='lat' dir='ltr'>lolius</span> <span class='ocrx_word' id='word_1_219' title='bbox 1281 3088 1406 3171; x_wconf 89' lang='lat' dir='ltr'>publice</span> <span class='ocrx_word' id='word_1_220' title='bbox 1425 3107 1497 3153; x_wconf 92' lang='lat' dir='ltr'>con-</span> 
     </span>
     <span class='ocr_line' id='line_1_27' title="bbox 188 3188 1496 3278; baseline 0 -24"><span class='ocrx_word' id='word_1_221' title='bbox 188 3189 344 3254; x_wconf 86' lang='lat' dir='ltr'>fundatur.</span> <span class='ocrx_word' id='word_1_222' title='bbox 386 3190 462 3255; x_wconf 88' lang='lat' dir='ltr'>Tibi</span> <span class='ocrx_word' id='word_1_223' title='bbox 486 3210 560 3255; x_wconf 86' lang='lat' dir='ltr'>vero</span> <span class='ocrx_word' id='word_1_224' title='bbox 581 3188 643 3256; x_wconf 90' lang='lat' dir='ltr'>duo</span> <span class='ocrx_word' id='word_1_225' title='bbox 665 3192 866 3278; x_wconf 72' lang='lat' dir='ltr'>pottissimum¹</span> <span class='ocrx_word' id='word_1_226' title='bbox 883 3191 1089 3272; x_wconf 86' lang='lat' dir='ltr'>iniungimus:</span> <span class='ocrx_word' id='word_1_227' title='bbox 1112 3191 1260 3271; x_wconf 88' lang='lat' dir='ltr'>Primum,</span> <span class='ocrx_word' id='word_1_228' title='bbox 1281 3199 1315 3254; x_wconf 90' lang='lat' dir='ltr'>ut</span> <span class='ocrx_word' id='word_1_229' title='bbox 1330 3210 1410 3273; x_wconf 85' lang='lat' dir='ltr'>agas</span> <span class='ocrx_word' id='word_1_230' title='bbox 1426 3211 1496 3254; x_wconf 91' lang='lat' dir='ltr'>cum</span> 
     </span>
     <span class='ocr_line' id='line_1_28' title="bbox 159 3291 1497 3376; baseline -0.001 -21"><span class='ocrx_word' id='word_1_231' title='bbox 159 3291 330 3376; x_wconf 77' lang='lat' dir='ltr'>&#39;Pyrrho⁴</span> <span class='ocrx_word' id='word_1_232' title='bbox 357 3292 419 3358; x_wconf 87' lang='lat' dir='ltr'>tuis</span> <span class='ocrx_word' id='word_1_233' title='bbox 448 3292 479 3355; x_wconf 91' lang='lat' dir='ltr'>in</span> <span class='ocrx_word' id='word_1_234' title='bbox 507 3291 635 3372; x_wconf 87' lang='lat' dir='ltr'>edibus,</span> <span class='ocrx_word' id='word_1_235' title='bbox 663 3299 697 3356; x_wconf 92' lang='lat' dir='ltr'>ut</span> <span class='ocrx_word' id='word_1_236' title='bbox 721 3291 806 3356; x_wconf 90' lang='lat' dir='ltr'>Lotii</span> <span class='ocrx_word' id='word_1_237' title='bbox 832 3293 900 3356; x_wconf 87' lang='lat' dir='ltr'>sive</span> <span class='ocrx_word' id='word_1_238' title='bbox 929 3293 1201 3376; x_wconf 74' lang='lat' dir='ltr'>presentationem</span> <span class='ocrx_word' id='word_1_239' title='bbox 1221 3291 1291 3356; x_wconf 88' lang='lat' dir='ltr'>sive</span> <span class='ocrx_word' id='word_1_240' title='bbox 1311 3311 1497 3356; x_wconf 87' lang='lat' dir='ltr'>consensum</span> 
     </span>
     <span class='ocr_line' id='line_1_29' title="bbox 190 3391 1498 3482; baseline 0 -26"><span class='ocrx_word' id='word_1_241' title='bbox 190 3394 349 3482; x_wconf 87' lang='lat' dir='ltr'>intueatur</span> <span class='ocrx_word' id='word_1_242' title='bbox 374 3398 419 3473; x_wconf 91' lang='lat' dir='ltr'>et,</span> <span class='ocrx_word' id='word_1_243' title='bbox 452 3394 481 3458; x_wconf 87' lang='lat' dir='ltr'>si</span> <span class='ocrx_word' id='word_1_244' title='bbox 508 3391 574 3458; x_wconf 87' lang='lat' dir='ltr'>lieri</span> <span class='ocrx_word' id='word_1_245' title='bbox 597 3400 716 3477; x_wconf 89' lang='lat' dir='ltr'>potest,</span> <span class='ocrx_word' id='word_1_246' title='bbox 747 3393 828 3458; x_wconf 88' lang='lat' dir='ltr'>clam</span> <span class='ocrx_word' id='word_1_247' title='bbox 843 3392 1028 3474; x_wconf 88' lang='lat' dir='ltr'>describat,</span> <span class='ocrx_word' id='word_1_248' title='bbox 1059 3393 1191 3458; x_wconf 90' lang='lat' dir='ltr'>alterum</span> <span class='ocrx_word' id='word_1_249' title='bbox 1227 3412 1283 3477; x_wconf 90' lang='lat' dir='ltr'>per</span> <span class='ocrx_word' id='word_1_250' title='bbox 1304 3394 1498 3457; x_wconf 80' lang='lat' dir='ltr'>Henricnm⁵</span> 
     </span>
     <span class='ocr_line' id='line_1_30' title="bbox 189 3494 1498 3578; baseline 0 -20"><span class='ocrx_word' id='word_1_251' title='bbox 189 3494 345 3559; x_wconf 88' lang='lat' dir='ltr'>medicum</span> <span class='ocrx_word' id='word_1_252' title='bbox 379 3496 473 3559; x_wconf 88' lang='lat' dir='ltr'>hasce</span> <span class='ocrx_word' id='word_1_253' title='bbox 506 3495 631 3569; x_wconf 86' lang='lat' dir='ltr'>literas,</span> <span class='ocrx_word' id='word_1_254' title='bbox 664 3513 796 3577; x_wconf 86' lang='lat' dir='ltr'>quarum</span> <span class='ocrx_word' id='word_1_255' title='bbox 827 3496 1006 3578; x_wconf 83' lang='lat' dir='ltr'>exemplum</span> <span class='ocrx_word' id='word_1_256' title='bbox 1039 3495 1253 3577; x_wconf 89' lang='lat' dir='ltr'>ostendimus,</span> <span class='ocrx_word' id='word_1_257' title='bbox 1289 3497 1331 3558; x_wconf 91' lang='lat' dir='ltr'>ad</span> <span class='ocrx_word' id='word_1_258' title='bbox 1366 3495 1498 3560; x_wconf 87' lang='lat' dir='ltr'>Paulum</span> 
     </span>
     <span class='ocr_line' id='line_1_31' title="bbox 189 3595 1497 3684; baseline 0 -24"><span class='ocrx_word' id='word_1_259' title='bbox 189 3595 362 3679; x_wconf 85' lang='lat' dir='ltr'>Mystener,</span> <span class='ocrx_word' id='word_1_260' title='bbox 398 3615 492 3678; x_wconf 87' lang='lat' dir='ltr'>quam</span> <span class='ocrx_word' id='word_1_261' title='bbox 521 3597 657 3680; x_wconf 87' lang='lat' dir='ltr'>priorum</span> <span class='ocrx_word' id='word_1_262' title='bbox 686 3597 867 3677; x_wconf 85' lang='lat' dir='ltr'>advenerit,</span> <span class='ocrx_word' id='word_1_263' title='bbox 899 3597 1105 3662; x_wconf 87' lang='lat' dir='ltr'>transmittas.</span> <span class='ocrx_word' id='word_1_264' title='bbox 1155 3597 1249 3684; x_wconf 86' lang='lat' dir='ltr'>Addo</span> <span class='ocrx_word' id='word_1_265' title='bbox 1276 3598 1406 3662; x_wconf 90' lang='lat' dir='ltr'>tercium</span> <span class='ocrx_word' id='word_1_266' title='bbox 1436 3617 1497 3662; x_wconf 91' lang='lat' dir='ltr'>non</span> 
     </span>
     <span class='ocr_line' id='line_1_32' title="bbox 190 3698 1499 3783; baseline 0.002 -21"><span class='ocrx_word' id='word_1_267' title='bbox 190 3698 294 3764; x_wconf 88' lang='lat' dir='ltr'>minus</span> <span class='ocrx_word' id='word_1_268' title='bbox 326 3701 555 3764; x_wconf 85' lang='lat' dir='ltr'>necessarium:</span> <span class='ocrx_word' id='word_1_269' title='bbox 586 3700 685 3763; x_wconf 87' lang='lat' dir='ltr'>Aiunt</span> <span class='ocrx_word' id='word_1_270' title='bbox 717 3699 748 3762; x_wconf 92' lang='lat' dir='ltr'>in</span> <span class='ocrx_word' id='word_1_271' title='bbox 778 3699 1070 3782; x_wconf 84' lang='lat' dir='ltr'>Paulopaululurn</span> <span class='ocrx_word' id='word_1_272' title='bbox 1101 3699 1206 3764; x_wconf 88' lang='lat' dir='ltr'>anime</span> <span class='ocrx_word' id='word_1_273' title='bbox 1231 3699 1336 3763; x_wconf 90' lang='lat' dir='ltr'>adbuc</span> <span class='ocrx_word' id='word_1_274' title='bbox 1366 3700 1499 3783; x_wconf 91' lang='lat' dir='ltr'>spirare.</span> 
     </span>
     <span class='ocr_line' id='line_1_33' title="bbox 191 3789 1499 3884; baseline 0.001 -20"><span class='ocrx_word' id='word_1_275' title='bbox 191 3801 226 3865; x_wconf 89' lang='lat' dir='ltr'>Si</span> <span class='ocrx_word' id='word_1_276' title='bbox 254 3799 441 3881; x_wconf 87' lang='lat' dir='ltr'>decesserit,</span> <span class='ocrx_word' id='word_1_277' title='bbox 472 3799 558 3864; x_wconf 89' lang='lat' dir='ltr'>dicat</span> <span class='ocrx_word' id='word_1_278' title='bbox 587 3801 644 3864; x_wconf 92' lang='lat' dir='ltr'>tibi</span> <span class='ocrx_word' id='word_1_279' title='bbox 669 3800 827 3884; x_wconf 83' lang='lat' dir='ltr'>Pyrrhus,</span> <span class='ocrx_word' id='word_1_280' title='bbox 854 3799 1009 3882; x_wconf 89' lang='lat' dir='ltr'>quomodo</span> <span class='ocrx_word' id='word_1_281' title='bbox 1030 3789 1204 3864; x_wconf 61' lang='lat' dir='ltr'>&#39;lormanda</span> <span class='ocrx_word' id='word_1_282' title='bbox 1229 3801 1271 3865; x_wconf 93' lang='lat' dir='ltr'>sit</span> <span class='ocrx_word' id='word_1_283' title='bbox 1292 3803 1499 3884; x_wconf 84' lang='lat' dir='ltr'>presentacio.</span> 
     </span>
     <span class='ocr_line' id='line_1_34' title="bbox 192 3901 1500 3984; baseline -0.001 -17"><span class='ocrx_word' id='word_1_284' title='bbox 192 3901 308 3968; x_wconf 88' lang='lat' dir='ltr'>Sciunt</span> <span class='ocrx_word' id='word_1_285' title='bbox 320 3903 427 3968; x_wconf 90' lang='lat' dir='ltr'>detriti</span> <span class='ocrx_word' id='word_1_286' title='bbox 439 3902 471 3966; x_wconf 87' lang='lat' dir='ltr'>in</span> <span class='ocrx_word' id='word_1_287' title='bbox 485 3903 602 3966; x_wconf 80' lang='lat' dir='ltr'>lorensi</span> <span class='ocrx_word' id='word_1_288' title='bbox 614 3903 716 3984; x_wconf 85' lang='lat' dir='ltr'>iurgio</span> <span class='ocrx_word' id='word_1_289' title='bbox 729 3902 834 3967; x_wconf 89' lang='lat' dir='ltr'>stilum</span> <span class='ocrx_word' id='word_1_290' title='bbox 857 3901 1054 3966; x_wconf 86' lang='lat' dir='ltr'>calliditatis.</span> <span class='ocrx_word' id='word_1_291' title='bbox 1096 3901 1171 3982; x_wconf 74' lang='lat' dir='ltr'>„Sii</span> <span class='ocrx_word' id='word_1_292' title='bbox 1191 3903 1271 3968; x_wconf 84' lang='lat' dir='ltr'>foret</span> <span class='ocrx_word' id='word_1_293' title='bbox 1290 3902 1500 3968; x_wconf 87' lang='lat' dir='ltr'>bocnostrum</span> 
     </span>
    </p>
   </div>
   <div class='ocr_carea' id='block_1_7' title="bbox 194 4041 393 4049">
    <p class='ocr_par' dir='ltr' id='par_1_8' title="bbox 194 4041 393 4049">
     <span class='ocr_line' id='line_1_35' title="bbox 194 4041 393 4049; baseline 0.005 -1"><span class='ocrx_word' id='word_1_294' title='bbox 194 4041 393 4049; x_wconf 74' lang='lat'><em>—---——</em></span> 
     </span>
    </p>
   </div>
   <div class='ocr_carea' id='block_1_8' title="bbox 195 4111 1560 4666">
    <p class='ocr_par' dir='ltr' id='par_1_9' title="bbox 260 4111 1255 4188">
     <span class='ocr_line' id='line_1_36' title="bbox 260 4111 1255 4188; baseline -0.001 -18"><span class='ocrx_word' id='word_1_295' title='bbox 260 4111 270 4153; x_wconf 88' lang='lat'>¹</span> <span class='ocrx_word' id='word_1_296' title='bbox 295 4116 399 4172; x_wconf 84' lang='lat' dir='ltr'>Paulus</span> <span class='ocrx_word' id='word_1_297' title='bbox 422 4117 570 4187; x_wconf 82' lang='lat' dir='ltr'>Mystener.</span> <span class='ocrx_word' id='word_1_298' title='bbox 611 4117 673 4188; x_wconf 79' lang='lat' dir='ltr'>vgl.</span> <span class='ocrx_word' id='word_1_299' title='bbox 696 4117 765 4173; x_wconf 82' lang='lat' dir='ltr'>iiber</span> <span class='ocrx_word' id='word_1_300' title='bbox 786 4117 834 4171; x_wconf 89' lang='lat' dir='ltr'>ibn</span> <span class='ocrx_word' id='word_1_301' title='bbox 856 4116 901 4172; x_wconf 90' lang='lat' dir='ltr'>Br.</span> <span class='ocrx_word' id='word_1_302' title='bbox 924 4117 989 4187; x_wconf 85' lang='grc'><strong>193,</strong></span> <span class='ocrx_word' id='word_1_303' title='bbox 1009 4116 1037 4175; x_wconf 83' lang='lat' dir='ltr'>S.</span> <span class='ocrx_word' id='word_1_304' title='bbox 1050 4117 1107 4169; x_wconf 77' lang='grc'>969</span> <span class='ocrx_word' id='word_1_305' title='bbox 1129 4115 1211 4170; x_wconf 82' lang='lat' dir='ltr'>Aorn.</span> <span class='ocrx_word' id='word_1_306' title='bbox 1229 4114 1255 4169; x_wconf 80' lang='lat'>2.</span> 
     </span>
    </p>

    <p class='ocr_par' dir='ltr' id='par_1_10' title="bbox 254 4192 731 4267">
     <span class='ocr_line' id='line_1_37' title="bbox 254 4192 731 4267; baseline 0.006 -17"><span class='ocrx_word' id='word_1_307' title='bbox 254 4192 268 4234; x_wconf 82' lang='lat'><strong>²</strong></span> <span class='ocrx_word' id='word_1_308' title='bbox 288 4195 409 4267; x_wconf 69' lang='lat' dir='ltr'>vgrur.</span> <span class='ocrx_word' id='word_1_309' title='bbox 425 4195 490 4250; x_wconf 80' lang='lat'>193.</span> <span class='ocrx_word' id='word_1_310' title='bbox 508 4195 649 4254; x_wconf 70' lang='grc'><strong>191196.</strong></span> <span class='ocrx_word' id='word_1_311' title='bbox 666 4197 731 4254; x_wconf 80' lang='lat' dir='ltr'>rou.</span> 
     </span>
    </p>

    <p class='ocr_par' dir='ltr' id='par_1_11' title="bbox 254 4269 820 4334">
     <span class='ocr_line' id='line_1_38' title="bbox 254 4269 820 4334; baseline 0.004 -4"><span class='ocrx_word' id='word_1_312' title='bbox 254 4269 268 4314; x_wconf 83' lang='lat'><strong>3</strong></span> <span class='ocrx_word' id='word_1_313' title='bbox 288 4276 342 4331; x_wconf 89' lang='lat' dir='ltr'>Die</span> <span class='ocrx_word' id='word_1_314' title='bbox 364 4276 542 4330; x_wconf 64' lang='lat' dir='ltr'>sachsischen</span> <span class='ocrx_word' id='word_1_315' title='bbox 562 4275 676 4334; x_wconf 89' lang='lat' dir='ltr'>Briider.</span> <span class='ocrx_word' id='word_1_316' title='bbox 818 4317 820 4322; x_wconf 89' lang='lat'>-</span> 
     </span>
    </p>

    <p class='ocr_par' dir='ltr' id='par_1_12' title="bbox 254 4350 891 4427">
     <span class='ocr_line' id='line_1_39' title="bbox 254 4350 891 4427; baseline 0.003 -17"><span class='ocrx_word' id='word_1_317' title='bbox 254 4350 269 4393; x_wconf 79' lang='lat'>4</span> <span class='ocrx_word' id='word_1_318' title='bbox 289 4356 350 4427; x_wconf 80' lang='lat' dir='ltr'>Vgl.</span> <span class='ocrx_word' id='word_1_319' title='bbox 373 4357 443 4410; x_wconf 83' lang='lat' dir='ltr'>iiber</span> <span class='ocrx_word' id='word_1_320' title='bbox 456 4356 511 4410; x_wconf 79' lang='lat' dir='ltr'>ihu</span> <span class='ocrx_word' id='word_1_321' title='bbox 534 4355 579 4410; x_wconf 91' lang='lat' dir='ltr'>Br.</span> <span class='ocrx_word' id='word_1_322' title='bbox 593 4357 629 4410; x_wconf 83' lang='grc'>78</span> <span class='ocrx_word' id='word_1_323' title='bbox 648 4356 674 4413; x_wconf 85' lang='lat' dir='ltr'>S.</span> <span class='ocrx_word' id='word_1_324' title='bbox 688 4358 743 4410; x_wconf 80' lang='lat'>117</span> <span class='ocrx_word' id='word_1_325' title='bbox 767 4357 850 4412; x_wconf 87' lang='lat' dir='ltr'>Anm.</span> <span class='ocrx_word' id='word_1_326' title='bbox 866 4358 891 4412; x_wconf 90' lang='lat'>1.</span> 
     </span>
    </p>

    <p class='ocr_par' dir='ltr' id='par_1_13' title="bbox 254 4430 1064 4510">
     <span class='ocr_line' id='line_1_40' title="bbox 254 4430 1064 4510; baseline -0.001 -20"><span class='ocrx_word' id='word_1_327' title='bbox 254 4430 269 4474; x_wconf 80' lang='lat'>⁵</span> <span class='ocrx_word' id='word_1_328' title='bbox 290 4436 531 4492; x_wconf 84' lang='lat' dir='ltr'>Wahrscheinlich</span> <span class='ocrx_word' id='word_1_329' title='bbox 553 4436 590 4490; x_wconf 88' lang='lat' dir='ltr'>ist</span> <span class='ocrx_word' id='word_1_330' title='bbox 610 4437 744 4493; x_wconf 87' lang='lat' dir='ltr'>Heinrich</span> <span class='ocrx_word' id='word_1_331' title='bbox 766 4438 913 4494; x_wconf 85' lang='lat' dir='ltr'>Ebcrbach</span> <span class='ocrx_word' id='word_1_332' title='bbox 935 4437 1064 4510; x_wconf 88' lang='lat' dir='ltr'>gemeint.</span> 
     </span>
    </p>

    <p class='ocr_par' dir='ltr' id='par_1_14' title="bbox 195 4508 1560 4666">
     <span class='ocr_line' id='line_1_41' title="bbox 258 4508 1560 4582; baseline 0 -12"><span class='ocrx_word' id='word_1_333' title='bbox 258 4509 390 4572; x_wconf 62' lang='grc' dir='ltr'>6Ηοτιιι</span> <span class='ocrx_word' id='word_1_334' title='bbox 432 4514 540 4579; x_wconf 84' lang='lat' dir='ltr'>Satiren</span> <span class='ocrx_word' id='word_1_335' title='bbox 559 4517 581 4582; x_wconf 86' lang='grc'><strong>1,</strong></span> <span class='ocrx_word' id='word_1_336' title='bbox 601 4516 647 4575; x_wconf 84' lang='lat' dir='ltr'>lo.</span> <span class='ocrx_word' id='word_1_337' title='bbox 669 4518 741 4571; x_wconf 90' lang='grc'>68-</span> <span class='ocrx_word' id='word_1_338' title='bbox 760 4519 810 4572; x_wconf 83' lang='grc'>69;</span> <span class='ocrx_word' id='word_1_339' title='bbox 844 4517 873 4573; x_wconf 86' lang='lat' dir='ltr'>Si</span> <span class='ocrx_word' id='word_1_340' title='bbox 905 4519 979 4572; x_wconf 82' lang='lat' dir='ltr'>foret</span> <span class='ocrx_word' id='word_1_341' title='bbox 1008 4517 1063 4571; x_wconf 90' lang='lat' dir='ltr'>hoc</span> <span class='ocrx_word' id='word_1_342' title='bbox 1096 4523 1220 4571; x_wconf 83' lang='lat' dir='ltr'>nostmnr</span> <span class='ocrx_word' id='word_1_343' title='bbox 1251 4515 1309 4570; x_wconf 83' lang='lat' dir='ltr'>fato</span> <span class='ocrx_word' id='word_1_344' title='bbox 1342 4519 1443 4572; x_wconf 88' lang='lat' dir='ltr'>dilatus</span> <span class='ocrx_word' id='word_1_345' title='bbox 1474 4519 1502 4571; x_wconf 88' lang='lat' dir='ltr'>in</span> <span class='ocrx_word' id='word_1_346' title='bbox 1555 4508 1560 4518; x_wconf 85' lang='grc'><strong>’</strong></span> 
     </span>
     <span class='ocr_line' id='line_1_42' title="bbox 195 4595 660 4666; baseline 0.013 -16"><span class='ocrx_word' id='word_1_347' title='bbox 195 4613 306 4666; x_wconf 81' lang='lat' dir='ltr'>acrum,</span> <span class='ocrx_word' id='word_1_348' title='bbox 326 4595 472 4651; x_wconf 89' lang='lat' dir='ltr'>Detereret</span> <span class='ocrx_word' id='word_1_349' title='bbox 492 4596 544 4650; x_wconf 89' lang='lat' dir='ltr'>sibi</span> <span class='ocrx_word' id='word_1_350' title='bbox 567 4600 660 4656; x_wconf 88' lang='lat' dir='ltr'>multa.</span> 
     </span>
    </p>
   </div>
   <div class='ocr_carea' id='block_1_9' title="bbox 251 4695 1302 4750">
    <p class='ocr_par' dir='ltr' id='par_1_15' title="bbox 251 4695 1302 4750">
     <span class='ocr_line' id='line_1_43' title="bbox 251 4695 1302 4750; baseline 0.009 -12"><span class='ocrx_word' id='word_1_351' title='bbox 251 4697 498 4750; x_wconf 56' lang='lat' dir='ltr'>flammescens.</span> <span class='ocrx_word' id='word_1_352' title='bbox 512 4697 598 4750; x_wconf 81' lang='lat' dir='ltr'>xvru.</span> <span class='ocrx_word' id='word_1_353' title='bbox 1271 4695 1302 4747; x_wconf 87' lang='lat'>18</span> 
     </span>
    </p>
   </div>
   <div class='ocr_carea' id='block_1_10' title="bbox 0 0 1828 5192">
    <p class='ocr_par' dir='ltr' id='par_1_16' title="bbox 0 0 1828 5192">
     <span class='ocr_line' id='line_1_44' title="bbox 0 0 1828 5192; baseline 0 0"><span class='ocrx_word' id='word_1_354' title='bbox 0 0 1828 5192; x_wconf 95' lang='lat' dir='ltr'> </span> 
     </span>
    </p>
   </div>
  </div>
 </body>
</html>
