<?xml version="1.0" encoding="UTF-8"?>
<!DOCTYPE html PUBLIC "-//W3C//DTD XHTML 1.0 Transitional//EN"
    "http://www.w3.org/TR/xhtml1/DTD/xhtml1-transitional.dtd">
<html xmlns="http://www.w3.org/1999/xhtml" xml:lang="en" lang="en">
 <head>
  <title>
</title>
<meta http-equiv="Content-Type" content="text/html;charset=utf-8" />
  <meta name='ocr-system' content='tesseract 3.04.00' />
  <meta name='ocr-capabilities' content='ocr_page ocr_carea ocr_par ocr_line ocrx_word'/>
</head>
<body>
  <div class='ocr_page' id='page_1' title='image "./derbriefwechsel00sachgoog_0758.png"; bbox 0 0 3625 5192; ppageno 0'>
   <div class='ocr_carea' id='block_1_1' title="bbox 614 377 1506 447">
    <p class='ocr_par' dir='ltr' id='par_1_1' title="bbox 614 377 1506 447">
     <span class='ocr_line' id='line_1_1' title="bbox 614 377 1506 447; baseline 0.003 -14"><span class='ocrx_word' id='word_1_1' title='bbox 614 377 712 447; x_wconf 44' lang='lat' dir='ltr'>,unere</span> <span class='ocrx_word' id='word_1_2' title='bbox 730 380 850 436; x_wconf 82' lang='grc'><strong>11511551</strong></span> <span class='ocrx_word' id='word_1_3' title='bbox 867 382 927 436; x_wconf 84' lang='grc'><strong>583,</strong></span> <span class='ocrx_word' id='word_1_4' title='bbox 946 380 1005 435; x_wconf 82' lang='grc'><strong>584.</strong></span> <span class='ocrx_word' id='word_1_5' title='bbox 1027 380 1087 435; x_wconf 83' lang='grc'><strong>585.</strong></span> <span class='ocrx_word' id='word_1_6' title='bbox 1457 381 1506 436; x_wconf 80' lang='grc'><strong>’251</strong></span> 
     </span>
    </p>
   </div>
   <div class='ocr_carea' id='block_1_2' title="bbox 201 497 1508 819">
    <p class='ocr_par' dir='ltr' id='par_1_2' title="bbox 201 497 1508 819">
     <span class='ocr_line' id='line_1_2' title="bbox 202 497 1508 616; baseline 0 -21"><span class='ocrx_word' id='word_1_7' title='bbox 202 528 308 595; x_wconf 87' lang='lat' dir='ltr'>studet</span> <span class='ocrx_word' id='word_1_8' title='bbox 328 530 592 597; x_wconf 86' lang='lat' dir='ltr'>clementissimus</span> <span class='ocrx_word' id='word_1_9' title='bbox 613 530 771 615; x_wconf 85' lang='lat' dir='ltr'>princeps,</span> <span class='ocrx_word' id='word_1_10' title='bbox 793 538 827 595; x_wconf 89' lang='lat' dir='ltr'>ut</span> <span class='ocrx_word' id='word_1_11' title='bbox 847 550 1008 613; x_wconf 84' lang='lat' dir='ltr'>nunquam</span> <span class='ocrx_word' id='word_1_12' title='bbox 1024 497 1092 597; x_wconf 88' lang='lat' dir='ltr'>non</span> <span class='ocrx_word' id='word_1_13' title='bbox 1105 532 1146 597; x_wconf 88' lang='lat' dir='ltr'>de</span> <span class='ocrx_word' id='word_1_14' title='bbox 1160 541 1194 597; x_wconf 88' lang='grc'>15</span> <span class='ocrx_word' id='word_1_15' title='bbox 1208 534 1327 616; x_wconf 80' lang='lat' dir='ltr'>optime</span> <span class='ocrx_word' id='word_1_16' title='bbox 1337 541 1369 595; x_wconf 89' lang='grc'>51</span> <span class='ocrx_word' id='word_1_17' title='bbox 1385 531 1508 596; x_wconf 91' lang='lat' dir='ltr'>honori-</span> 
     </span>
     <span class='ocr_line' id='line_1_3' title="bbox 201 632 1508 716; baseline 0.002 -19"><span class='ocrx_word' id='word_1_18' title='bbox 201 632 406 699; x_wconf 82' lang='lat' dir='ltr'>ficentissime</span> <span class='ocrx_word' id='word_1_19' title='bbox 432 633 586 715; x_wconf 86' lang='lat' dir='ltr'>loquatur.</span> <span class='ocrx_word' id='word_1_20' title='bbox 634 634 736 699; x_wconf 77' lang='lat' dir='ltr'>Cuius</span> <span class='ocrx_word' id='word_1_21' title='bbox 757 634 882 716; x_wconf 81' lang='lat' dir='ltr'>gratiae</span> <span class='ocrx_word' id='word_1_22' title='bbox 909 635 1021 698; x_wconf 88' lang='lat' dir='ltr'>merito</span> <span class='ocrx_word' id='word_1_23' title='bbox 1041 635 1074 699; x_wconf 90' lang='lat' dir='ltr'>id</span> <span class='ocrx_word' id='word_1_24' title='bbox 1095 636 1229 714; x_wconf 83' lang='lat' dir='ltr'>tribuas,</span> <span class='ocrx_word' id='word_1_25' title='bbox 1254 654 1295 699; x_wconf 89' lang='lat' dir='ltr'>ne</span> <span class='ocrx_word' id='word_1_26' title='bbox 1313 636 1430 699; x_wconf 79' lang='lat' dir='ltr'>frustra</span> <span class='ocrx_word' id='word_1_27' title='bbox 1450 635 1508 700; x_wconf 85' lang='lat' dir='ltr'>abs</span> 
     </span>
     <span class='ocr_line' id='line_1_4' title="bbox 201 736 1508 819; baseline -0.001 -19"><span class='ocrx_word' id='word_1_28' title='bbox 201 744 233 801; x_wconf 88' lang='grc'>15</span> <span class='ocrx_word' id='word_1_29' title='bbox 254 736 334 800; x_wconf 87' lang='grc'><strong>15115</strong></span> <span class='ocrx_word' id='word_1_30' title='bbox 355 736 471 818; x_wconf 79' lang='lat' dir='ltr'>requiri</span> <span class='ocrx_word' id='word_1_31' title='bbox 493 736 687 801; x_wconf 66' lang='lat' dir='ltr'>videantur*</span> <span class='ocrx_word' id='word_1_32' title='bbox 734 737 854 819; x_wconf 79' lang='lat' dir='ltr'>Scripsi</span> <span class='ocrx_word' id='word_1_33' title='bbox 877 743 983 801; x_wconf 87' lang='lat' dir='ltr'>autem</span> <span class='ocrx_word' id='word_1_34' title='bbox 1010 736 1069 801; x_wconf 89' lang='lat' dir='ltr'>tibi</span> <span class='ocrx_word' id='word_1_35' title='bbox 1089 738 1130 801; x_wconf 87' lang='lat' dir='ltr'>de</span> <span class='ocrx_word' id='word_1_36' title='bbox 1151 739 1279 801; x_wconf 82' lang='lat' dir='ltr'>doctore</span> <span class='ocrx_word' id='word_1_37' title='bbox 1299 742 1407 801; x_wconf 88' lang='lat' dir='ltr'>nostro</span> <span class='ocrx_word' id='word_1_38' title='bbox 1427 736 1508 799; x_wconf 87' lang='lat' dir='ltr'>llar-</span> 
     </span>
    </p>
   </div>
   <div class='ocr_carea' id='block_1_3' title="bbox 200 837 1619 921">
    <p class='ocr_par' dir='ltr' id='par_1_3' title="bbox 200 837 1619 921">
     <span class='ocr_line' id='line_1_5' title="bbox 200 837 1619 921; baseline -0.001 -18"><span class='ocrx_word' id='word_1_39' title='bbox 200 840 268 904; x_wconf 88' lang='lat' dir='ltr'>tino</span> <span class='ocrx_word' id='word_1_40' title='bbox 297 838 433 903; x_wconf 62' lang='lat' dir='ltr'>liuthero</span> <span class='ocrx_word' id='word_1_41' title='bbox 458 838 707 921; x_wconf 86' lang='lat' dir='ltr'>Augustiniano‚</span> <span class='ocrx_word' id='word_1_42' title='bbox 733 840 876 903; x_wconf 85' lang='grc'><strong>5515515</strong></span> <span class='ocrx_word' id='word_1_43' title='bbox 896 840 962 905; x_wconf 89' lang='lat' dir='ltr'>scio</span> <span class='ocrx_word' id='word_1_44' title='bbox 983 837 1218 919; x_wconf 73' lang='lat' dir='ltr'><strong>studiosiorem,</strong></span> <span class='ocrx_word' id='word_1_45' title='bbox 1245 857 1340 921; x_wconf 81' lang='lat' dir='ltr'>qnam</span> <span class='ocrx_word' id='word_1_46' title='bbox 1367 846 1401 901; x_wconf 91' lang='lat' dir='ltr'>ut</span> <span class='ocrx_word' id='word_1_47' title='bbox 1426 839 1509 904; x_wconf 90' lang='lat' dir='ltr'>male</span> <span class='ocrx_word' id='word_1_48' title='bbox 1612 892 1619 902; x_wconf 94' lang='lat'><strong>.</strong></span> 
     </span>
    </p>
   </div>
   <div class='ocr_carea' id='block_1_4' title="bbox 199 941 1535 2241">
    <p class='ocr_par' dir='ltr' id='par_1_4' title="bbox 199 941 1535 2241">
     <span class='ocr_line' id='line_1_6' title="bbox 204 941 1509 1042; baseline -0.001 -37"><span class='ocrx_word' id='word_1_49' title='bbox 204 941 283 1007; x_wconf 76' lang='lat' dir='ltr'>&#39;velis</span> <span class='ocrx_word' id='word_1_50' title='bbox 305 941 441 1022; x_wconf 86' lang='lat' dir='ltr'>homini,</span> <span class='ocrx_word' id='word_1_51' title='bbox 463 942 649 1025; x_wconf 84' lang='lat' dir='ltr'>praesertim</span> <span class='ocrx_word' id='word_1_52' title='bbox 668 948 731 1005; x_wconf 88' lang='lat' dir='ltr'>tarn</span> <span class='ocrx_word' id='word_1_53' title='bbox 756 941 953 1021; x_wconf 83' lang='lat' dir='ltr'>Christiano,</span> <span class='ocrx_word' id='word_1_54' title='bbox 982 950 1015 1005; x_wconf 89' lang='lat' dir='ltr'>ut</span> <span class='ocrx_word' id='word_1_55' title='bbox 1036 942 1117 1006; x_wconf 80' lang='lat' dir='ltr'>nihil</span> <span class='ocrx_word' id='word_1_56' title='bbox 1138 942 1258 1005; x_wconf 87' lang='lat' dir='ltr'>veritus</span> <span class='ocrx_word' id='word_1_57' title='bbox 1279 941 1406 1004; x_wconf 88' lang='lat' dir='ltr'>humani</span> <span class='ocrx_word' id='word_1_58' title='bbox 1429 942 1509 1042; x_wconf 52' lang='lat' dir='ltr'>perh</span> 
     </span>
     <span class='ocr_line' id='line_1_7' title="bbox 201 1043 1508 1129; baseline -0.002 -19"><span class='ocrx_word' id='word_1_59' title='bbox 201 1046 264 1110; x_wconf 88' lang='lat' dir='ltr'>culi</span> <span class='ocrx_word' id='word_1_60' title='bbox 281 1045 388 1108; x_wconf 84' lang='lat' dir='ltr'>onrnia</span> <span class='ocrx_word' id='word_1_61' title='bbox 409 1045 499 1109; x_wconf 88' lang='lat' dir='ltr'>malit</span> <span class='ocrx_word' id='word_1_62' title='bbox 519 1046 587 1129; x_wconf 83' lang='lat' dir='ltr'>pati</span> <span class='ocrx_word' id='word_1_63' title='bbox 608 1062 703 1125; x_wconf 85' lang='lat' dir='ltr'>quam</span> <span class='ocrx_word' id='word_1_64' title='bbox 714 1044 872 1109; x_wconf 76' lang='lat' dir='ltr'>Christum</span> <span class='ocrx_word' id='word_1_65' title='bbox 894 1045 1014 1109; x_wconf 88' lang='lat' dir='ltr'>eteius</span> <span class='ocrx_word' id='word_1_66' title='bbox 1036 1053 1101 1108; x_wconf 89' lang='lat' dir='ltr'>tum</span> <span class='ocrx_word' id='word_1_67' title='bbox 1123 1046 1286 1109; x_wconf 82' lang='lat' dir='ltr'>veritatem</span> <span class='ocrx_word' id='word_1_68' title='bbox 1309 1050 1373 1108; x_wconf 92' lang='lat' dir='ltr'>tum</span> <span class='ocrx_word' id='word_1_69' title='bbox 1395 1043 1508 1109; x_wconf 82' lang='lat' dir='ltr'>doctri-</span> 
     </span>
     <span class='ocr_line' id='line_1_8' title="bbox 201 1146 1506 1230; baseline -0.001 -18"><span class='ocrx_word' id='word_1_70' title='bbox 201 1166 274 1212; x_wconf 84' lang='lat' dir='ltr'>nam</span> <span class='ocrx_word' id='word_1_71' title='bbox 296 1164 423 1229; x_wconf 81' lang='lat' dir='ltr'>negare.</span> <span class='ocrx_word' id='word_1_72' title='bbox 473 1146 540 1210; x_wconf 86' lang='lat' dir='ltr'>Deo</span> <span class='ocrx_word' id='word_1_73' title='bbox 562 1146 707 1225; x_wconf 84' lang='lat' dir='ltr'>sitlans,</span> <span class='ocrx_word' id='word_1_74' title='bbox 728 1147 849 1230; x_wconf 79' lang='lat' dir='ltr'>optima</span> <span class='ocrx_word' id='word_1_75' title='bbox 868 1164 1013 1229; x_wconf 85' lang='lat' dir='ltr'>quaeque</span> <span class='ocrx_word' id='word_1_76' title='bbox 1032 1147 1139 1212; x_wconf 86' lang='lat' dir='ltr'>studio</span> <span class='ocrx_word' id='word_1_77' title='bbox 1160 1166 1230 1211; x_wconf 91' lang='lat' dir='ltr'>cum</span> <span class='ocrx_word' id='word_1_78' title='bbox 1256 1166 1331 1211; x_wconf 80' lang='lat' dir='ltr'>vera</span> <span class='ocrx_word' id='word_1_79' title='bbox 1354 1155 1385 1211; x_wconf 87' lang='lat' dir='ltr'>et</span> <span class='ocrx_word' id='word_1_80' title='bbox 1405 1166 1506 1211; x_wconf 85' lang='lat' dir='ltr'>sacro-</span> 
     </span>
     <span class='ocr_line' id='line_1_9' title="bbox 200 1248 1535 1334; baseline -0.003 -19"><span class='ocrx_word' id='word_1_81' title='bbox 200 1258 312 1315; x_wconf 86' lang='lat' dir='ltr'>sancta</span> <span class='ocrx_word' id='word_1_82' title='bbox 336 1250 392 1313; x_wconf 80' lang='lat' dir='ltr'>illa</span> <span class='ocrx_word' id='word_1_83' title='bbox 418 1248 579 1331; x_wconf 76' lang='lat' dir='ltr'>theologia</span> <span class='ocrx_word' id='word_1_84' title='bbox 608 1250 654 1313; x_wconf 90' lang='lat' dir='ltr'>ita</span> <span class='ocrx_word' id='word_1_85' title='bbox 682 1250 888 1330; x_wconf 85' lang='lat' dir='ltr'>reviviscunt,</span> <span class='ocrx_word' id='word_1_86' title='bbox 928 1257 962 1313; x_wconf 90' lang='lat' dir='ltr'>ut</span> <span class='ocrx_word' id='word_1_87' title='bbox 986 1248 1153 1334; x_wconf 75' lang='lat' dir='ltr'>speremus</span> <span class='ocrx_word' id='word_1_88' title='bbox 1177 1251 1263 1313; x_wconf 86' lang='lat' dir='ltr'>brevi</span> <span class='ocrx_word' id='word_1_89' title='bbox 1291 1250 1443 1325; x_wconf 82' lang='lat' dir='ltr'>loturum,</span> <span class='ocrx_word' id='word_1_90' title='bbox 1474 1257 1508 1312; x_wconf 88' lang='grc'>51</span> <span class='ocrx_word' id='word_1_91' title='bbox 1530 1292 1535 1300; x_wconf 81' lang='lat'><em>·</em></span> 
     </span>
     <span class='ocr_line' id='line_1_10' title="bbox 202 1348 1506 1438; baseline -0.002 -21"><span class='ocrx_word' id='word_1_92' title='bbox 202 1372 315 1438; x_wconf 88' lang='lat' dir='ltr'>puras,</span> <span class='ocrx_word' id='word_1_93' title='bbox 345 1359 436 1435; x_wconf 81' lang='lat' dir='ltr'>putas</span> <span class='ocrx_word' id='word_1_94' title='bbox 468 1370 576 1417; x_wconf 88' lang='lat' dir='ltr'>omnes</span> <span class='ocrx_word' id='word_1_95' title='bbox 602 1351 776 1416; x_wconf 81' lang='lat' dir='ltr'>habeamus</span> <span class='ocrx_word' id='word_1_96' title='bbox 806 1352 904 1417; x_wconf 88' lang='lat' dir='ltr'>bonus</span> <span class='ocrx_word' id='word_1_97' title='bbox 931 1360 1023 1417; x_wconf 87' lang='lat' dir='ltr'>artes.</span> <span class='ocrx_word' id='word_1_98' title='bbox 1074 1348 1230 1417; x_wconf 77' lang='lat' dir='ltr'>Dominus</span> <span class='ocrx_word' id='word_1_99' title='bbox 1257 1352 1445 1433; x_wconf 83' lang='lat' dir='ltr'>Pielllnger¹</span> <span class='ocrx_word' id='word_1_100' title='bbox 1476 1361 1506 1415; x_wconf 91' lang='grc'>15</span> 
     </span>
     <span class='ocr_line' id='line_1_11' title="bbox 201 1454 1507 1537; baseline -0.002 -16"><span class='ocrx_word' id='word_1_101' title='bbox 201 1457 318 1521; x_wconf 87' lang='lat' dir='ltr'>salutat</span> <span class='ocrx_word' id='word_1_102' title='bbox 337 1454 498 1519; x_wconf 85' lang='lat' dir='ltr'>fidissime.</span> <span class='ocrx_word' id='word_1_103' title='bbox 522 1454 691 1537; x_wconf 80' lang='lat' dir='ltr'>Nunquam</span> <span class='ocrx_word' id='word_1_104' title='bbox 713 1455 796 1520; x_wconf 90' lang='lat' dir='ltr'>enim</span> <span class='ocrx_word' id='word_1_105' title='bbox 817 1454 864 1518; x_wconf 89' lang='grc'>151</span> <span class='ocrx_word' id='word_1_106' title='bbox 885 1456 1037 1535; x_wconf 85' lang='lat' dir='ltr'>meminit,</span> <span class='ocrx_word' id='word_1_107' title='bbox 1060 1455 1135 1537; x_wconf 87' lang='lat' dir='ltr'>quin</span> <span class='ocrx_word' id='word_1_108' title='bbox 1158 1455 1328 1518; x_wconf 83' lang='lat' dir='ltr'>honorilice</span> <span class='ocrx_word' id='word_1_109' title='bbox 1350 1456 1390 1518; x_wconf 77' lang='lat' dir='ltr'>rte</span> <span class='ocrx_word' id='word_1_110' title='bbox 1411 1461 1444 1518; x_wconf 90' lang='grc'>15</span> <span class='ocrx_word' id='word_1_111' title='bbox 1466 1455 1507 1518; x_wconf 83' lang='lat' dir='ltr'>lo</span> 
     </span>
     <span class='ocr_line' id='line_1_12' title="bbox 201 1557 1505 1641; baseline -0.001 -19"><span class='ocrx_word' id='word_1_112' title='bbox 201 1565 321 1641; x_wconf 87' lang='lat' dir='ltr'>quatur.</span> <span class='ocrx_word' id='word_1_113' title='bbox 365 1558 492 1622; x_wconf 84' lang='lat' dir='ltr'>Celabis</span> <span class='ocrx_word' id='word_1_114' title='bbox 514 1558 622 1641; x_wconf 86' lang='lat' dir='ltr'>procul</span> <span class='ocrx_word' id='word_1_115' title='bbox 643 1557 754 1637; x_wconf 89' lang='lat' dir='ltr'>dubio,</span> <span class='ocrx_word' id='word_1_116' title='bbox 783 1559 864 1640; x_wconf 84' lang='lat' dir='ltr'>quae</span> <span class='ocrx_word' id='word_1_117' title='bbox 891 1558 950 1622; x_wconf 90' lang='lat' dir='ltr'>tibi</span> <span class='ocrx_word' id='word_1_118' title='bbox 973 1558 1156 1641; x_wconf 85' lang='lat' dir='ltr'>praesentis</span> <span class='ocrx_word' id='word_1_119' title='bbox 1176 1558 1363 1622; x_wconf 89' lang='lat' dir='ltr'>scribuntur.</span> <span class='ocrx_word' id='word_1_120' title='bbox 1398 1557 1505 1631; x_wconf 84' lang='lat' dir='ltr'>Vides,</span> 
     </span>
     <span class='ocr_line' id='line_1_13' title="bbox 199 1654 1509 1745; baseline -0.003 -18"><span class='ocrx_word' id='word_1_121' title='bbox 199 1662 243 1727; x_wconf 93' lang='lat' dir='ltr'>mi</span> <span class='ocrx_word' id='word_1_122' title='bbox 264 1660 448 1726; x_wconf 75' lang='lat' dir='ltr'>charissime</span> <span class='ocrx_word' id='word_1_123' title='bbox 470 1654 665 1743; x_wconf 81' lang='lat' dir='ltr'>praeceptor,</span> <span class='ocrx_word' id='word_1_124' title='bbox 687 1661 719 1723; x_wconf 94' lang='lat' dir='ltr'>in</span> <span class='ocrx_word' id='word_1_125' title='bbox 735 1680 829 1742; x_wconf 85' lang='lat' dir='ltr'>quam</span> <span class='ocrx_word' id='word_1_126' title='bbox 845 1660 991 1725; x_wconf 83' lang='lat' dir='ltr'>dilticilio</span> <span class='ocrx_word' id='word_1_127' title='bbox 1004 1666 1147 1745; x_wconf 86' lang='lat' dir='ltr'>tempora</span> <span class='ocrx_word' id='word_1_128' title='bbox 1163 1680 1220 1725; x_wconf 90' lang='lat' dir='ltr'>nos</span> <span class='ocrx_word' id='word_1_129' title='bbox 1234 1667 1324 1724; x_wconf 82' lang='lat' dir='ltr'>aetas</span> <span class='ocrx_word' id='word_1_130' title='bbox 1340 1658 1509 1724; x_wconf 85' lang='lat' dir='ltr'>adduxerit</span> 
     </span>
     <span class='ocr_line' id='line_1_14' title="bbox 199 1761 1507 1843; baseline -0.003 -16"><span class='ocrx_word' id='word_1_131' title='bbox 199 1772 307 1828; x_wconf 87' lang='lat' dir='ltr'>nostra</span> <span class='ocrx_word' id='word_1_132' title='bbox 335 1782 485 1829; x_wconf 86' lang='lat' dir='ltr'>erasures</span> <span class='ocrx_word' id='word_1_133' title='bbox 505 1764 677 1828; x_wconf 89' lang='lat' dir='ltr'>incolumes</span> <span class='ocrx_word' id='word_1_134' title='bbox 699 1770 729 1827; x_wconf 90' lang='lat' dir='ltr'>et</span> <span class='ocrx_word' id='word_1_135' title='bbox 758 1769 854 1840; x_wconf 84' lang='lat' dir='ltr'>tutes,</span> <span class='ocrx_word' id='word_1_136' title='bbox 884 1764 912 1827; x_wconf 92' lang='lat' dir='ltr'>si</span> <span class='ocrx_word' id='word_1_137' title='bbox 943 1763 1117 1827; x_wconf 82' lang='lat' dir='ltr'>habeamus</span> <span class='ocrx_word' id='word_1_138' title='bbox 1146 1763 1279 1826; x_wconf 88' lang='lat' dir='ltr'>alterum</span> <span class='ocrx_word' id='word_1_139' title='bbox 1300 1761 1507 1843; x_wconf 78' lang='lat' dir='ltr'>Fridericum,</span> 
     </span>
     <span class='ocr_line' id='line_1_15' title="bbox 200 1864 1506 1949; baseline -0.002 -20"><span class='ocrx_word' id='word_1_140' title='bbox 200 1868 298 1930; x_wconf 85' lang='lat' dir='ltr'>nostri</span> <span class='ocrx_word' id='word_1_141' title='bbox 318 1864 473 1932; x_wconf 76' lang='lat' dir='ltr'>Friderici</span> <span class='ocrx_word' id='word_1_142' title='bbox 495 1864 639 1932; x_wconf 88' lang='lat' dir='ltr'>similem.</span> <span class='ocrx_word' id='word_1_143' title='bbox 683 1864 1392 1949; x_wconf 70' lang='grc'><strong>1111155555551515155155515155155,5511</strong></span> <span class='ocrx_word' id='word_1_144' title='bbox 1414 1882 1506 1945; x_wconf 84' lang='lat' dir='ltr'>quem</span> 
     </span>
     <span class='ocr_line' id='line_1_16' title="bbox 199 1967 1507 2053; baseline -0.003 -20"><span class='ocrx_word' id='word_1_145' title='bbox 199 1970 302 2051; x_wconf 79' lang='grc'><strong>555515</strong></span> <span class='ocrx_word' id='word_1_146' title='bbox 331 1977 436 2035; x_wconf 89' lang='lat' dir='ltr'>nostro</span> <span class='ocrx_word' id='word_1_147' title='bbox 463 1988 663 2053; x_wconf 84' lang='lat' dir='ltr'>comparare,</span> <span class='ocrx_word' id='word_1_148' title='bbox 694 1970 749 2032; x_wconf 82' lang='lat' dir='ltr'>vix</span> <span class='ocrx_word' id='word_1_149' title='bbox 780 1986 874 2033; x_wconf 88' lang='lat' dir='ltr'>unum</span> <span class='ocrx_word' id='word_1_150' title='bbox 904 1976 959 2031; x_wconf 92' lang='lat' dir='ltr'>aut</span> <span class='ocrx_word' id='word_1_151' title='bbox 989 1967 1122 2032; x_wconf 86' lang='lat' dir='ltr'>alterum</span> <span class='ocrx_word' id='word_1_152' title='bbox 1153 1969 1252 2033; x_wconf 86' lang='lat' dir='ltr'>multa</span> <span class='ocrx_word' id='word_1_153' title='bbox 1282 1968 1377 2032; x_wconf 87' lang='lat' dir='ltr'>etiam</span> <span class='ocrx_word' id='word_1_154' title='bbox 1407 1985 1507 2045; x_wconf 77' lang='lat' dir='ltr'>regna</span> 
     </span>
     <span class='ocr_line' id='line_1_17' title="bbox 199 2070 700 2139; baseline 0 -2"><span class='ocrx_word' id='word_1_155' title='bbox 199 2078 364 2139; x_wconf 80' lang='lat' dir='ltr'>scrutatus.</span> <span class='ocrx_word' id='word_1_156' title='bbox 405 2072 486 2139; x_wconf 86' lang='lat' dir='ltr'>Vale</span> <span class='ocrx_word' id='word_1_157' title='bbox 506 2070 700 2139; x_wconf 79' lang='lat' dir='ltr'>felicissime.</span> 
     </span>
     <span class='ocr_line' id='line_1_18' title="bbox 282 2173 1149 2241; baseline -0.001 -4"><span class='ocrx_word' id='word_1_158' title='bbox 282 2174 397 2240; x_wconf 87' lang='lat' dir='ltr'>Datum</span> <span class='ocrx_word' id='word_1_159' title='bbox 419 2194 456 2239; x_wconf 84' lang='lat' dir='ltr'>ex</span> <span class='ocrx_word' id='word_1_160' title='bbox 480 2195 553 2241; x_wconf 82' lang='lat' dir='ltr'>arce</span> <span class='ocrx_word' id='word_1_161' title='bbox 572 2175 731 2240; x_wconf 88' lang='lat' dir='ltr'>Loehana.</span> <span class='ocrx_word' id='word_1_162' title='bbox 773 2174 874 2240; x_wconf 85' lang='lat' dir='ltr'>Nonis</span> <span class='ocrx_word' id='word_1_163' title='bbox 896 2174 975 2238; x_wconf 87' lang='lat' dir='ltr'>Maii</span> <span class='ocrx_word' id='word_1_164' title='bbox 996 2173 1149 2238; x_wconf 85' lang='lat' dir='ltr'>thXlX.</span> 
     </span>
    </p>
   </div>
   <div class='ocr_carea' id='block_1_5' title="bbox 198 2284 1505 2573">
    <p class='ocr_par' dir='ltr' id='par_1_5' title="bbox 198 2284 1505 2573">
     <span class='ocr_line' id='line_1_19' title="bbox 268 2284 1504 2361; baseline -0.003 -16"><span class='ocrx_word' id='word_1_165' title='bbox 268 2284 345 2347; x_wconf 76' lang='grc'><strong>115515.</strong></span> <span class='ocrx_word' id='word_1_166' title='bbox 369 2299 391 2355; x_wconf 83' lang='lat' dir='ltr'>l)</span> <span class='ocrx_word' id='word_1_167' title='bbox 414 2299 512 2347; x_wconf 83' lang='lat' dir='ltr'>Tertius</span> <span class='ocrx_word' id='word_1_168' title='bbox 535 2300 634 2347; x_wconf 84' lang='lat' dir='ltr'>libellus</span> <span class='ocrx_word' id='word_1_169' title='bbox 653 2292 658 2361; x_wconf 74' lang='grc'>1</span> <span class='ocrx_word' id='word_1_170' title='bbox 679 2299 847 2359; x_wconf 75' lang='lat' dir='ltr'>Epistularum</span> <span class='ocrx_word' id='word_1_171' title='bbox 869 2298 900 2345; x_wconf 87' lang='lat' dir='ltr'>H.</span> <span class='ocrx_word' id='word_1_172' title='bbox 923 2294 927 2359; x_wconf 82' lang='grc' dir='ltr'>Ι</span> <span class='ocrx_word' id='word_1_173' title='bbox 948 2297 1049 2361; x_wconf 61' lang='lat' dir='ltr'>hiberii</span> <span class='ocrx_word' id='word_1_174' title='bbox 1065 2297 1136 2345; x_wconf 81' lang='lat' dir='ltr'>Hesai</span> <span class='ocrx_word' id='word_1_175' title='bbox 1154 2301 1181 2345; x_wconf 86' lang='grc'>51</span> <span class='ocrx_word' id='word_1_176' title='bbox 1201 2293 1326 2357; x_wconf 73' lang='lat' dir='ltr'>loliorum</span> <span class='ocrx_word' id='word_1_177' title='bbox 1348 2296 1504 2358; x_wconf 75' lang='lat' dir='ltr'>quorundam</span> 
     </span>
     <span class='ocr_line' id='line_1_20' title="bbox 199 2363 1505 2430; baseline -0.003 -13"><span class='ocrx_word' id='word_1_178' title='bbox 199 2371 323 2430; x_wconf 81' lang='lat' dir='ltr'>virorum,</span> <span class='ocrx_word' id='word_1_179' title='bbox 342 2372 500 2430; x_wconf 76' lang='lat' dir='ltr'>auctoritate,</span> <span class='ocrx_word' id='word_1_180' title='bbox 520 2370 627 2430; x_wconf 85' lang='lat' dir='ltr'>virtute,</span> <span class='ocrx_word' id='word_1_181' title='bbox 650 2369 775 2429; x_wconf 80' lang='lat' dir='ltr'>sapientis</span> <span class='ocrx_word' id='word_1_182' title='bbox 791 2363 795 2429; x_wconf 77' lang='lat' dir='ltr'>l</span> <span class='ocrx_word' id='word_1_183' title='bbox 811 2368 976 2428; x_wconf 74' lang='lat' dir='ltr'>doctrinaque</span> <span class='ocrx_word' id='word_1_184' title='bbox 994 2368 1177 2417; x_wconf 83' lang='lat' dir='ltr'>excellentium.</span> <span class='ocrx_word' id='word_1_185' title='bbox 1202 2364 1207 2427; x_wconf 90' lang='grc' dir='ltr'>Ι</span> <span class='ocrx_word' id='word_1_186' title='bbox 1238 2368 1328 2416; x_wconf 77' lang='lat' dir='ltr'>Editus</span> <span class='ocrx_word' id='word_1_187' title='bbox 1345 2371 1432 2415; x_wconf 78' lang='lat' dir='ltr'>sutore</span> <span class='ocrx_word' id='word_1_188' title='bbox 1452 2368 1505 2413; x_wconf 84' lang='grc'><strong>155-</strong></span> 
     </span>
     <span class='ocr_line' id='line_1_21' title="bbox 198 2434 1505 2504; baseline -0.004 -17"><span class='ocrx_word' id='word_1_189' title='bbox 198 2441 279 2487; x_wconf 87' lang='lat' dir='ltr'>ehimo</span> <span class='ocrx_word' id='word_1_190' title='bbox 300 2434 303 2503; x_wconf 74' lang='lat' dir='ltr'>l</span> <span class='ocrx_word' id='word_1_191' title='bbox 324 2441 466 2488; x_wconf 81' lang='lat' dir='ltr'>Camerario</span> <span class='ocrx_word' id='word_1_192' title='bbox 495 2441 632 2500; x_wconf 75' lang='lat' dir='ltr'>Papeberg,</span> <span class='ocrx_word' id='word_1_193' title='bbox 681 2438 789 2499; x_wconf 75' lang='lat' dir='ltr'>lipsiae.</span> <span class='ocrx_word' id='word_1_194' title='bbox 817 2440 891 2486; x_wconf 76' lang='lat' dir='ltr'>Anno</span> <span class='ocrx_word' id='word_1_195' title='bbox 917 2438 1033 2487; x_wconf 78' lang='lat' dir='ltr'>MDLXl.</span> <span class='ocrx_word' id='word_1_196' title='bbox 1060 2439 1324 2504; x_wconf 66' lang='lat' dir='ltr'>sother-ore.</span> <span class='ocrx_word' id='word_1_197' title='bbox 1352 2460 1385 2471; x_wconf 90' lang='lat'>-</span> <span class='ocrx_word' id='word_1_198' title='bbox 1420 2438 1446 2492; x_wconf 82' lang='grc'>2)</span> <span class='ocrx_word' id='word_1_199' title='bbox 1470 2437 1505 2482; x_wconf 84' lang='lat' dir='ltr'>Tr.</span> 
     </span>
     <span class='ocr_line' id='line_1_22' title="bbox 199 2510 566 2573; baseline 0.005 -16"><span class='ocrx_word' id='word_1_200' title='bbox 199 2511 252 2559; x_wconf 83' lang='grc'><strong>1151.</strong></span> <span class='ocrx_word' id='word_1_201' title='bbox 273 2526 310 2573; x_wconf 83' lang='lat' dir='ltr'>ep.</span> <span class='ocrx_word' id='word_1_202' title='bbox 331 2510 392 2558; x_wconf 79' lang='lat' dir='ltr'>Mut.</span> <span class='ocrx_word' id='word_1_203' title='bbox 412 2513 428 2559; x_wconf 85' lang='lat' dir='ltr'>S</span> <span class='ocrx_word' id='word_1_204' title='bbox 447 2511 566 2559; x_wconf 84' lang='grc'><strong>37-38.</strong></span> 
     </span>
    </p>
   </div>
   <div class='ocr_carea' id='block_1_6' title="bbox 269 2614 636 2664">
    <p class='ocr_par' dir='ltr' id='par_1_6' title="bbox 269 2614 636 2664">
     <span class='ocr_line' id='line_1_23' title="bbox 269 2614 636 2664; baseline -0.003 -1"><span class='ocrx_word' id='word_1_205' title='bbox 269 2618 280 2646; x_wconf 69' lang='grc'>1</span> <span class='ocrx_word' id='word_1_206' title='bbox 301 2614 370 2664; x_wconf 80' lang='lat' dir='ltr'>Cum.</span> <span class='ocrx_word' id='word_1_207' title='bbox 391 2616 439 2662; x_wconf 81' lang='lat' dir='ltr'>rrrrrl</span> <span class='ocrx_word' id='word_1_208' title='bbox 461 2616 636 2663; x_wconf 65' lang='lat' dir='ltr'>revincatur.</span> 
     </span>
    </p>
   </div>
   <div class='ocr_carea' id='block_1_7' title="bbox 199 2840 1505 2936">
    <p class='ocr_par' dir='ltr' id='par_1_7' title="bbox 199 2840 1505 2936">
     <span class='ocr_line' id='line_1_24' title="bbox 199 2840 1505 2936; baseline -0.005 -23"><span class='ocrx_word' id='word_1_209' title='bbox 199 2840 579 2936; x_wconf 73' lang='grc'><strong>5851155155555</strong></span> <span class='ocrx_word' id='word_1_210' title='bbox 603 2840 734 2925; x_wconf 79' lang='lat' dir='ltr'>Lange.</span> <span class='ocrx_word' id='word_1_211' title='bbox 878 2840 1260 2925; x_wconf 47' lang='grc'><strong>((151551517-’1515</strong></span> <span class='ocrx_word' id='word_1_212' title='bbox 1291 2841 1505 2933; x_wconf 82' lang='grc'><strong>1111151151.)</strong></span> 
     </span>
    </p>
   </div>
   <div class='ocr_carea' id='block_1_8' title="bbox 198 2966 1505 3098">
    <p class='ocr_par' dir='ltr' id='par_1_8' title="bbox 198 2966 1505 3098">
     <span class='ocr_line' id='line_1_25' title="bbox 268 2966 1505 3028; baseline 0 -15"><span class='ocrx_word' id='word_1_213' title='bbox 268 2966 330 3013; x_wconf 71' lang='lat' dir='ltr'>Hui.</span> <span class='ocrx_word' id='word_1_214' title='bbox 350 2966 491 3027; x_wconf 81' lang='lat' dir='ltr'>versprieht</span> <span class='ocrx_word' id='word_1_215' title='bbox 514 2967 570 3013; x_wconf 87' lang='lat' dir='ltr'>dem</span> <span class='ocrx_word' id='word_1_216' title='bbox 589 2967 676 3027; x_wconf 49' lang='lat' dir='ltr'>lanugo</span> <span class='ocrx_word' id='word_1_217' title='bbox 698 2967 738 3015; x_wconf 82' lang='lat' dir='ltr'>tur</span> <span class='ocrx_word' id='word_1_218' title='bbox 760 2968 808 3015; x_wconf 83' lang='lat' dir='ltr'>deu</span> <span class='ocrx_word' id='word_1_219' title='bbox 828 2969 949 3015; x_wconf 82' lang='lat' dir='ltr'>rriichsten</span> <span class='ocrx_word' id='word_1_220' title='bbox 968 2968 1125 3027; x_wconf 63' lang='grc'><strong>1535511155</strong></span> <span class='ocrx_word' id='word_1_221' title='bbox 1146 2968 1252 3028; x_wconf 79' lang='lat' dir='ltr'>Besurh,</span> <span class='ocrx_word' id='word_1_222' title='bbox 1272 2982 1314 3015; x_wconf 86' lang='lat' dir='ltr'>um</span> <span class='ocrx_word' id='word_1_223' title='bbox 1332 2968 1505 3027; x_wconf 82' lang='lat' dir='ltr'>Bileharange·</span> 
     </span>
     <span class='ocr_line' id='line_1_26' title="bbox 198 3037 586 3098; baseline -0.005 -15"><span class='ocrx_word' id='word_1_224' title='bbox 198 3037 357 3098; x_wconf 78' lang='lat' dir='ltr'>legcnheiten</span> <span class='ocrx_word' id='word_1_225' title='bbox 378 3052 406 3085; x_wconf 81' lang='lat' dir='ltr'>zu</span> <span class='ocrx_word' id='word_1_226' title='bbox 425 3038 586 3097; x_wconf 83' lang='lat' dir='ltr'>besprechcn.</span> 
     </span>
    </p>
   </div>
   <div class='ocr_carea' id='block_1_9' title="bbox 132 3136 1507 3938">
    <p class='ocr_par' dir='ltr' id='par_1_9' title="bbox 277 3136 1453 3221">
     <span class='ocr_line' id='line_1_27' title="bbox 277 3136 1453 3221; baseline -0.005 -18"><span class='ocrx_word' id='word_1_227' title='bbox 277 3136 389 3203; x_wconf 91' lang='lat' dir='ltr'>Ioanni</span> <span class='ocrx_word' id='word_1_228' title='bbox 409 3136 539 3219; x_wconf 79' lang='lat' dir='ltr'>Longo</span> <span class='ocrx_word' id='word_1_229' title='bbox 561 3136 732 3201; x_wconf 81' lang='lat' dir='ltr'>Aureliane</span> <span class='ocrx_word' id='word_1_230' title='bbox 753 3136 885 3203; x_wconf 82' lang='grc'><strong>15511551</strong></span> <span class='ocrx_word' id='word_1_231' title='bbox 907 3138 1056 3221; x_wconf 81' lang='lat' dir='ltr'>prefecto,</span> <span class='ocrx_word' id='word_1_232' title='bbox 1076 3138 1180 3203; x_wconf 88' lang='lat' dir='ltr'>amico</span> <span class='ocrx_word' id='word_1_233' title='bbox 1201 3136 1376 3202; x_wconf 78' lang='grc'><strong>1155551555</strong></span> <span class='ocrx_word' id='word_1_234' title='bbox 1396 3144 1453 3201; x_wconf 87' lang='lat' dir='ltr'>ete.</span> 
     </span>
    </p>

    <p class='ocr_par' dir='ltr' id='par_1_10' title="bbox 132 3237 1507 3938">
     <span class='ocr_line' id='line_1_28' title="bbox 278 3237 1507 3322; baseline 0 -20"><span class='ocrx_word' id='word_1_235' title='bbox 278 3239 363 3305; x_wconf 82' lang='lat' dir='ltr'>liene</span> <span class='ocrx_word' id='word_1_236' title='bbox 391 3238 497 3303; x_wconf 88' lang='lat' dir='ltr'>habet.</span> <span class='ocrx_word' id='word_1_237' title='bbox 551 3238 681 3303; x_wconf 78' lang='lat' dir='ltr'>Excidit</span> <span class='ocrx_word' id='word_1_238' title='bbox 714 3237 792 3304; x_wconf 92' lang='lat' dir='ltr'>mihi</span> <span class='ocrx_word' id='word_1_239' title='bbox 818 3239 998 3305; x_wconf 84' lang='lat' dir='ltr'>nummaria</span> <span class='ocrx_word' id='word_1_240' title='bbox 1023 3241 1137 3306; x_wconf 87' lang='lat' dir='ltr'>messis</span> <span class='ocrx_word' id='word_1_241' title='bbox 1162 3242 1361 3307; x_wconf 78' lang='grc'>55555555112</span> <span class='ocrx_word' id='word_1_242' title='bbox 1396 3240 1507 3322; x_wconf 78' lang='lat' dir='ltr'>templi</span> 
     </span>
     <span class='ocr_line' id='line_1_29' title="bbox 200 3340 1507 3425; baseline -0.001 -18"><span class='ocrx_word' id='word_1_243' title='bbox 200 3340 304 3407; x_wconf 85' lang='lat' dir='ltr'>vestri.</span> <span class='ocrx_word' id='word_1_244' title='bbox 346 3342 445 3407; x_wconf 79' lang='lat' dir='ltr'>Nelos</span> <span class='ocrx_word' id='word_1_245' title='bbox 463 3347 554 3420; x_wconf 88' lang='lat' dir='ltr'>esset,</span> <span class='ocrx_word' id='word_1_246' title='bbox 578 3341 607 3405; x_wconf 91' lang='lat' dir='ltr'>si</span> <span class='ocrx_word' id='word_1_247' title='bbox 627 3360 697 3405; x_wconf 86' lang='grc'><strong>5555</strong></span> <span class='ocrx_word' id='word_1_248' title='bbox 721 3340 784 3403; x_wconf 84' lang='lat' dir='ltr'>dux</span> <span class='ocrx_word' id='word_1_249' title='bbox 808 3347 839 3407; x_wconf 94' lang='grc'>51</span> <span class='ocrx_word' id='word_1_250' title='bbox 863 3348 1065 3407; x_wconf 86' lang='lat' dir='ltr'>conservator</span> <span class='ocrx_word' id='word_1_251' title='bbox 1080 3343 1190 3425; x_wconf 80' lang='lat' dir='ltr'>gregis</span> <span class='ocrx_word' id='word_1_252' title='bbox 1211 3343 1409 3409; x_wconf 86' lang='lat' dir='ltr'>subduceret.</span> <span class='ocrx_word' id='word_1_253' title='bbox 1450 3344 1507 3407; x_wconf 82' lang='lat' dir='ltr'>tir·</span> 
     </span>
     <span class='ocr_line' id='line_1_30' title="bbox 132 3443 1507 3529; baseline 0.001 -21"><span class='ocrx_word' id='word_1_254' title='bbox 132 3524 134 3527; x_wconf 17' lang='lat'>¹</span> <span class='ocrx_word' id='word_1_255' title='bbox 198 3444 290 3509; x_wconf 86' lang='lat' dir='ltr'>nabis</span> <span class='ocrx_word' id='word_1_256' title='bbox 320 3443 535 3509; x_wconf 80' lang='lat' dir='ltr'>celebritatem</span> <span class='ocrx_word' id='word_1_257' title='bbox 563 3451 616 3507; x_wconf 85' lang='lat' dir='ltr'>tua</span> <span class='ocrx_word' id='word_1_258' title='bbox 642 3444 811 3527; x_wconf 84' lang='lat' dir='ltr'>presentis.</span> <span class='ocrx_word' id='word_1_259' title='bbox 861 3444 972 3525; x_wconf 86' lang='lat' dir='ltr'>ltaque</span> <span class='ocrx_word' id='word_1_260' title='bbox 1001 3450 1034 3508; x_wconf 90' lang='lat' dir='ltr'>ut</span> <span class='ocrx_word' id='word_1_261' title='bbox 1055 3443 1149 3509; x_wconf 86' lang='lat' dir='ltr'>hodic</span> <span class='ocrx_word' id='word_1_262' title='bbox 1168 3446 1327 3527; x_wconf 86' lang='lat' dir='ltr'>bilingues</span> <span class='ocrx_word' id='word_1_263' title='bbox 1348 3464 1417 3509; x_wconf 87' lang='lat' dir='ltr'>esse</span> <span class='ocrx_word' id='word_1_264' title='bbox 1437 3466 1507 3529; x_wconf 87' lang='lat' dir='ltr'>per-</span> 
     </span>
     <span class='ocr_line' id='line_1_31' title="bbox 198 3538 1505 3631; baseline 0.001 -22"><span class='ocrx_word' id='word_1_265' title='bbox 198 3565 391 3613; x_wconf 79' lang='lat' dir='ltr'>severemus:</span> <span class='ocrx_word' id='word_1_266' title='bbox 430 3546 531 3627; x_wconf 74' lang='grc' dir='ltr'>Χαῖρε,</span> <span class='ocrx_word' id='word_1_267' title='bbox 553 3539 705 3607; x_wconf 81' lang='grc' dir='ltr'>ἐπιστάτα</span> <span class='ocrx_word' id='word_1_268' title='bbox 724 3550 785 3607; x_wconf 80' lang='grc' dir='ltr'>τῶν</span> <span class='ocrx_word' id='word_1_269' title='bbox 805 3550 961 3628; x_wconf 65' lang='lat' dir='ltr'>horrescis</span> <span class='ocrx_word' id='word_1_270' title='bbox 979 3548 1033 3609; x_wconf 74' lang='grc' dir='ltr'>καὶ</span> <span class='ocrx_word' id='word_1_271' title='bbox 1053 3538 1216 3609; x_wconf 67' lang='grc' dir='ltr'>διδάσκαλε</span> <span class='ocrx_word' id='word_1_272' title='bbox 1235 3552 1296 3609; x_wconf 80' lang='grc' dir='ltr'>τῶν</span> <span class='ocrx_word' id='word_1_273' title='bbox 1316 3550 1505 3631; x_wconf 73' lang='grc' dir='ltr'><strong>χολαστικῶν</strong></span> 
     </span>
     <span class='ocr_line' id='line_1_32' title="bbox 198 3648 1506 3731; baseline 0.002 -18"><span class='ocrx_word' id='word_1_274' title='bbox 198 3648 457 3715; x_wconf 82' lang='lat' dir='ltr'>Eriordiensiunr.</span> <span class='ocrx_word' id='word_1_275' title='bbox 506 3650 602 3723; x_wconf 79' lang='lat' dir='ltr'>Cras,</span> <span class='ocrx_word' id='word_1_276' title='bbox 632 3649 659 3713; x_wconf 89' lang='lat' dir='ltr'>si</span> <span class='ocrx_word' id='word_1_277' title='bbox 690 3650 831 3731; x_wconf 79' lang='grc'><strong>1555511,</strong></span> <span class='ocrx_word' id='word_1_278' title='bbox 859 3656 890 3715; x_wconf 87' lang='grc'>15</span> <span class='ocrx_word' id='word_1_279' title='bbox 921 3650 1066 3717; x_wconf 85' lang='grc'><strong>55151555</strong></span> <span class='ocrx_word' id='word_1_280' title='bbox 1097 3650 1147 3713; x_wconf 88' lang='lat' dir='ltr'>vel</span> <span class='ocrx_word' id='word_1_281' title='bbox 1171 3671 1209 3715; x_wconf 91' lang='lat' dir='ltr'>eo</span> <span class='ocrx_word' id='word_1_282' title='bbox 1230 3651 1382 3729; x_wconf 85' lang='lat' dir='ltr'>maxime,</span> <span class='ocrx_word' id='word_1_283' title='bbox 1411 3660 1445 3714; x_wconf 87' lang='lat' dir='ltr'>ut</span> <span class='ocrx_word' id='word_1_284' title='bbox 1465 3651 1506 3715; x_wconf 79' lang='lat' dir='ltr'>tle</span> 
     </span>
     <span class='ocr_line' id='line_1_33' title="bbox 198 3744 1506 3833; baseline 0.002 -19"><span class='ocrx_word' id='word_1_285' title='bbox 198 3750 299 3817; x_wconf 87' lang='lat' dir='ltr'>literis</span> <span class='ocrx_word' id='word_1_286' title='bbox 319 3760 351 3818; x_wconf 88' lang='grc'>51</span> <span class='ocrx_word' id='word_1_287' title='bbox 372 3751 507 3819; x_wconf 88' lang='lat' dir='ltr'>literatis</span> <span class='ocrx_word' id='word_1_288' title='bbox 528 3753 750 3833; x_wconf 82' lang='lat' dir='ltr'>colloquamur.</span> <span class='ocrx_word' id='word_1_289' title='bbox 793 3752 896 3833; x_wconf 82' lang='lat' dir='ltr'>Caput</span> <span class='ocrx_word' id='word_1_290' title='bbox 917 3744 1184 3820; x_wconf 83' lang='lat' dir='ltr'>confsbulatio&#39;nis</span> <span class='ocrx_word' id='word_1_291' title='bbox 1204 3753 1265 3817; x_wconf 89' lang='lat' dir='ltr'>erit</span> <span class='ocrx_word' id='word_1_292' title='bbox 1287 3753 1506 3818; x_wconf 61' lang='lat' dir='ltr'>bibliothecari</span> 
     </span>
     <span class='ocr_line' id='line_1_34' title="bbox 198 3853 1504 3938; baseline 0 -19"><span class='ocrx_word' id='word_1_293' title='bbox 198 3854 298 3935; x_wconf 88' lang='lat' dir='ltr'>Heus,</span> <span class='ocrx_word' id='word_1_294' title='bbox 316 3854 441 3935; x_wconf 82' lang='lat' dir='ltr'>Lange,</span> <span class='ocrx_word' id='word_1_295' title='bbox 463 3854 572 3935; x_wconf 85' lang='lat' dir='ltr'>quanti</span> <span class='ocrx_word' id='word_1_296' title='bbox 594 3854 799 3935; x_wconf 63' lang='lat' dir='ltr'>ritheueus?t</span> <span class='ocrx_word' id='word_1_297' title='bbox 841 3853 924 3933; x_wconf 77' lang='lat' dir='ltr'>Quid</span> <span class='ocrx_word' id='word_1_298' title='bbox 945 3855 1099 3938; x_wconf 83' lang='lat' dir='ltr'>imprimit</span> <span class='ocrx_word' id='word_1_299' title='bbox 1119 3855 1372 3937; x_wconf 79' lang='lat' dir='ltr'>Vnittenberga?</span> <span class='ocrx_word' id='word_1_300' title='bbox 1420 3856 1504 3933; x_wconf 74' lang='lat' dir='ltr'>Quid</span> 
     </span>
    </p>
   </div>
   <div class='ocr_carea' id='block_1_10' title="bbox 198 4068 1504 4693">
    <p class='ocr_par' dir='ltr' id='par_1_11' title="bbox 198 4068 1504 4208">
     <span class='ocr_line' id='line_1_35' title="bbox 198 4068 1504 4145; baseline 0.002 -20"><span class='ocrx_word' id='word_1_301' title='bbox 198 4072 278 4127; x_wconf 88' lang='grc'><strong>51551</strong></span> <span class='ocrx_word' id='word_1_302' title='bbox 302 4068 379 4127; x_wconf 85' lang='lat' dir='ltr'>allzu&#39;</span> <span class='ocrx_word' id='word_1_303' title='bbox 399 4072 508 4127; x_wconf 83' lang='lat' dir='ltr'>lcbhait</span> <span class='ocrx_word' id='word_1_304' title='bbox 528 4072 646 4145; x_wconf 80' lang='lat' dir='ltr'>geliihrt</span> <span class='ocrx_word' id='word_1_305' title='bbox 670 4074 779 4127; x_wconf 85' lang='lat' dir='ltr'>worden</span> <span class='ocrx_word' id='word_1_306' title='bbox 805 4092 838 4127; x_wconf 87' lang='lat' dir='ltr'>zu</span> <span class='ocrx_word' id='word_1_307' title='bbox 859 4074 932 4144; x_wconf 86' lang='lat' dir='ltr'>sein,</span> <span class='ocrx_word' id='word_1_308' title='bbox 956 4075 1008 4129; x_wconf 82' lang='lat' dir='ltr'>mie</span> <span class='ocrx_word' id='word_1_309' title='bbox 1034 4076 1098 4129; x_wconf 86' lang='lat' dir='ltr'>sehr</span> <span class='ocrx_word' id='word_1_310' title='bbox 1118 4075 1178 4130; x_wconf 87' lang='lat' dir='ltr'>dies</span> <span class='ocrx_word' id='word_1_311' title='bbox 1195 4076 1268 4130; x_wconf 80' lang='lat' dir='ltr'>such</span> <span class='ocrx_word' id='word_1_312' title='bbox 1288 4094 1343 4129; x_wconf 91' lang='lat' dir='ltr'>von</span> <span class='ocrx_word' id='word_1_313' title='bbox 1362 4076 1504 4131; x_wconf 74' lang='lat' dir='ltr'>hhierlrich</span> 
     </span>
     <span class='ocr_line' id='line_1_36' title="bbox 198 4134 1005 4208; baseline 0.001 -1"><span class='ocrx_word' id='word_1_314' title='bbox 198 4154 332 4207; x_wconf 80' lang='lat' dir='ltr'>bedeuert</span> <span class='ocrx_word' id='word_1_315' title='bbox 350 4154 450 4208; x_wconf 84' lang='lat' dir='ltr'>wrrrde.</span> <span class='ocrx_word' id='word_1_316' title='bbox 978 4134 1005 4190; x_wconf 57' lang='grc' dir='ltr'><strong><em>ο</em></strong></span> 
     </span>
    </p>

    <p class='ocr_par' dir='ltr' id='par_1_12' title="bbox 259 4230 1439 4305">
     <span class='ocr_line' id='line_1_37' title="bbox 259 4230 1439 4305; baseline 0.004 -17"><span class='ocrx_word' id='word_1_317' title='bbox 259 4230 271 4271; x_wconf 92' lang='lat'>1</span> <span class='ocrx_word' id='word_1_318' title='bbox 290 4234 345 4289; x_wconf 79' lang='grc'><strong>1151</strong></span> <span class='ocrx_word' id='word_1_319' title='bbox 365 4232 521 4288; x_wconf 82' lang='lat' dir='ltr'>Friedrichs</span> <span class='ocrx_word' id='word_1_320' title='bbox 540 4234 588 4287; x_wconf 87' lang='lat' dir='ltr'>des</span> <span class='ocrx_word' id='word_1_321' title='bbox 608 4234 724 4288; x_wconf 83' lang='lat' dir='ltr'>Weisen</span> <span class='ocrx_word' id='word_1_322' title='bbox 747 4236 803 4289; x_wconf 91' lang='lat' dir='ltr'>und</span> <span class='ocrx_word' id='word_1_323' title='bbox 825 4234 1015 4305; x_wconf 76' lang='lat' dir='ltr'>langjtihriger</span> <span class='ocrx_word' id='word_1_324' title='bbox 1033 4235 1144 4289; x_wconf 73' lang='lat' dir='ltr'>iheund</span> <span class='ocrx_word' id='word_1_325' title='bbox 1166 4236 1289 4290; x_wconf 85' lang='lat' dir='ltr'>Mutiaus</span> <span class='ocrx_word' id='word_1_326' title='bbox 1308 4232 1329 4304; x_wconf 82' lang='lat'>†</span> <span class='ocrx_word' id='word_1_327' title='bbox 1351 4235 1439 4292; x_wconf 79' lang='grc'><strong>15111.</strong></span> 
     </span>
    </p>

    <p class='ocr_par' dir='ltr' id='par_1_13' title="bbox 261 4310 1352 4385">
     <span class='ocr_line' id='line_1_38' title="bbox 261 4310 1352 4385; baseline 0.004 -16"><span class='ocrx_word' id='word_1_328' title='bbox 261 4310 275 4353; x_wconf 78' lang='lat'><strong>²</strong></span> <span class='ocrx_word' id='word_1_329' title='bbox 297 4313 350 4369; x_wconf 85' lang='lat' dir='ltr'>Dio</span> <span class='ocrx_word' id='word_1_330' title='bbox 372 4314 531 4368; x_wconf 80' lang='lat' dir='ltr'>Kirehweib</span> <span class='ocrx_word' id='word_1_331' title='bbox 553 4312 599 4368; x_wconf 82' lang='lat' dir='ltr'>fiel</span> <span class='ocrx_word' id='word_1_332' title='bbox 622 4314 698 4367; x_wconf 87' lang='grc'><strong>1517</strong></span> <span class='ocrx_word' id='word_1_333' title='bbox 721 4315 773 4369; x_wconf 79' lang='lat' dir='ltr'>auf</span> <span class='ocrx_word' id='word_1_334' title='bbox 790 4316 843 4369; x_wconf 88' lang='lat' dir='ltr'>den</span> <span class='ocrx_word' id='word_1_335' title='bbox 866 4315 990 4369; x_wconf 81' lang='grc'><strong>17.1151.</strong></span> <span class='ocrx_word' id='word_1_336' title='bbox 1021 4314 1084 4385; x_wconf 79' lang='lat' dir='ltr'>Vgl.</span> <span class='ocrx_word' id='word_1_337' title='bbox 1106 4315 1221 4370; x_wconf 72' lang='grc'><strong>115575</strong></span> <span class='ocrx_word' id='word_1_338' title='bbox 1243 4317 1272 4372; x_wconf 88' lang='lat' dir='ltr'>S.</span> <span class='ocrx_word' id='word_1_339' title='bbox 1284 4316 1352 4373; x_wconf 85' lang='grc'><strong>242.</strong></span> 
     </span>
    </p>

    <p class='ocr_par' dir='ltr' id='par_1_14' title="bbox 198 4388 1503 4547">
     <span class='ocr_line' id='line_1_39' title="bbox 262 4388 1503 4468; baseline 0.002 -20"><span class='ocrx_word' id='word_1_340' title='bbox 262 4388 276 4433; x_wconf 80' lang='lat'><strong>3</strong></span> <span class='ocrx_word' id='word_1_341' title='bbox 297 4394 405 4449; x_wconf 85' lang='lat' dir='ltr'>Mution</span> <span class='ocrx_word' id='word_1_342' title='bbox 426 4394 551 4465; x_wconf 79' lang='lat' dir='ltr'>bezeigtc</span> <span class='ocrx_word' id='word_1_343' title='bbox 574 4401 767 4466; x_wconf 80' lang='lat' dir='ltr'>unausgesetzt</span> <span class='ocrx_word' id='word_1_344' title='bbox 786 4397 924 4452; x_wconf 84' lang='lat' dir='ltr'>lebhuftcs</span> <span class='ocrx_word' id='word_1_345' title='bbox 935 4396 1072 4450; x_wconf 85' lang='lat' dir='ltr'>Interesse</span> <span class='ocrx_word' id='word_1_346' title='bbox 1092 4396 1139 4449; x_wconf 80' lang='lat' dir='ltr'>fuir</span> <span class='ocrx_word' id='word_1_347' title='bbox 1158 4397 1377 4468; x_wconf 65' lang='lat' dir='ltr'>disiungesche</span> <span class='ocrx_word' id='word_1_348' title='bbox 1398 4397 1503 4452; x_wconf 86' lang='lat' dir='ltr'>Biblio·</span> 
     </span>
     <span class='ocr_line' id='line_1_40' title="bbox 198 4474 894 4547; baseline 0.01 -19"><span class='ocrx_word' id='word_1_349' title='bbox 198 4474 276 4532; x_wconf 80' lang='lat' dir='ltr'>rhek.</span> <span class='ocrx_word' id='word_1_350' title='bbox 308 4474 372 4547; x_wconf 83' lang='lat' dir='ltr'>Vgl.</span> <span class='ocrx_word' id='word_1_351' title='bbox 394 4474 439 4531; x_wconf 81' lang='lat' dir='ltr'>Br.</span> <span class='ocrx_word' id='word_1_352' title='bbox 458 4474 513 4527; x_wconf 83' lang='grc'>567</span> <span class='ocrx_word' id='word_1_353' title='bbox 537 4474 564 4531; x_wconf 87' lang='lat' dir='ltr'>S.</span> <span class='ocrx_word' id='word_1_354' title='bbox 578 4474 635 4527; x_wconf 83' lang='grc'>232</span> <span class='ocrx_word' id='word_1_355' title='bbox 657 4494 685 4531; x_wconf 90' lang='lat' dir='ltr'>u.</span> <span class='ocrx_word' id='word_1_356' title='bbox 709 4475 764 4528; x_wconf 81' lang='grc'>577</span> <span class='ocrx_word' id='word_1_357' title='bbox 788 4476 894 4535; x_wconf 71' lang='grc'><strong>11244.</strong></span> 
     </span>
    </p>

    <p class='ocr_par' dir='ltr' id='par_1_15' title="bbox 199 4550 1504 4693">
     <span class='ocr_line' id='line_1_41' title="bbox 259 4550 1504 4642; baseline 0.005 -34"><span class='ocrx_word' id='word_1_358' title='bbox 259 4550 430 4611; x_wconf 65' lang='lat' dir='ltr'>lnthescal</span> <span class='ocrx_word' id='word_1_359' title='bbox 453 4554 750 4628; x_wconf 84' lang='lat' dir='ltr'>Deipnosophistarum</span> <span class='ocrx_word' id='word_1_360' title='bbox 771 4558 835 4613; x_wconf 86' lang='lat' dir='ltr'>libri</span> <span class='ocrx_word' id='word_1_361' title='bbox 862 4558 924 4615; x_wconf 86' lang='lat' dir='ltr'>XV.</span> <span class='ocrx_word' id='word_1_362' title='bbox 968 4556 1077 4642; x_wconf 50' lang='lat' dir='ltr'>Graece</span> <span class='ocrx_word' id='word_1_363' title='bbox 1098 4554 1185 4613; x_wconf 81' lang='grc'><strong>1514.</strong></span> <span class='ocrx_word' id='word_1_364' title='bbox 1218 4556 1344 4613; x_wconf 73' lang='lat' dir='ltr'>venetiis</span> <span class='ocrx_word' id='word_1_365' title='bbox 1375 4559 1403 4613; x_wconf 90' lang='lat' dir='ltr'>in</span> <span class='ocrx_word' id='word_1_366' title='bbox 1430 4559 1504 4615; x_wconf 85' lang='lat' dir='ltr'>cedi-</span> 
     </span>
     <span class='ocr_line' id='line_1_42' title="bbox 199 4634 346 4693; baseline -0.014 -2"><span class='ocrx_word' id='word_1_367' title='bbox 199 4636 251 4691; x_wconf 84' lang='lat' dir='ltr'>bus</span> <span class='ocrx_word' id='word_1_368' title='bbox 272 4634 346 4693; x_wconf 77' lang='lat' dir='ltr'>Alci.</span> 
     </span>
    </p>
   </div>
   <div class='ocr_carea' id='block_1_11' title="bbox 0 0 1818 5192">
    <p class='ocr_par' dir='ltr' id='par_1_16' title="bbox 0 0 1818 5192">
     <span class='ocr_line' id='line_1_43' title="bbox 0 0 1818 5192; baseline 0 0"><span class='ocrx_word' id='word_1_369' title='bbox 0 0 1818 5192; x_wconf 95' lang='lat' dir='ltr'> </span> 
     </span>
    </p>
   </div>
  </div>
 </body>
</html>
