3625 5192
291 342 327 395 28
664 339 924 410 Geschiehtaquellen
943 342 992 395 der
1010 339 1084 394 Prou.
1103 340 1227 394 Sauhson.

290 509 402 568 nones,
432 496 598 571 postquam
626 487 742 553 imitari
770 489 899 572 cepisti,
928 507 1006 553 unus
1027 493 1129 576 laotos
1155 510 1189 554 es
1214 508 1253 554 ox
1276 488 1483 555 Senonibus.“
1528 488 1598 553 Vidi

292 591 387 655 hodie
408 598 566 675 tyaratum
589 591 819 674 palliolumque
838 591 1013 657 Duronium
1037 593 1079 656 ad
1108 591 1189 656 festa
1211 590 1391 676 pulvinaria
1412 598 1600 672 sanctosque

293 694 390 760 Veste
411 696 506 759 loom.
548 693 576 760 0
597 700 748 776 quantum
771 701 819 758 est
848 694 879 758 in
907 694 1002 759 rebus
1029 695 1162 758 inanel¹
1205 693 1283 771 Quis
1305 694 1383 759 hoo?
1406 693 1440 755 ἐκ
1460 697 1521 753 τῶν
1536 687 1599 765 Διὸς

185 829 196 848 .
290 789 425 858 δέλτων·
443 794 459 858 ὁ
480 789 644 880 primii
686 795 766 860 Vale
787 803 819 861 et
840 796 982 861 novicios
1003 796 1100 861 libros
1121 794 1260 860 ostende.
1305 795 1418 860 ltemm
1437 794 1509 859 vale
1529 815 1598 860 oum

290 901 483 965 incremento
504 899 616 965 salutis
635 907 666 964 et
686 899 863 980 dignitatis.

361 1023 578 1071 Handschrlitl.F
601 1024 647 1072 163
669 1021 919 1070 fol.120v-121r.
957 1023 1032 1071 Godr.
1052 1023 1077 1069 b.
1095 1023 1129 1070 Τῇ
1147 1024 1170 1070 S.
1189 1023 1334 1070 109--110
1358 1039 1402 1069 corr
1421 1021 1491 1082 Quod
1512 1031 1594 1069 autern

289 1094 326 1141 tis
342 1095 423 1141 fuctus
443 1109 474 1140 ox
491 1095 636 1142 Senonibus.

360 1198 373 1226 ⁸
392 1199 418 1245 11'
431 1193 533 1248 δελτῶν.
589 1183 602 1219 ¹³
618 1202 638 1245 Ιι
657 1189 778 1263 μάρτιρος.

846 1304 1045 1312 ——.-.-—..-

290 1373 373 1441 368.
395 1372 441 1440 ll.
463 1391 508 1439 au
530 1373 665 1440 Urban.
1065 1370 1305 1452 (Gothulblt.
1339 1371 1406 1438 Um
1428 1371 1485 1442 25.
1499 1371 1596 1454 lini.)

358 1497 420 1544 Mul.
441 1498 543 1557 eruiihlt,
561 1497 609 1543 uris
626 1497 740 1556 spalatin
763 1497 809 1542 mit
829 1497 961 1557 Ungodnld
984 1495 1038 1542 soin
1060 1495 1158 1556 Diplom
1178 1501 1283 1542 oruurle
1306 1498 1356 1543 und
1376 1497 1498 1544 Heinrich
1520 1499 1596 1546 libor·

291 1568 354 1614 bach
373 1570 410 1614 uls
428 1568 490 1614 Aret
508 1568 602 1614 liberali
620 1569 725 1626 gosuolrt
743 1567 832 1614 werdo.

369 1666 526 1732 Urbano
547 1667 645 1750 papai
668 1666 878 1732 sanctissimo.

370 1772 401 1833 S.
443 1768 577 1833 Miratur
598 1776 631 1833 ut
651 1768 705 1850 qui
727 1767 864 1832 maxime
875 1767 1060 1850 Spoletinus
1081 1777 1113 1832 et
1130 1787 1190 1849 ego
1206 1768 1351 1848 demiror,
1369 1772 1446 1852 qnid
1460 1771 1598 1836 retardet

289 1872 464 1955 diplomat·
500 1870 696 1952 Einsverba,
715 1890 776 1952 que
797 1875 870 1936 suut
885 1870 918 1933 in
933 1869 1035 1936 literis
1056 1869 1123 1934 heri
1145 1871 1222 1935 mihi
1245 1871 1378 1937 redditis
1398 1873 1444 1938 ita
1466 1873 1597 1939 habeut:

289 1974 372 2056 „sed
396 1975 449 2039 ubi
469 1974 613 2058 diploma
632 1980 695 2049 est,
723 1973 795 2038 lesu
817 1973 914 2036 bone!
936 1991 997 2055 quo
1020 1993 1081 2038 non
1105 1973 1248 2038 testudo·
1269 1974 1390 2039 tardius
1411 1976 1597 2057 graditurl“

291 2077 445 2142 Heurious
465 2074 705 2160 Aperbaoohus‚
728 2073 844 2140 nobilis
866 2072 1016 2146 medious,
1040 2074 1126 2140 brevi
1147 2075 1200 2139 liet
1220 2077 1326 2159 prooul
1350 2076 1447 2142 dubio
1469 2077 1597 2142 nobilis·

288 2181 395 2245 simus.
438 2179 623 2245 Celebratus
642 2199 663 2243 a
685 2178 811 2260 magnis
831 2177 940 2254 virisl,
971 2183 1063 2242 notus
1084 2176 1277 2256 Guntherol,
1304 2185 1396 2242 notus
1419 2178 1597 2258 wilhelme,

289 2282 520 2364 potentissimis
544 2281 741 2346 eomitibus5.
783 2279 872 2359 Vidi,
901 2279 945 2341 mi
971 2278 1112 2358 Urbane,
1138 2278 1205 2343 vidi
1235 2280 1284 2344 his
1309 2281 1448 2363 quinque
1473 2281 1596 2362 diebus,

287 2384 402 2466 quibus
422 2383 624 2448 familiariter
639 2382 759 2446 meeum
775 2381 866 2462 vixit,
885 2382 1078 2462 trequentari
1090 2401 1160 2446 eum
1182 2388 1214 2445 et
1224 2383 1345 2448 consuli
1357 2383 1443 2447 velut
1463 2382 1596 2448 alterurn

287 2487 482 2571 Apollinem,
508 2484 541 2550 id
563 2484 647 2567 qood
668 2483 741 2549 ideo
760 2482 962 2550 scribendum
983 2484 1111 2567 putavi,
1131 2493 1164 2547 ut
1184 2483 1361 2550 insinuares
1382 2485 1596 2564 Herebordol,

288 2589 445 2654 communi
466 2587 584 2668 amieo,
612 2587 738 2670 qualem
766 2593 799 2652 et
825 2594 977 2668 quantum
1003 2585 1121 2652 haheat
1147 2586 1373 2668 habiturusque
1399 2588 1440 2653 sit
1460 2587 1596 2652 aliioem.

288 2693 391 2773 Atque
423 2691 557 2769 utinam,
588 2689 672 2772 quod
704 2710 765 2772 ogo
800 2709 925 2772 semper
956 2689 1080 2773 optavi,
1109 2697 1216 2754 mutuo
1243 2710 1277 2754 se
1311 2692 1467 2754 amarent!
1520 2691 1596 2758 Uter

287 2799 453 2875 utrumque
473 2793 694 2876 i'amigeratom
714 2793 834 2857 i'aoeret
859 2812 898 2856 ao
930 2791 977 2856 sio
1004 2791 1061 2856 tibi
1087 2791 1229 2872 mihique
1254 2791 1454 2858 iucundiores
1481 2803 1595 2859 essent.

290 2895 375 2960 Vale.

358 3020 540 3068 Handschristl.
559 3021 580 3066 F
602 3019 648 3066 167
672 3021 713 3067 iol.
728 3019 800 3066 1221.
837 3019 913 3066 seur.
934 3018 957 3066 b.
976 3019 1010 3065 Tu
1029 3019 1051 3066 S.
1070 3019 1119 3066 110
1136 3035 1181 3066 rou
1197 3017 1304 3064 Miratur
1327 3023 1364 3065 ost
1386 3023 1414 3064 ut
1432 3017 1468 3066 dis
1486 3021 1594 3067 alterum

287 3091 438 3151 Apollinem.

357 3191 421 3241 'Ta
438 3210 487 3255 qua
508 3210 558 3242 non
578 3195 712 3248 testudine.
786 3180 798 3218 ¹¹
817 3197 850 3241 Ta
869 3196 1007 3256 Gynthero.

287 3417 372 3488 369.
394 3415 438 3482 ll.
461 3435 506 3482 an
528 3415 663 3483 Urban.
921 3415 1161 3498 (Gothalbll.
1197 3421 1294 3486 llurn
1316 3417 1409 3484 rmoh
1430 3418 1482 3484 tto.
1497 3416 1593 3499 ilai.)

357 3529 419 3576 utut.
443 3529 536 3575 moldet
564 3529 612 3574 dou
630 3528 683 3574 'lod
706 3527 750 3574 dos
772 3529 841 3574 allon
859 3527 969 3574 Roinbot
993 3527 1043 3574 und
1065 3528 1134 3575 aeine
1157 3529 1309 3588 Begegnung
1332 3528 1378 3574 mit
1401 3529 1445 3575 dor
1467 3529 1593 3587 Homogin

286 3614 337 3647 von
356 3600 473 3647 Sechson.

367 3695 604 3760 Humanissimo
624 3714 681 3760 sno
702 3695 870 3776 Urbano,
888 3695 1043 3778 magistro
1064 3703 1095 3762 et
1115 3716 1263 3760 eoonomo
1284 3695 1446 3762 fidissimo.

350 3939 359 3981 ¹
382 3943 495 3998 Persius
515 3943 576 4010 1,1.

346 4018 360 4061 2
380 4023 460 4079 Naoh
480 4024 595 4079 Luoiau.
637 4024 681 4079 De
698 4043 780 4080 mero.
800 4025 880 4080 eond.
903 4024 1021 4096 cap.12.

345 4097 361 4142 ³
384 4103 448 4176 Vgl.
470 4103 517 4162 Br.
529 4105 595 4158 361.

346 4179 420 4237 *nr
439 4185 549 4240 soheint
566 4203 601 4239 an
623 4187 672 4240 dae
684 4185 822 4256 Hossager
841 4185 1022 4257 desllernogs
1037 4185 1147 4241 Joharrn
1171 4185 1286 4258 gorufen
1308 4203 1340 4240 zu
1362 4185 1430 4260 sein,
1452 4185 1501 4240 der
1522 4183 1592 4250 sich,

287 4263 339 4318 wie
360 4281 410 4318 eus
430 4263 510 4320 Brief
528 4266 587 4318 369
608 4265 783 4335 hervorgeht,
802 4267 830 4320 in
848 4268 933 4336 jonen
956 4266 1053 4336 Tagen
1074 4267 1102 4320 in
1124 4265 1218 4321 Gotha
1236 4265 1414 4336 ausgehalten
1433 4267 1489 4322 hat.

344 4340 359 4383 ⁵
380 4344 418 4400 Es
438 4345 499 4400 sind
517 4346 746 4401 wahrscheinlioh
767 4347 812 4401 die
834 4345 938 4401 Graleu
961 4346 1096 4401 Wilhelm
1120 4365 1173 4402 von
1194 4346 1363 4417 Henneberg
1385 4346 1441 4400 und
1463 4345 1592 4402 Giinther

284 4443 340 4480 von
360 4423 558 4497 Sohwarzburg
577 4427 708 4498 gemeint

346 4501 361 4544 ⁶
381 4505 503 4561 Gerlach
524 4525 549 4559 v.
572 4509 597 4564 d.
619 4507 760 4577 Marthen,
788 4507 947 4565 Herebords
968 4506 1087 4576 Bruder,
1107 4509 1184 4565 hatte
1206 4507 1268 4564 eine
1289 4505 1444 4564 Schwester
1464 4507 1514 4564 der
1532 4505 1589 4564 Ge·

284 4585 387 4642 briider
405 4585 553 4647 Eberbaoh
573 4588 737 4666 geheiratet.
