3625 5192
190 352 194 364 ,
303 294 355 347 328
672 292 931 361 Gescbicbbrquellen
949 294 998 347 der
1018 292 1091 346 Pruv.
1111 294 1235 347 Sachsen.

205 480 210 490 ·
302 440 355 521 qui
377 446 482 523 potest
501 439 529 505 is
551 439 659 504 aliena
678 421 836 505 custodire
862 448 918 505 aut
939 440 1140 507 renormare?
1181 442 1294 507 Garum
1317 442 1367 507 ais
1386 426 1607 507 essc'anmmis

303 542 388 606 viris.
430 541 499 604 Erit
524 540 659 605 etmihi
684 561 784 605 carus.
831 542 941 607 letius
971 562 1089 607 arcana
1114 543 1228 609 didicit
1249 544 1407 609 Frontone
1437 543 1607 608 revelante.

303 644 418 708 Fronto
438 641 605 707 officialem
633 642 746 707 habuit
771 650 939 707 auctorem.
982 644 1136 710 Otficialis
1165 645 1243 727 legit
1271 666 1358 711 meas
1381 646 1423 709 ad
1444 644 1607 711 Cotiunem

301 748 418 810 literas.
459 745 513 810 Sic
534 752 700 828 peccatum
723 754 787 825 est,
817 746 864 809 sic
884 754 1047 810 armantur
1070 746 1260 829 adversarii,
1287 748 1432 829 quamvis
1458 746 1517 812 hec
1545 747 1611 810 sint

205 872 208 877 ·
301 857 418 913 vetera.
461 846 603 911 Petreius
625 847 857 911 commendavit
877 848 1069 913 Hallenaem.
1114 850 1228 913 Ratum
1249 850 1281 913 id
1303 858 1335 914 et
1354 848 1476 913 firmum
1497 846 1609 914 babeo.

301 952 366 1016 Sed
388 942 489 1014 invito
511 948 732 1029 Engelmanrrc
754 969 816 1013 non
839 968 1013 1032 preponam
1025 951 1138 1015 aulicis
1155 952 1349 1034 episcopum,
1367 952 1421 1033 qui
1442 952 1483 1014 de
1503 958 1609 1015 monte

187 1064 190 1069 ·
300 1054 333 1115 in
360 1052 466 1116 hortos
495 1058 527 1116 et
552 1050 684 1115 balneas
710 1050 888 1133 speculetur
908 1052 1084 1133 tequesub
1112 1053 1304 1117 umbraculis
1325 1053 1436 1117 vitium
1464 1053 1610 1119 inambu-

301 1155 418 1219 lantem
439 1152 606 1236 despiciat.
647 1152 806 1217 Habenda
826 1172 950 1234 quoque
973 1154 1053 1217 ratio
1075 1162 1122 1219 est
1143 1154 1281 1218 Simonis
1300 1154 1425 1235 Vulsci,
1446 1154 1500 1237 qui
1519 1172 1608 1219 suum

301 1257 333 1320 in
366 1255 480 1338 edibus
509 1254 589 1319 meis
620 1274 682 1318 non
714 1254 864 1336 relinquit
892 1261 925 1318 et
955 1256 1112 1319 contemni
1144 1256 1355 1335 existimaret,
1385 1257 1412 1319 si
1442 1255 1609 1321 officialem

299 1357 429 1424 olliciali
451 1364 683 1421 commutarem.
725 1355 826 1421 Cedat
837 1364 942 1420 tamen
954 1356 1170 1437 inquilinuset
1186 1356 1369 1423 edificatum
1385 1358 1464 1421 mibi
1476 1377 1609 1421 vacuam

301 1460 428 1523 domum
457 1458 573 1524 tradat.
628 1458 676 1524 De
704 1458 871 1539 Holtegel¹
900 1458 977 1539 quid
1005 1458 1134 1522 dicam?
1185 1460 1287 1523 Tuum
1313 1461 1374 1524 erit
1401 1458 1609 1525 considerare.

203 1617 206 1624 .
302 1561 378 1643 quid
400 1560 560 1645 expediat
603 1560 704 1623 Venio
724 1580 809 1624 nunc
829 1558 870 1623 ad
892 1560 1084 1643 exemplum,
1110 1581 1172 1643 quo
1194 1561 1412 1626 admonendus
1433 1561 1493 1627 erit
1514 1560 1610 1624 Here-

301 1663 426 1729 bordus.
474 1663 617 1743 Audisti,
650 1668 739 1745 puto,
773 1670 891 1744 quanto
920 1662 1036 1727 luerint
1064 1664 1095 1725 in
1123 1664 1261 1744 periculo
1288 1664 1356 1745 vite
1385 1669 1416 1725 et
1442 1662 1609 1745 dignitatis

302 1765 542 1831 llisenaoeuses.
578 1764 801 1829 irascebantur
814 1764 986 1847 principes,
1009 1763 1141 1828 Dhunus
1155 1766 1294 1847 questuri
1305 1763 1456 1830 Oswaldo
1472 1764 1612 1845 favebat,

302 1870 415 1933 Actum
437 1886 507 1932 esse
529 1866 698 1931 videbatur
717 1866 758 1931 de
783 1866 907 1945 miseris
933 1864 1066 1930 civibus.
1110 1866 1277 1931 Senatores
1303 1886 1321 1931 e
1349 1872 1461 1931 senatu
1487 1868 1612 1931 fuerant

303 1967 500 2052 depellendi,
532 1988 648 2033 novum
674 1969 814 2049 regimen
841 1966 1086 2047 instituendum,
1118 1968 1257 2050 quinque
1280 1988 1319 2032 ex
1346 1968 1482 2049 captivis
1510 1968 1612 2032 securi

304 2070 511 2153 percutiendi.
554 2071 619 2133 ltur
639 2069 682 2133 ad
703 2089 766 2147 me,
789 2070 940 2133 auxilium
964 2070 1088 2151 petitur.
1131 2070 1289 2134 Facincra
1311 2070 1452 2136 Oswaldi
1475 2076 1506 2134 et
1527 2069 1611 2133 lraus

247 2180 249 2185 ’
303 2180 456 2237 narratur.
501 2170 688 2236 innocencia
709 2171 826 2236 civium
850 2172 1043 2253 proponitur.
1087 2172 1162 2235 Rem
1186 2172 1324 2254 pressius
1347 2171 1503 2235 examino.
1546 2170 1611 2236 Ubi

301 2273 413 2337 iudicii
435 2274 505 2338 dies
525 2271 670 2352 advenit,
699 2272 818 2337 ducunt
845 2292 950 2337 recum
972 2281 1140 2355 patronum
1167 2274 1273 2337 miseri
1293 2273 1517 2338 Valentinum2
1548 2292 1610 2339 non

303 2376 518 2457 intelligentes
538 2375 622 2439 bunc
642 2375 800 2439 bominem
827 2374 909 2438 clam
933 2375 1050 2439 sentire
1070 2394 1139 2439 curn
1162 2374 1343 2439 Dhnniauis
1363 2382 1395 2440 et
1422 2375 1613 2455 doctorellis,

303 2478 450 2558 quisunt
471 2478 504 2539 in
526 2476 607 2540 aula.
650 2476 733 2540 Nam
753 2477 861 2541 exules
872 2484 904 2541 et
924 2476 976 2541 bic
992 2484 1024 2541 et
1044 2476 1137 2541 istbic
1152 2476 1336 2559 gaudebant
1355 2476 1448 2540 malis
1469 2477 1612 2558 aliorum,

303 2578 421 2643 nescii
441 2578 590 2643 damnum
613 2580 699 2660 passi
720 2579 827 2662 capite
846 2578 994 2644 diminuti
1016 2586 1047 2643 et
1068 2584 1144 2643 uota
1165 2579 1265 2642 notati
1281 2578 1472 2643 viderentur.
1505 2578 1608 2660 Vulgo

304 2681 388 2744 enim
399 2679 524 2760 dicitur,
542 2681 625 2762 quod
636 2700 744 2745 verum
756 2688 818 2745 est:
837 2681 989 2763 gaudium
1003 2689 1052 2744 est
1063 2680 1186 2745 miseris
1197 2681 1299 2745 socios
1314 2680 1432 2745 habere
1451 2699 1612 2763 penarum.

304 2782 339 2845 ln
361 2787 450 2846 tanto
470 2780 654 2846 discrimine
674 2801 743 2845 cum
766 2780 1120 2863 esseutllisenacenses,
1141 2782 1214 2847 dedi
1231 2782 1340 2847 literas
1361 2782 1402 2847 ad
1423 2776 1612 2847 delectorem

305 2884 430 2967 imperii
442 2884 554 2968 plenas
568 2884 778 2950 affectionum.
819 2884 914 2963 Audi,
936 2903 1044 2967 queso,
1065 2882 1142 2973 quid
1164 2884 1279 2947 t'actum
1292 2884 1341 2948 sit.
1383 2883 1615 2949 Obstruxerant

304 2988 390 3049 viam
412 2986 613 3061 (lswaldiste
636 2996 669 3051 ut
690 2988 737 3051 ita
752 2986 866 3064 dicam,
887 3006 928 3051 ne
938 2986 1043 3051 aditus
1058 2992 1142 3051 esset
1163 2986 1202 3049 ad
1226 2986 1351 3049 veniam
1365 2992 1397 3049 et
1408 2986 1613 3050 clemenciam

306 3088 525 3171 principalem.
576 3088 775 3153 Weisennius
804 3089 978 3153 consularis
1014 3089 1129 3153 l'rustra
1161 3087 1291 3172 petebat
1325 3088 1491 3151 ianitorem
1522 3085 1614 3151 ducis

307 3189 457 3266 primarii.
502 3190 568 3252 lmo
590 3189 680 3253 adire
700 3209 762 3253 nou
784 3190 925 3254 dabatur.
970 3190 1079 3272 Itaque
1100 3189 1169 3254 adit
1188 3188 1285 3252 alium
1308 3188 1415 3253 nescio
1436 3206 1530 3270 quem
1550 3187 1613 3253 sibi

300 3290 466 3371 cognitum
529 3291 558 3355 ls
586 3292 777 3356 observabat
807 3292 1023 3373 egredientem
1051 3312 1069 3355 e
1102 3291 1220 3374 templo
1246 3290 1422 3373 principem
1449 3296 1480 3353 et
1506 3292 1612 3355 statim

307 3391 363 3455 dat
387 3392 503 3458 literas.
553 3394 607 3463 lbi
631 3401 740 3459 tantus
773 3394 921 3477 princeps
948 3413 1018 3457 mox
1052 3392 1134 3457 banc
1162 3412 1271 3458 vocem
1287 3391 1416 3456 ¹edidit:
1448 3391 1544 3471 „Das
1571 3390 1615 3455 ist

307 3495 815 3577 unsersmagistersintbrmator'‘
837 3502 868 3559 et
884 3497 1030 3560 exultans
1050 3495 1253 3577 gestiensque
1275 3512 1330 3576 pre
1351 3492 1460 3558 leticia
1480 3492 1615 3557 recludit

307 3604 339 3659 et
366 3596 445 3677 legit
472 3597 714 3661 intereundum
766 3596 892 3662 lnterea
919 3597 1095 3662 celebratur
1122 3596 1290 3676 iudicium,
1319 3594 1460 3677 presedit
1482 3594 1614 3658 Dhunus
1662 3630 1666 3639 ·

308 3704 340 3761 et
360 3697 463 3761 clarus
485 3697 576 3762 miles
594 3698 743 3762 Wisbaoh
765 3705 797 3763 et
817 3705 881 3763 tres
902 3698 1075 3766 doctorelli.
1116 3698 1277 3778 Principio
1306 3715 1496 3779 quamquam
1518 3694 1615 3761 iudex

307 3798 440 3874 sederet,
461 3806 591 3864 accusat
611 3799 760 3881 Dhunus,
781 3800 897 3866 deinde
919 3801 1160 3883 loquacissimus
1183 3800 1357 3879 Kitzinger,
1378 3806 1534 3881 postremo
1555 3796 1615 3862 Os·

308 3899 440 3964 waldus.
482 3901 629 3967 Clamant
654 3921 777 3967 omnes:
803 3900 967 3984 crucifige,
996 3900 1152 3984 crucifige.
1204 3900 1318 3965 Tantis
1344 3898 1614 3965 concitacionibus

309 4001 482 4067 animorum
504 4022 562 4085 par
572 4021 643 4069 esse
652 4002 841 4069 Valentinus
860 4024 923 4068 non
939 4004 1049 4087 potuit,
1069 4004 1120 4069 vel
1139 4002 1364 4086 potiusnoluit.
1406 4001 1482 4083 Egit
1498 4008 1613 4077 tamen,

310 4132 476 4139 *—

372 4188 456 4248 lIlin
485 4194 610 4249 Erfurter
634 4194 724 4251 Jurist
755 4195 808 4249 mit
834 4196 903 4261 dem¹
923 4195 1082 4251 Vornameu
1107 4194 1209 4263 Jacob,
1241 4194 1359 4249 welcher
1388 4190 1465 4246 1494
1492 4192 1615 4247 daselbst

308 4274 535 4329 immatrilruliert
556 4275 611 4328 und
635 4274 712 4327 1510
732 4274 895 4329 Baeulan'us
920 4276 987 4329 iuris
1008 4274 1151 4345 utriusque
1172 4275 1264 4328 wurde
1285 4274 1360 4345 (Lib.
1381 4279 1431 4327 rat.
1451 4270 1613 4341 f0t112v.)

222 4399 227 4409 .
311 4352 349 4408 Er
369 4354 477 4409 echeint
497 4372 542 4409 am
563 4354 731 4409 erabischdll.
752 4353 949 4410 Gerichtebofe
970 4356 1032 4410 eine
1053 4354 1181 4424 Stellnng
1201 4354 1266 4407 inne
1287 4352 1392 4424 gehabt
1410 4370 1444 4407 zu
1463 4352 1564 4409 haben.

373 4432 386 4473 ²
406 4435 559 4490 Viclleicht
575 4435 743 4489 Valentinus
763 4434 963 4506 Jungermann‚
983 4434 1101 4490 welcher
1121 4432 1247 4489 Sommer
1269 4433 1345 4487 1486
1366 4432 1528 4488 Bacnlarius
1547 4432 1616 4488 iuris
1657 4493 1661 4502 ‚

310 4514 368 4569 und
389 4514 500 4570 Winter
520 4512 630 4577 1503l4
651 4514 850 4585 „Licenciatus
868 4514 898 4568 in
920 4514 998 4570 iure“
1021 4514 1122 4571 munde.
