3625 5192
698 363 787 445 Briele
807 389 927 446 Matiana
945 391 1004 445 177.
1451 387 1501 442 251

197 555 281 600 num.
323 537 462 611 Cicero1,
484 545 563 612 octo,
586 539 697 621 inquit,
719 558 869 622 penarum
891 559 1012 621 genera
1029 540 1062 603 ia
1074 541 1199 622 legibus
1210 541 1420 608 contineatur,
1442 539 1502 603 boc

198 645 261 704 est:
283 637 449 718 damnum,
471 639 613 716 vincula,
635 641 793 719 verbera·,
814 641 966 722 taliones,
988 641 1178 724 ignominie,
1200 643 1314 716 exilia,
1335 642 1503 706 servitutes

199 749 229 805 et
249 762 341 806 mors.
383 741 541 824 Ulpianus
565 743 675 807 titulo²
703 743 788 824 „Qui
815 751 963 807 notantur
983 743 1151 821 iul'amia‘⁴,
1177 751 1311 809 testatur
1332 743 1430 807 multa
1450 761 1503 824 ge-

198 861 274 906 nera
301 862 371 908 esse
400 844 600 908 missionum:
633 844 689 908 Est
717 844 866 924 honesta,
899 845 1062 926 oausaria,
1088 845 1308 926 ignominiosa.
1355 844 1436 925 Sed,
1471 853 1503 908 ut

198 943 324 1008 taudem
347 945 511 1011 veniemus
532 937 574 1010 ad
595 946 778 1026 clausulam,
800 945 859 1010 hoc
875 954 933 1026 est,
954 948 1186 1012 conclusionem
1208 947 1300 1012 buius
1320 947 1503 1029 questionis,

197 1047 243 1110 sic
254 1045 460 1127 decemimus,
485 1058 518 1111 ut
536 1049 562 1113 is
576 1051 617 1112 sit
628 1048 783 1131 spoliatus
794 1049 922 1130 cingulo
933 1049 1073 1127 militari,
1095 1051 1146 1131 qui
1160 1049 1209 1113 vel
1222 1050 1396 1131 ignominie
1407 1067 1504 1113 causa

196 1146 312 1212 missus
332 1157 380 1212 est
401 1156 433 1212 et
450 1149 540 1232 quasi
553 1150 720 1232 relegatus,
739 1151 823 1220 <Nou
846 1150 919 1215 dico
939 1151 1152 1216 inmetallum.
1195 1151 1287 1217 Miles
1304 1152 1387 1215 enim
1402 1170 1503 1232 aeque

197 1257 367 1332 torquetur,
388 1271 490 1332 neque
513 1251 544 1315 in
568 1271 646 1335 opus
668 1250 787 1316 metalli
806 1260 861 1318 eat
883 1253 915 1317 in
937 1253 1098 1318 metallum
1119 1255 1271 1334 rogatura
1314 1253 1442 1331 Dubito,
1461 1270 1503 1316 aa

197 1351 357 1435 deportari
386 1353 508 1435 possit.)
535 1355 584 1418 uel
605 1354 654 1417 cui
683 1362 808 1436 torques
829 1363 861 1420 et
881 1355 1058 1437 cingulum,
1093 1355 1178 1419 dona
1199 1356 1321 1420 scillcet
1341 1354 1503 1435 militaria,

197 1454 347 1536 adempta
357 1453 561 1536 detractaque
573 1464 652 1521 suat.
695 1455 799 1520 illinus
813 1457 923 1540 putavi
938 1456 1108 1523 absurdum
1120 1459 1194 1547 fore,
1209 1457 1242 1520 si
1260 1466 1366 1521 cetera
1379 1465 1502 1519 tuarum

197 1553 476 1636 interrogationum
496 1557 604 1639 capita
619 1558 816 1641 replicarem,
838 1559 1003 1641 presertim
1018 1579 1066 1632 ea,
1089 1579 1149 1640 que
1162 1560 1282 1623 intacta
1298 1558 1501 1641 inexplicata-

196 1675 257 1737 que
278 1664 363 1719 suat:
385 1653 571 1740 Ἀρχιερεύς1
593 1659 690 1722 latine
713 1659 994 1743 pontilexdioitur,
1016 1654 1161 1741 ἱερατικός
1182 1670 1335 1734 sacratus,
1356 1658 1429 1742 tepla
1449 1659 1501 1723 vel

197 1752 304 1837 ἱερεύςε
320 1757 477 1840 sacerdos,
489 1757 767 1842 repensentur),
779 1762 811 1825 id
826 1771 883 1840 est,
900 1762 1146 1827 archimandrite
1158 1781 1212 1827 seu
1223 1761 1501 1845 archipresbyteri.

199 1860 282 1942 Ergo
310 1859 508 1926 scribendum
537 1870 585 1926 est
613 1862 844 1942 archieroutes,
880 1883 943 1927 uon
969 1865 1214 1946 archigerontae.
1260 1865 1374 1928 Hieros
1402 1882 1503 1942 sacer,
1534 1913 1538 1919 .
1579 1901 1582 1910 ·

198 1955 286 2045 ἀρχὸς
298 1963 465 2045 princeps·
496 1962 711 2047 Hierophante
722 1965 974 2046 Atheniensium,
995 1986 1057 2048 quo
1077 1966 1196 2030 castius
1208 1965 1308 2030 sacris
1319 1965 1502 2046 diuinisque

197 2063 289 2128 rebus
310 2071 524 2148 operarentur,
545 2075 774 2130 consueverunt
794 2067 966 2132 sorbitione
987 2068 1133 2132 cicutese
1153 2068 1240 2150 ipsos
1260 2074 1400 2132 castrare
1421 2073 1503 2129 teste

195 2165 387 2249 Hieronymo
394 2168 417 2231 ⁵.
458 2167 548 2232 Potio
561 2177 667 2232 autem
687 2170 789 2234 cicute
801 2169 972 2251 frigoritica
987 2183 1036 2234 est
1056 2177 1088 2233 et
1103 2169 1254 2250 nequicie
1268 2167 1502 2250 voluptatisque

196 2268 388 2332 incentivum
410 2270 512 2334 aufert
532 2269 676 2351 tollitque
701 2271 846 2335 venerias
872 2271 1084 2336 titillacioues.
1126 2271 1163 2334 Iu
1185 2269 1377 2336 Christianis
1402 2268 1503 2333 sacris

195 2377 279 2434 etate
301 2379 407 2434 nostra
428 2371 600 2454 turpiorem
628 2371 792 2437 libidinem
822 2373 1036 2456 pruritumque
1064 2373 1271 2438 membrorum
1297 2370 1501 2454 quadragesi-

196 2471 288 2535 malis
312 2471 370 2536 bec
399 2474 578 2537 ceremonia
607 2474 715 2537 donrat
740 2483 834 2556 atque
866 2476 906 2538 ob
936 2496 1006 2540 eam
1036 2495 1099 2539 rem
1130 2476 1276 2540 instituta
1299 2474 1438 2552 videtur,
1468 2480 1503 2537 ut

196 2581 283 2638 caste
304 2572 382 2638 deus
402 2573 582 2639 salutemus.
628 2575 660 2638 la
683 2575 808 2657 legibus
829 2577 992 2642 Ciceronis
1014 2576 1125 2640 babes:
1151 2577 1222 2657 „Ex
1245 2577 1359 2661 patriis
1379 2575 1502 2639 ritubus

196 2674 321 2739 colunto
334 2676 508 2759 optima“⁶.
539 2676 618 2740 Item
631 2685 738 2758 „caste
753 2675 830 2743 deos
845 2678 1028 2743 adeunto“l
1053 2679 1133 2743 Vide
1144 2679 1307 2744 Ciceronis
1318 2679 1502 2760 iuterpreta-

196 2776 354 2841 cioucurflz
380 2776 468 2842 Dicit
490 2787 621 2860 utraque
642 2779 830 2843 castimonia
850 2799 930 2863 opus
949 2799 1033 2858 esse,
1060 2787 1093 2844 ut
1113 2791 1145 2844 et
1163 2799 1277 2863 corpus
1302 2779 1376 2844 labe
1396 2785 1504 2843 careat

196 2884 227 2942 et
248 2879 372 2942 animus
393 2879 531 2944 sordium
552 2880 594 2943 sit
615 2900 738 2964 expers,
759 2881 814 2946 sed
837 2882 1050 2964 multomagis
1072 2881 1198 2966 placere
1218 2881 1282 2946 diis
1302 2899 1413 2966 purum
1436 2879 1501 2943 aui-

197 2999 288 3046 mum.
340 2980 415 3045 Ideo
441 2981 632 3046 Lactancius
656 2983 781 3048 scribit:
815 2983 1068 3063 „iunocentiaur,
1100 2984 1222 3065 siquis
1247 2982 1317 3048 Deo
1345 2981 1503 3061 obtulerit,

196 3081 274 3145 satis
296 3083 348 3166 pie
379 3083 587 3165 religioseque
610 3084 743 3150 litavit.“
787 3085 993 3168 Egyptiorum
1013 3086 1203 3170 sacerdotes,
1231 3105 1294 3166 quo
1320 3083 1502 3149 mundiores

196 3192 310 3256 esseut,
333 3185 510 3248 rasitabaut
530 3193 628 3249 totum
641 3206 754 3271 corpus
767 3225 798 3232 -
816 3206 944 3252 causam
957 3187 1052 3251 refert
1063 3186 1262 3251 Herodotus⁹
1272 3221 1311 3232 -
1324 3194 1356 3250 et
1371 3182 1502 3249 cottidie

196 3284 357 3349 levabant.
411 3285 487 3351 blibi
518 3306 628 3370 parum
654 3286 803 3353 videntur
829 3287 979 3371 prodesse
1012 3288 1139 3367 balaae,
1174 3293 1317 3362 tonsure,
1351 3287 1500 3360 rosiones,

266 3425 418 3480 ‘Iverba
460 3405 489 3454 *⁰
504 3433 530 3478 F
544 3444 675 3496 αρχιερεος.
729 3427 839 3496 ῧιερεος.
898 3417 955 3479 ‘¹1⁴'
968 3445 1136 3496 apprspovtac.

196 3599 397 3610 ---..-.

259 3727 356 3804 lVgl.
378 3733 559 3805 Augustinus,
580 3735 625 3790 De
647 3736 697 3792 civ.
719 3737 772 3792 Dei
789 3738 868 3806 XXI,
884 3739 917 3791 ll
940 3739 997 3791 und
1018 3737 1139 3791 Isidorus
1158 3726 1351 3807 Ety'mclogiue
1365 3735 1400 3803 V,
1418 3734 1465 3786 27.

258 3807 272 3850 ²
292 3811 410 3884 Digesta
423 3813 549 3882 11112.

257 3885 272 3930 ³
293 3891 468 3964 argonam,
480 3895 525 3950 ro.
538 3895 566 3948 a.

258 3967 272 4009 ⁴
294 3971 401 4026 Mutiau
429 3975 490 4028 irrt:
520 3975 707 4030 arohieroutes
733 3995 802 4046 resp.
828 3967 1010 4053 ἀρχιέροντες
1038 3978 1075 4031 ist
1103 3977 1182 4031 nieht
1206 3995 1240 4030 zu
1266 3976 1355 4045 lesen,
1381 3977 1500 4029 soudcrn

199 4049 413 4122 archigeroates,
434 4073 488 4109 was
508 4055 553 4109 die
576 4057 753 4126 beglaubigte
774 4057 873 4111 Lesart
892 4058 943 4112 der
961 4058 1022 4112 hier
1041 4058 1071 4110 iu
1086 4057 1163 4111 Rede
1183 4057 1334 4110 stehcudeu
1347 4056 1433 4109 Stelle
1454 4055 1498 4110 ist.

198 4128 290 4186 Codex
300 4131 495 4209 lustiauusl,4
511 4135 541 4188 5:
556 4135 771 4208 Archigeroutes
784 4143 812 4191 et
821 4137 964 4193 dipeeetae
975 4137 1209 4209 ergasiotcuorum
1221 4155 1277 4191 nou
1288 4135 1341 4190 uisi
1349 4133 1500 4190 Christiani

198 4205 358 4282 cinguntur.

258 4285 273 4330 ὅ
290 4291 429 4347 Adversus
447 4293 620 4349 Iovinianum
634 4296 656 4364 I,
668 4296 713 4350 49.

260 4365 274 4409 ⁶
293 4369 403 4428 Cicero:
424 4374 469 4428 De
480 4374 589 4445 legibus
599 4374 637 4443 Il,
652 4377 677 4431 9.
692 4375 738 4430 22.

262 4445 275 4490 ⁷
294 4451 410 4509 Ebenda
429 4453 465 4522 ll,
479 4453 504 4508 8.
522 4453 572 4509 191
594 4455 638 4509 Ad
658 4456 738 4518 diuos
757 4458 876 4512 adeunto
899 4465 981 4512 caste.

260 4525 275 4569 ⁸
294 4531 409 4588 Ebenda
428 4533 517 4597 11,10
537 4533 582 4588 24.

261 4605 360 4687 ⁹Vg'l.
380 4612 427 4668 Br.
443 4613 480 4668 83
503 4614 602 4672 &122
623 4615 745 4670 Aumll.
