3625 5192
337 366 391 420 308
708 365 968 435 Gescbichtsquellon
986 367 1034 420 der
1051 365 1126 419 Prov.
1145 365 1266 422 Sachson.

336 516 399 578 lum
423 514 549 597 putavi,
575 514 607 576 in
637 513 729 577 linem
756 533 856 594 usque
880 516 966 579 vitae
996 533 1131 579 nranere.
1173 513 1278 578 Etiam
1299 514 1407 578 clauso
1428 514 1560 597 templu,
1586 513 1640 577 ah-

336 615 453 680 dicatis
474 617 674 695 ceremoniis,
701 616 862 681 subversis
885 617 1041 681 altaribus
1067 616 1168 681 colam
1190 625 1221 679 te
1243 624 1408 699 patronum
1432 617 1585 699 optimum
1609 616 1641 676 in

337 718 454 800 templo
476 716 580 781 cordis
602 718 673 795 mei,
696 720 728 780 in
749 725 859 782 sancto
881 718 1058 798 euangelio,
1080 719 1113 782 in
1135 719 1287 783 memoria
1307 719 1508 800 sempiterna.
1545 717 1643 780 Aetas

335 827 369 883 et
387 819 536 884 valetudo
557 819 694 884 debilis·
715 839 777 883 nou
799 821 927 902 patitur,
950 827 984 884 ut
1005 820 1188 884 discurram.
1232 820 1266 883 ln
1291 828 1354 900 tua,
1376 829 1466 904 pater
1483 819 1643 899 benignis-

335 921 423 1002 sime,
448 921 567 999 intua,
596 922 735 1002 inquam,
763 920 877 996 (lotha,
910 921 942 984 in
963 915 1232 1002 qua'innocenter
1255 921 1350 984 XXll
1372 940 1471 985 annos
1493 921 1569 1000 vini,
1591 939 1643 984 ne

334 1023 453 1087 minem
479 1021 611 1102 offendi,
633 1024 746 1106 prolui,
772 1023 888 1105 quibus
913 1023 1011 1106 potui,
1038 1041 1269 1088 consenescam.
1315 1022 1412 1086 Vides
1439 1043 1542 1086 nicam
1571 1041 1644 1084 eou-

336 1125 488 1189 stantiam
511 1126 544 1187 in
563 1123 768 1206 simplicitate
790 1132 953 1208 perpetua,
975 1124 1025 1188 cui
1043 1125 1071 1189 si
1095 1125 1273 1209 principum
1297 1143 1433 1189 meorum
1454 1125 1558 1205 gratia
1581 1143 1643 1186 non

337 1226 488 1304 deluerit,
511 1225 587 1291 lelix
610 1245 688 1290 sum.
735 1227 799 1291 Sed
819 1228 905 1291 vitae
926 1228 1108 1292 necessaria
1128 1227 1269 1292 deerunt.
1316 1226 1436 1292 Census
1461 1226 1642 1291 clericorum

335 1327 478 1393 sublatus
510 1337 566 1394 est.
617 1328 709 1394 Unde
739 1330 834 1394 miser
860 1329 990 1393 vivam?
1035 1329 1309 1394 Excellentissimc
1337 1329 1501 1413 princeps,
1530 1327 1644 1409 paucis

335 1450 389 1495 ero
411 1437 584 1503 contentus,
614 1438 718 1495 tamen
747 1431 889 1496 honestis
917 1439 948 1495 et
974 1431 1311 1515 eruditishospitibus
1332 1430 1443 1496 domus
1463 1451 1535 1495 mea
1555 1435 1644 1513 pate

335 1539 379 1599 at.
421 1532 471 1597 Sit
498 1533 601 1614 panis,
630 1533 671 1596 sit
702 1553 811 1616 parum
841 1534 1028 1617 pecuniolae
1060 1555 1117 1618 pru
1142 1534 1292 1598 obsoniis.
1335 1533 1582 1613 luciditatem,
1609 1532 1644 1595 iu

335 1633 446 1699 debita
473 1655 534 1699 non
561 1653 675 1716 parva,
705 1627 777 1698 riam
804 1643 869 1703 toto
892 1635 1102 1716 quadriennio
1133 1607 1408 1718 fflpensitavit
1430 1635 1643 1715 Gerstunga,¹

335 1736 581 1800 nihilfrumenti
603 1735 711 1816 datum
734 1744 789 1802 est
831 1738 910 1803 Eme
921 1757 1020 1822 pane
1040 1739 1177 1822 pistoris,
1200 1738 1306 1802 vinum
1320 1737 1460 1802 civitatis
1481 1745 1512 1800 et
1533 1755 1645 1800 revera

335 1856 398 1900 non
420 1857 489 1901 sum
512 1838 663 1920 providus
685 1841 928 1922 paterfamilias,
955 1841 1059 1921 qualis
1087 1840 1297 1922 incogitantia
1321 1838 1472 1904 studiosis
1498 1846 1547 1902 est
1574 1858 1644 1918 pro-

336 1940 417 2024 pria.
458 1940 563 2004 Adoro
586 1943 722 2024 supplex
734 1943 871 2024 uestigia
892 1942 1009 2026 pedum
1032 1948 1164 2022 tuorum,
1185 1941 1296 2007 accido
1317 1941 1360 2004 ad
1382 1959 1488 2021 genua
1508 1940 1645 2004 clemen-

334 2043 399 2106 tiae
419 2049 500 2108 tuae.
543 2043 616 2108 Mea
637 2043 777 2118 salusin
799 2050 978 2120 manumet,
1001 2043 1138 2124 domiue,
1161 2045 1336 2125 relinquam
1358 2044 1439 2124 grati
1462 2041 1561 2105 animi
1582 2043 1644 2105 mei

335 2145 460 2227 pignus
502 2145 657 2211 Testahor
677 2146 763 2229 apud
784 2152 926 2226 posteros
947 2145 1090 2209 adiutum
1109 2165 1159 2209 me
1182 2143 1344 2210 beneficiis
1366 2145 1492 2224 augusti
1515 2143 1646 2208 ensil'eri

334 2248 381 2330 pii
405 2247 560 2312 Friderici
583 2256 615 2312 et
636 2250 742 2313 fratris
764 2248 993 2313 humanissimi.
1035 2252 1138 2328 Atque
1164 2247 1283 2312 utinam
1312 2265 1383 2310 mea
1411 2248 1532 2328 scripta
1553 2245 1646 2311 vobis

334 2368 404 2413 esse
431 2349 556 2431 possint
582 2349 829 2415 honestamento.
876 2352 1105 2415 Aeternitatem
1134 2349 1247 2429 cogito.
1299 2347 1528 2413 Celebrandam
1551 2367 1647 2412 vene-

335 2451 532 2533 randamque
558 2453 740 2516 memoriam
768 2453 894 2517 virtutis
923 2458 1048 2516 restrae
1076 2453 1107 2514 in
1135 2453 1240 2514 animo
1262 2451 1372 2514 habeo.
1416 2450 1574 2532 Dignstur
1594 2470 1646 2514 me

334 2553 555 2618 commendare
577 2553 692 2618 Gothis
714 2560 768 2617 tua
789 2555 949 2618 maiestas.
993 2553 1063 2617 Misi
1086 2553 1260 2617 l‘amulum2
1283 2572 1399 2632 meum,
1420 2552 1647 2636 probissimum

334 2655 490 2735 iuvenem,
511 2656 564 2738 qui
576 2656 660 2738 apud
673 2662 760 2720 tuam
775 2657 895 2736 regiam
912 2675 973 2720 non
987 2662 1070 2720 esset
1082 2655 1290 2738 poenitendus
1308 2656 1439 2718 aulicus.
1474 2654 1522 2717 De
1538 2663 1647 2736 quare

298 2742 304 2753 ¹
336 2755 462 2839 plenius
485 2756 528 2821 ad
549 2757 751 2840 Spoletinum
772 2766 912 2821 nostrum
933 2757 1056 2839 scripsi.
1099 2757 1278 2836 Ordinabit‚
1299 2776 1401 2840 spero,
1423 2757 1500 2820 mihi
1524 2766 1579 2820 tua
1592 2760 1649 2840 pia

335 2857 497 2942 sapientia
518 2859 729 2940 provisionem
751 2878 899 2939 annuam,
928 2865 962 2923 ut
986 2859 1045 2922 suh
1067 2859 1177 2922 umbra
1204 2859 1323 2922 alarum
1346 2866 1469 2922 tuarum
1489 2860 1646 2940 reliquum

334 2960 451 3024 aetatis
472 2961 542 3024 sine
562 2961 674 3024 timore
695 2979 823 3025 secturus
842 2959 946 3041 u'gam.
980 2961 1084 3041 Atque
1106 2959 1165 3024 hac
1185 2961 1257 3042 ipsa
1280 2960 1372 3024 dere
1391 2959 1454 3022 lido
1476 2961 1648 3043 Spalatino

333 3061 499 3126 formulam
521 3060 650 3126 exhibui
672 3063 846 3126 subiiciens
867 3081 918 3126 me
939 3067 971 3124 et
992 3080 1063 3125 mea
1084 3063 1190 3125 onrnia
1209 3063 1394 3144 protectioni
1411 3069 1507 3143 atque
1525 3063 1647 3126 tutelae

335 3172 418 3228 tuae.
456 3163 675 3228 Doceautalii
697 3164 809 3247 spiritu
831 3163 973 3243 miseni,
997 3181 1057 3243 ego
1081 3163 1331 3242 mansuetudine,
1354 3163 1519 3247 patientia,
1542 3164 1647 3228 chari-

333 3273 399 3329 tate
420 3271 452 3328 et
473 3266 565 3330 honis
589 3266 752 3348 exemplis,
773 3265 893 3328 sanctis
915 3265 1068 3342 moribus,
1091 3265 1287 3346 evangelicis
1308 3267 1461 3330 institutis
1483 3274 1516 3330 et
1537 3265 1647 3331 Chris

334 3367 425 3430 tiana
443 3367 555 3450 regula
575 3368 689 3431 docere
709 3365 840 3444 fideleis,
861 3366 967 3447 quoad
988 3365 1111 3445 vixero,
1134 3385 1195 3428 non
1217 3366 1370 3430 desinam.
1413 3367 1528 3431 Valeat
1557 3387 1650 3433 urens

335 3469 571 3534 amantissimus
609 3470 777 3532 dominusb
811 3474 843 3531 ct
877 3468 1026 3552 princeps
1059 3467 1258 3532 Fridericus⁰
1293 3470 1493 3550 sempiternis
1526 3470 1651 3551 (lignus

264 3593 266 3596 ’
334 3569 514 3635 honoribus.

405 3715 470 3760 *Ta
488 3714 591 3761 debiles.
663 3699 808 3760 ''dominns
826 3720 852 3761 et
864 3714 932 3773 fehlt
949 3715 987 3760 bei
1006 3716 1046 3760 Ta.
1118 3709 1185 3762 ⁶7¹2
1206 3717 1370 3764 Friednrieus.

335 3888 536 3898 -—-—-——-

400 4019 410 4060 ¹
435 4023 496 4077 Von
524 4022 613 4077 dieser
638 4022 832 4077 Mutianscbcn
854 4023 979 4078 Plriinde
1005 4023 1112 4078 erdrihrt
1133 4041 1195 4078 man
1217 4041 1269 4078 nur
1290 4026 1362 4078 uoob
1384 4041 1433 4078 aus
1454 4025 1515 4078 dom
1536 4023 1652 4096 folgen-

336 4105 389 4158 den
412 4103 506 4157 Briefe
526 4110 619 4161 etwas.
660 4104 754 4158 Wann
774 4105 813 4157 sic
834 4105 891 4157 ibm
914 4105 1063 4173 verliohcn,
1081 4105 1118 4158 ist
1138 4105 1217 4159 nicht¹
1236 4125 1268 4158 zu
1295 4105 1442 4160 enniltcln.

396 4201 410 4244 ²
430 4207 573 4261 dohaunes
595 4206 744 4259 Marcellus
764 4224 813 4259 arra
835 4206 1018 4277 Klinigslrnrp,
1039 4193 1083 4259 nin
1105 4207 1214 4259 Frcuud
1236 4207 1284 4260 des
1304 4207 1400 4262 Furium
1425 4207 1537 4262 Hessius.
1581 4207 1650 4262 Wie

269 4299 274 4306 “
336 4287 417 4357 latigo
445 4303 476 4338 er
501 4287 545 4339 bei
575 4287 682 4340 Mutiun
709 4287 817 4355 gelebt.
847 4287 914 4340 liisst
940 4286 997 4339 sich
1027 4288 1105 4339 uicbt
1125 4287 1298 4344 lrcsiimmeu.
1343 4287 1419 4342 Nrtcb
1445 4289 1544 4341 (lusson
1566 4288 1650 4342 Tode

334 4367 402 4438 giug
427 4384 457 4418 er
483 4367 553 4419 rinch
582 4366 759 4433 Wittcnborg
784 4368 839 4418 und
867 4367 965 4420 crbiult
986 4367 1222 4434 apaustaulum
1243 4367 1304 4420 teliu»
1326 4368 1552 4437 philosophisnlu·
1581 4367 1650 4422 Prn-

335 4447 432 4501 lessur.
478 4445 513 4499 Er
538 4448 612 4499 sturb
642 4447 726 4498 1551.
769 4446 830 4514 vgl.
856 4446 965 4499 Tenunl.
1005 4446 1147 4514 linliqubu·
1169 4447 1346 4514 (pistillorum
1379 4448 1494 4500 blnlirrui
1525 4467 1589 4516 pag.
1609 4449 1648 4500 ul

334 4528 391 4580 und
413 4526 460 4578 95.
