3625 5192
659 362 748 421 Briele
765 359 885 419 Matiana
905 362 945 419 lu.
965 362 1005 419 ltl.
1455 359 1488 417 lo

184 510 238 581 lu.
260 508 304 584 ll.
329 530 373 579 ιιι
395 508 570 598 Spalatln.
888 511 1018 597 (Gotho
1037 513 1139 581 lille.
1160 508 1235 577 Vol·
1255 509 1306 577 21.
1327 510 1508 596 August).

254 636 314 683 Mul.
333 638 404 698 klagt
425 638 487 683 iiber
504 638 577 685 cirron
598 641 742 697 langsumon
763 638 844 685 Buten
863 636 914 682 rrrrd
937 636 1032 697 sprielrt
1055 634 1151 682 allorlei
1169 635 1306 681 Bedonlren
1324 634 1426 681 beceda
1444 634 1488 681 des

183 707 389 754 Blleherankauss
414 708 440 754 ln
459 708 573 767 Venedig
591 722 648 767 eurr,
680 708 774 755 orkllirt
792 708 909 754 inrlessen
928 706 1095 766 centumcellen,
1120 706 1165 752 clas
1183 705 1302 751 essenon
1320 705 1392 752 nicht
1410 706 1486 751 lullou
1520 774 1525 783 .

184 778 266 823 lamen
283 792 312 824 zu
332 779 428 826 wellen.

264 875 416 959 Magistro
444 876 615 959 Georgio
642 876 849 961 Spelatino
879 874 1019 940 melioris
1047 874 1207 957 theologie
1240 875 1382 939 consulto
1421 872 1486 939 llu-

183 978 288 1041 tianus
309 977 417 1042 Rul'us.

265 1080 297 1143 S.
340 1080 395 1144 Dii
430 1080 544 1145 summi
577 1087 609 1145 et
646 1080 804 1162 patellarii
837 1078 973 1163 perdant
1002 1081 1097 1144 istum
1123 1080 1248 1145 tardum
1276 1080 1488 1163 stolidumque

183 1182 355 1247 ιιιιιιοίιιιιι.1
399 1182 433 1245 ln
456 1184 640 1267 crepusculo
662 1182 763 1247 rediit.
799 1182 869 1247 Vah
892 1180 1000 1263 harde,
1020 1183 1083 1250 vair
1103 1183 1211 1262 morio,
1231 1182 1314 1248 vade
1335 1182 1367 1245 in
1389 1182 1487 1246 niaxi-

183 1302 266 1349 mum
289 1283 405 1347 malam
431 1303 561 1349 crucem.
604 1284 638 1349 Si
664 1283 757 1350 citius
785 1286 974 1363 revenisset,
999 1285 1189 1350 cucurrisset
1208 1284 1346 1349 Paulus²
1365 1284 1409 1349 ad
1432 1284 1487 1349 Ur-

184 1386 315 1467 banum,
337 1406 377 1452 ue
397 1385 529 1452 honesto
550 1388 678 1469 negotio
702 1386 808 1453 lieret*
828 1406 959 1452 remora.
986 1386 1065 1449 ·Vos
1085 1385 1131 1450 dii
1152 1387 1330 1467 rnulcdioti,
1351 1406 1409 1451 vos
1428 1385 1488 1450 dee

183 1488 352 1569 vilissime,
381 1508 436 1553 cur
456 1488 619 1573 opponitis
646 1488 833 1555 obstacula?
869 1488 994 1553 Valete!
1037 1488 1152 1552 luvoco
1178 1495 1223 1569 te,
1249 1488 1292 1552 lili
1312 1488 1388 1568 Dei,
1416 1489 1487 1553 sulu-

182 1596 279 1655 venta
300 1597 375 1655 voto
397 1598 429 1655 et
451 1610 601 1675 promove
622 1598 724 1675 cepta.
758 1590 933 1674 Spalatine,
953 1590 1001 1655 sic
1017 1589 1114 1655 lrabet
1130 1598 1228 1673 eaput
1237 1590 1489 1655 ratiocinationis

183 1710 260 1757 mee.
309 1692 446 1757 Primum
482 1692 585 1775 cogito
624 1712 689 1757 rem
727 1693 820 1759 istem
850 1692 1000 1758 Urbano³
1028 1712 1099 1757 esse
1135 1692 1307 1758 molestum.
1363 1692 1488 1758 Deinde

183 1799 287 1859 metuo
309 1793 460 1869 fraudem,
483 1814 522 1859 ne
536 1794 677 1861 Venetiis
699 1794 857 1860 indicacio
877 1794 934 1859 liet
955 1794 1065 1873 maior,
1086 1812 1180 1875 quam
1202 1801 1304 1877 utpar
1317 1795 1368 1859 sit.
1405 1792 1488 1859 Nam

183 1896 273 1961 euius
300 1916 386 1961 merx
413 1903 474 1976 est,
503 1902 632 1981 propter
656 1916 707 1961 me
732 1896 811 1961 nihil
833 1899 980 1961 remittet
1023 1898 1203 1979 Utcunque,
1229 1896 1382 1961 concludo
1402 1896 1489 1980 apud

183 2018 234 2062 me
260 1999 361 2079 ipsum
382 1998 466 2064 velle
493 1999 666 2082 periculum
694 2001 814 2081 l'eoerc,
846 1999 878 2063 id
908 2007 957 2065 est
983 2000 1130 2083 experiri.
1179 1999 1229 2064 Ob
1260 1998 1310 2080 id,
1342 1999 1489 2080 quamvis
1549 2038 1555 2047 ·

183 2099 308 2165 modice
334 2099 496 2181 volebam,
526 2120 609 2166 nuno
635 2101 771 2185 plurima
799 2108 918 2186 petam.
960 2102 995 2166 Si
1024 2102 1146 2167 interea
1166 2101 1294 2176 morior,
1324 2101 1385 2167 erit
1404 2100 1488 2166 uude

182 2198 332 2281 satisfiat,
365 2201 415 2265 sin
447 2202 515 2265 vita
548 2202 704 2283 manebit,
738 2203 817 2269 tides
850 2204 949 2269 stabit
974 2204 1170 2269 inconcussa.
1218 2205 1261 2267 At
1287 2203 1314 2267 si
1342 2202 1489 2268 Urbanus

183 2309 290 2367 noster
309 2302 402 2367 aliter
422 2304 528 2380 sentit,
550 2304 608 2369 lrec
629 2306 736 2370 omniu
757 2305 836 2371 nilril
857 2312 960 2370 sunto.
995 2306 1079 2371 Nam
1093 2304 1488 2387 ubsqueFocolrariorum⁴

183 2424 281 2488 opera
324 2405 404 2470 nihil
441 2424 513 2487 ago.
568 2406 693 2472 Priores
726 2406 835 2473 cartbe
867 2406 1089 2491 discerpantur
1130 2407 1261 2491 dempta
1297 2410 1340 2471 ad
1372 2403 1488 2471 Aldum

183 2507 328 2591 epistola,
348 2525 409 2589 quo
429 2526 499 2573 oum
516 2508 575 2573 hoc
598 2506 704 2573 indice
726 2508 877 2589 mittetur,
900 2510 962 2574 nisi
983 2510 1184 2575 emissasunt
1198 2508 1346 2573 hesterno
1358 2510 1487 2592 scripta.

183 2609 399 2674 Numerusest
414 2628 558 2691 magnus,
580 2610 637 2675 sed
658 2610 686 2676 si
707 2609 784 2675 fides
805 2612 875 2693 erit,
897 2610 987 2688 tides,
1005 2610 1081 2691 scio,
1105 2630 1204 2695 parvo
1224 2611 1327 2694 pretio
1347 2617 1489 2675 ementur

182 2716 343 2777 annotata.
385 2711 459 2777 Scio
482 2710 560 2777 illud
581 2712 704 2794 grande
724 2732 804 2797 opus
824 2713 1028 2794 Placentini,⁵
1048 2712 1132 2796 quod
1154 2713 1207 2777 hic
1226 2715 1365 2795 quinque
1383 2715 1489 2779 aureis

183 2814 319 2879 nummis
339 2815 461 2895 emitur,
483 2813 577 2879 isthic
599 2834 661 2880 uuo
681 2815 805 2891 doceto,
828 2823 861 2881 ut
882 2824 1007 2889 vocant,
1027 2816 1124 2881 vendi
1144 2816 1252 2881 solere.
1296 2816 1405 2899 ltaque
1426 2817 1487 2881 nisi

181 2914 269 2981 Deus
293 2922 325 2981 et
346 2916 489 2982 homines
509 2919 771 3001 repugnaverint,
801 2918 899 2983 libros
920 2918 1100 3002 iucrrlpatos
1120 2918 1315 2983 latebimus.
1357 2918 1436 2983 Vale
1456 2926 1489 2983 et

182 3018 371 3102 subreptitio
392 3019 443 3083 vel
465 3024 518 3082 tuo
538 3020 632 3103 signo
653 3020 815 3101 consigno.

254 3141 433 3190 Handrchriltl.
453 3142 473 3187 Ρ
495 3142 526 3189 19
547 3144 588 3190 lol.
603 3142 699 3189 llr—
713 3142 768 3190 llr.

253 3240 266 3267 ⁸
281 3247 307 3291 1¹¹
321 3246 371 3295 fiet.

181 3371 383 3382 ———-

248 3457 260 3501 ¹
282 3461 347 3534 Vgl.
367 3462 412 3519 Br.
429 3462 475 3519 12.

247 3537 261 3581 ²
283 3542 335 3597 Ein
358 3543 489 3599 Famulus
510 3543 641 3603 Mutians.

245 3616 386 3692 3Urban,
413 3625 454 3679 als
482 3626 641 3697 gewandter
662 3622 911 3697 Geschiil'tsmann,
938 3627 1020 3682 sollte
1045 3626 1096 3682 auf
1121 3628 1215 3681 seinen
1236 3626 1343 3682 Nemea
1365 3627 1414 3682 hin
1435 3629 1489 3681 den

184 3700 405 3758 Biicherankauf
422 3704 467 3760 bei
490 3703 578 3759 Aldus
598 3705 758 3765 ausl'uihren

244 3779 259 3821 ⁴
282 3782 346 3854 Vgl.
367 3784 420 3839 den
441 3785 554 3857 rorigeri
575 3784 660 3841 Briol.

244 3856 395 3935 ⁶Gcorgii
415 3863 513 3920 Vallae
540 3864 697 3921 Placentini
733 3866 767 3919 de
804 3868 964 3935 expetendis
993 3874 1022 3923 et
1055 3866 1195 3938 fugiendis
1222 3867 1305 3921 rebus
1331 3884 1408 3937 opua
1456 3867 1489 3921 ln

184 3942 407 3999 2Foliobfinden
430 3944 491 4000 eine
512 3946 612 4017 Menge
624 3945 755 4000 'l'ractate
778 3945 1037 4015 iiberArithmetilu,
1058 3948 1162 4021 Musik,
1183 3947 1299 4018 Physilr,
1320 3938 1490 4015 Geometrie,

183 4022 341 4086 Quadratur
372 4026 421 4079 des
458 4026 584 4096 Kreices,
611 4025 799 4093 Grammatllr,
828 4026 1019 4098 Philosophie.
1067 4027 1145 4083 Nach
1166 4028 1223 4083 Jul.
1244 4028 1370 4083 Schiiek:
1401 4027 1490 4082 Aldus

183 4102 327 4157 Manutius
348 4106 402 4158 und
423 4106 499 4160 eoirrc
519 4106 714 4171 Zeitgerrosson
736 4106 875 4160 irritulien
894 4109 951 4161 und
966 4108 1166 4167 Ileutaclrland.
1198 4108 1292 4162 Berlin
1316 4108 1400 4161 1861.
1432 4107 1491 4162 Der

184 4182 263 4237 Preia
290 4184 338 4237 dee
361 4185 478 4239 Werlres
510 4186 546 4239 ist
571 4186 694 4241 dnsellrst
723 4186 775 4239 mit
803 4186 820 4237 2
842 4186 905 4242 duc.
936 4188 954 4239 3
976 4189 1038 4242 libr.
1065 4188 1234 4243 bezeichnet.
1282 4188 1335 4242 Die
1366 4187 1492 4243 Gothner

184 4262 348 4319 Bibliotlrelr
370 4265 469 4319 beaitzt
489 4266 533 4320 ein
555 4266 702 4336 Exemplar
723 4267 813 4321 dieser
830 4266 961 4335 Ausgnim
982 4268 1070 4336 (Mon.
1092 4276 1151 4339 typ.
1167 4269 1238 4321 1501
1264 4269 1292 4322 in
1314 4268 1372 4322 Ful.
1393 4268 1438 4324 Νι.
1451 4270 1489 4321 et.

185 4342 248 4397 Aur
270 4346 331 4399 dem
362 4345 462 4399 letzteu
483 4345 574 4401 Blatte
602 4346 746 4400 doreelbon
773 4348 862 4401 stelit:
893 4348 1018 4402 Venetiia
1038 4348 1067 4402 in
1088 4350 1204 4403 nedibus
1225 4350 1289 4402 nidi
1311 4350 1400 4403 Roma
1420 4346 1433 4420 ll
1453 4349 1491 4415 ni,

181 4424 381 4559 {wamba}
402 4426 494 4481 studio
515 4426 581 4482 loan
601 4422 614 4499 ΙΙ
634 4426 676 4480 nis
702 4427 776 4481 Petri
799 4428 896 4481 Vallue
917 4426 969 4482 filii
991 4428 1021 4499 pi
1039 4424 1052 4503 ΙΙ
1071 4430 1208 4503 entisaiuri
1235 4448 1328 4483 merrae
1354 4430 1449 4483 decom
1475 4451 1477 4456 ·

203 4522 232 4559 Π·
297 4547 303 4559 ·
352 4547 357 4559 ·
385 4550 392 4565 .

1251 4704 1289 4757 2*
