3625 5192
648 354 737 410 Brielu
755 354 875 411 idulians
895 356 955 411 595.
974 354 1033 411 596.
1442 356 1492 412 271

188 494 270 571 596.
292 496 485 567 llosollunl
509 520 553 568 an
577 500 725 569 llutlnn.
947 502 1099 586 Lelpnig
1113 503 1210 575 1520.
1232 502 1434 571 November
1444 505 1493 577 ll.

260 625 381 673 Mosellan
399 626 433 673 ist
450 626 529 673 durch
548 628 702 674 muneherlei
721 628 810 688 llinge,
829 629 898 675 suine
917 629 1008 675 Flucht
1026 643 1072 675 vor
1089 629 1135 675 der
1152 630 1220 689 Pest,
1238 628 1308 675 selue
1326 629 1410 677 vielsn
1429 631 1494 677 Reli·

190 696 395 755 toretsgesehtilte
414 693 468 742 und
483 695 688 757 dieBewerbung
705 712 746 744 um
766 698 822 745 eine
841 698 1005 755 ointrdgliehu
1015 693 1093 745 Stella
1111 692 1146 745 im
1158 698 1303 760 Collegium,
1322 701 1493 747 suaebreibeu

191 766 338 812 verhindert
358 780 479 827 gewesen,
499 766 576 813 biltet
597 782 636 813 urn
655 768 813 814 lreundliehe
833 769 974 815 Aulnnhme
995 768 1038 815 des
1055 769 1136 815 Buten
1154 770 1206 816 und
1224 770 1330 821 meldet.
1357 769 1414 816 dass
1434 786 1493 817 man

187 835 237 883 den
261 836 388 883 Febritiua
407 836 496 897 Capito
520 838 585 884 nauh
605 837 707 899 Leipzig
731 838 819 885 ziehen
839 839 924 899 welle,
948 853 976 885 er
995 838 1077 886 selber
1095 839 1156 886 aber
1173 854 1219 887 vor
1237 839 1288 887 300
1307 840 1434 887 Znhltrern
1453 841 1494 887 dio

187 906 364 953 Pauliniaehen
383 906 466 953 Briele
487 906 591 956 erklttre.

267 1003 473 1069 Clarissimo²
502 1003 580 1085 juris
605 1004 747 1071 eonsulto
771 1024 810 1071 ao
837 1005 985 1089 theologo
1011 1004 1139 1072 domino
1161 1005 1330 1072 Chunrado
1350 1007 1493 1076 Matieno

187 1104 298 1170 Βιιῧό5
323 1104 410 1190 apud
430 1104 567 1171 Gothum
588 1106 799 1189 Turingorum
826 1107 990 1184 eanonieo,
1017 1108 1120 1173 amieo
1146 1114 1179 1173 et
1198 1116 1331 1192 patrono
1352 1130 1409 1176 suo
1431 1112 1493 1195 pri·

187 1207 294 1273 mario.

267 1309 336 1388 Quo
359 1309 460 1374 rarius
481 1309 523 1373 ad
545 1316 576 1375 te
598 1309 712 1389 scribo,
730 1310 779 1373 vir
789 1312 917 1394 optime,
938 1331 976 1377 eo
998 1318 1029 1377 te
1052 1312 1247 1378 reverentius
1268 1334 1350 1380 ama.
1386 1313 1493 1379 Nolim

187 1412 271 1477 enim
297 1412 499 1493 gravioribus
518 1421 673 1495 oeoupato
694 1413 796 1478 amieo
819 1414 1026 1497 pernimiam
1058 1414 1216 1481 scribendi
1245 1415 1493 1482 familiaritatem

187 1512 286 1577 abuti.
337 1514 479 1579 Tametsi
502 1534 604 1579 sunus
630 1513 698 1579 Ιιίοο
726 1523 856 1581 enaetus
884 1523 948 1581 tam
974 1517 1052 1580 mihi
1078 1518 1138 1582 l'uit
1158 1517 1370 1599 turbulentus,
1398 1526 1441 1599 ut,
1466 1522 1494 1583 si

187 1615 324 1681 maxime
351 1616 540 1695 studuerim,
568 1634 629 1682 nou
656 1616 829 1701 potuissem
856 1623 962 1681 tanuen
994 1634 1072 1698 erga
1098 1618 1218 1683 amieos
1243 1617 1417 1685 ollieiosum
1444 1640 1494 1685 me

186 1737 244 1801 pro
262 1716 419 1800 dignitate
440 1718 614 1784 ostendere.
654 1718 791 1783 Primum
814 1738 919 1783 enare
940 1738 998 1783 uos
1019 1718 1148 1785 aliunde
1172 1719 1237 1784 alio
1262 1721 1368 1803 eoegit
1391 1721 1493 1785 saeri-

186 1819 233 1882 tia
252 1820 360 1904 pestis.
401 1819 474 1886 Mox
495 1820 655 1901 conjectus
676 1839 744 1885 sum
767 1822 799 1884 in
822 1819 950 1886 scholae
961 1821 1053 1887 huius
1067 1820 1337 1889 turbulentissima
1356 1825 1494 1907 negotia,

186 1940 307 1986 summo
328 1921 396 1985 eius
414 1922 603 2003 magistratu
625 1922 705 1986 ultro
726 1921 802 1985 mihi
825 1922 940 1987 delato.
984 1922 1068 1988 luter
1088 1923 1168 1989 haee
1178 1924 1380 1990 ambiendum
1391 1928 1495 1991 luerat

185 2022 249 2087 iarn
275 2023 308 2087 in
335 2023 425 2104 aula,
451 2024 514 2088 iam
543 2022 629 2108 apud
650 2033 810 2099 senatum,
833 2031 866 2089 ut
885 2026 1084 2106 contingeret
1104 2023 1176 2090 heio
1197 2026 1381 2109 praebenda
1401 2028 1493 2093 eolle-

186 2125 220 2207 gi
248 2125 378 2190 maximi
406 2144 476 2190 enm
502 2144 624 2191 summa
644 2125 791 2190 libertate
812 2124 844 2190 iu
865 2128 986 2191 arnros‘1
1007 2133 1151 2191 eentum⁰
1177 2146 1291 2192 aureos
1318 2136 1493 2211 praestans.

185 2228 277 2293 Hane
301 2227 449 2312 princeps
476 2228 587 2293 invitis
613 2227 765 2312 sophistis
793 2227 941 2293 omnibus
966 2228 999 2293 in
1031 2247 1082 2292 me
1112 2230 1258 2309 eontulit,
1292 2249 1362 2294 uum
1386 2238 1492 2297 tamen

185 2329 349 2395 obstarent
369 2329 447 2395 mihi
468 2338 501 2395 et
521 2329 714 2395 consuetudo
726 2330 896 2395 etseholae
915 2330 1008 2413 hujus
1021 2329 1119 2412 leges.
1161 2330 1251 2396 Eniei
1273 2338 1379 2397 tamen
1398 2332 1494 2416 idque

186 2431 301 2514 partim
323 2450 508 2514 magnorum
534 2430 693 2497 hominum
716 2433 826 2497 lavore
848 2433 964 2515 partim
985 2433 1144 2514 exquisita
1165 2433 1302 2515 quadam
1324 2442 1400 2499 arte.
1431 2435 1492 2513 Qui

185 2532 244 2598 has
264 2532 322 2599 tibi
346 2533 463 2616 reddet,
484 2535 609 2617 integer
629 2542 678 2599 est
699 2534 790 2599 homo
808 2534 1012 2599 Bernhardus
1028 2534 1228 2599 Hebraeass²
1247 2538 1495 2620 superstitiosior

186 2636 290 2720 paulo.
333 2636 425 2701 Hune
455 2636 570 2701 litteris
590 2655 629 2700 ao
651 2636 769 2701 tabulis
789 2637 978 2701 instructum
1008 2636 1042 2701 in
1057 2637 1192 2720 patriam
1215 2638 1315 2711 mitto,
1336 2638 1403 2703 illie
1424 2658 1494 2704 meo

185 2739 313 2804 nomine
343 2738 606 2804 haereditatulam
633 2758 673 2805 ex
697 2738 804 2803 fratris
832 2739 895 2803 mei
922 2742 1022 2803 morte
1048 2739 1227 2821 petiturum.
1276 2739 1335 2803 Eis
1361 2740 1389 2805 si
1416 2739 1493 2822 quid

187 2840 390 2923 benefeceris,
408 2840 485 2905 milri
507 2842 624 2906 l'aetum
646 2842 773 2924 putabo.
816 2842 966 2905 Attamen
988 2840 1083 2904 nolim
1106 2848 1138 2906 te
1151 2842 1290 2923 gravari.
1333 2842 1493 2907 Novarum

187 2962 289 3008 rerum
311 2941 404 3008 heioh
425 2941 504 3007 nihil
525 2943 688 3021 habemus,
718 2961 819 3025 neque
845 2944 940 3007 etiarn
969 2961 1083 3007 novum
1110 2949 1158 3007 est
1184 2942 1311 3025 bellurn,
1342 2942 1427 3026 quod
1447 2943 1494 3007 in-

184 3044 274 3111 festis
300 3045 445 3128 utrinque
475 3046 572 3111 armis
607 3064 678 3112 eum
717 3044 868 3129 sophistis
900 3044 1048 3125 gerimus.
1100 3044 1376 3129 Circumspieimus
1411 3046 1493 3110 heie¹

185 3145 286 3227 viam,
315 3166 372 3231 per
392 3165 487 3229 quam
507 3146 685 3212 Fabritium
705 3146 919 3229 Capitonem³
949 3145 1010 3209 hue
1029 3164 1182 3227 queamus
1202 3145 1369 3212 adducere.
1412 3147 1495 3212 Tota

186 3249 334 3315 iuventus
358 3249 391 3313 in
420 3266 581 3314 saerarum
609 3250 784 3313 litterarum
809 3247 917 3313 studia
943 3267 1044 3331 prona
1064 3248 1169 3313 fertur.
1214 3248 1319 3332 ipsum
1340 3247 1422 3314 adeo
1442 3268 1495 3314 me

187 3358 271 3417 uerte
309 3372 371 3417 non
408 3350 560 3435 optimum
589 3359 825 3435 praeceptorem
856 3348 1008 3414 Paulines
1040 3348 1192 3432 epistolas
1233 3350 1493 3432 interpretantem

186 3454 321 3519 audiunt
346 3453 417 3538 plus
443 3455 548 3519 miuus
574 3454 714 3520 treoenti.
757 3452 848 3532 Vide,
877 3459 999 3534 quauta
1028 3470 1129 3518 rerum
1156 3452 1357 3517 vicissitudo!
1408 3451 1494 3517 Olim

257 3587 324 3640 *rm
344 3594 402 3641 suu.
421 3594 496 3641 lauet
513 3594 553 3641 aa
573 3594 688 3642 snam:
709 3594 823 3641 conrado
841 3592 957 3639 Matieno
975 3586 999 3640 s,
1071 3576 1165 3639 hrura>
1183 3592 1208 3640 s.
1228 3592 1269 3638 aa.
1340 3585 1350 3612 ⁰
1370 3592 1430 3640 eoa.
1443 3592 1495 3638 aaz

189 3664 222 3709 Tu
240 3664 305 3712 heia.
377 3654 468 3713 “eod
486 3665 627 3713 aunuatim.
698 3659 761 3710 ”Ta
781 3669 889 3711 eentum.
961 3645 1049 3709 leod.
1068 3664 1162 3709 nadib
1181 3662 1300 3711 Ebraeus.
1372 3656 1494 3709 ‘Pam

187 3734 218 3781 Ei
236 3736 394 3795 ananelum.
465 3722 477 3755 ¹¹
496 3735 561 3782 Hek.
579 3734 631 3781 ulad
647 3734 739 3782 Krafft
758 3734 807 3781 hie.
879 3718 961 3779 ¹u¹ie
978 3733 1005 3779 iu
1023 3734 1046 3779 h.

251 4015 262 4057 ¹
287 4018 353 4093 Ygl.
376 4018 423 4077 Br.
439 4018 496 4075 559
518 4018 546 4076 S.
557 4018 614 4074 223
637 4018 719 4075 llum.
735 4018 759 4078 l.

249 4094 352 4156 2Εἰιιο
382 4108 460 4156 soust
489 4102 568 4156 nieht
597 4102 686 4156 nliher
722 4100 862 4155 bekanute
891 4100 1122 4157 Persduliehkeit
1178 4098 1216 4154 Er
1254 4098 1320 4153 vird
1356 4098 1431 4155 noch
1462 4098 1492 4153 iu

187 4179 278 4237 einem
299 4185 428 4253 sptttereu
451 4180 545 4237 Briefe
567 4182 701 4241 erwihnt.

248 4256 263 4299 3
283 4261 437 4333 Wolfgaug
447 4261 590 4317 Fabricius
602 4260 701 4333 Cupito
723 4260 814 4331 (1478
825 4260 959 4332 4541),
978 4261 1023 4317 ein
1044 4262 1198 4333 geborener
1209 4260 1342 4329 Elsiisser,
1360 4259 1493 4315 studierte

188 4347 245 4395 erst
264 4340 399 4407 Mediain,
427 4342 500 4396 daun
521 4341 719 4412 Jurisprudena
741 4342 796 4395 und
818 4346 914 4412 spiller
932 4341 1095 4414 Theologie.
1135 4340 1174 4395 Er
1193 4358 1249 4395 war
1268 4341 1330 4395 eine
1346 4340 1408 4395 uait
1428 4340 1494 4411 lang

188 4420 394 4493 theologisehor
420 4420 564 4478 Pnolessor
591 4423 648 4476 und
669 4421 803 4494 Prediger
822 4440 856 4475 au
876 4420 971 4493 Baael,
998 4427 1054 4475 trat
1073 4419 1173 4475 darauf
1194 4422 1225 4475 in
1244 4420 1289 4475 die
1309 4420 1426 4476 Dienste
1445 4421 1494 4474 des

188 4500 362 4555 Kurfrirsten
385 4520 437 4556 von
461 4502 552 4556 Mainz
572 4502 627 4557 und
649 4502 763 4556 siedelte
787 4500 862 4555 1523
885 4502 958 4556 naeh
977 4501 1138 4572 Strassburg
1158 4500 1235 4571 iiber,
1255 4518 1297 4555 wo
1318 4518 1349 4555 er
1367 4501 1426 4555 sich
1449 4498 1493 4555 fuir

189 4580 234 4636 die
253 4581 445 4637 Reformation
467 4582 609 4637 eutsehied
630 4583 686 4636 und
707 4581 789 4654 eilrig
811 4582 857 4636 fuir
877 4582 917 4637 sie
938 4581 1043 4637 wirkta.
