3625 5192
327 353 376 407 158
698 351 959 418 Gesclriclrtsqucllen
976 353 1025 406 der
1042 350 1117 406 Pror.
1137 350 1259 405 Sar-haen.

325 523 393 568 cnm
415 502 523 567 latinis
542 502 748 565 contraxeris!
791 502 862 565 Non
885 509 917 565 te
936 501 1079 583 peniteat
1094 501 1196 565 eciam
1217 497 1387 564 uernacula
1399 506 1516 564 notare.
1559 499 1630 565 Duo

325 607 408 671 enim
430 612 625 689 spectamus:
657 625 720 668 rem
743 611 774 668 et
796 604 900 668 rerba.
942 603 977 667 lu
1005 603 1100 667 rebus
1122 604 1238 666 usitata
1266 609 1298 666 et
1320 603 1411 666 utilia
1435 604 1629 686 preterimus.

325 711 394 774 Erit
415 715 519 772 autem
540 714 672 771 conatus
691 707 741 771 hic
762 714 833 772 tuus
855 725 917 770 nou
940 706 1044 784 labor,
1065 705 1121 770 scd
1143 704 1235 770 ludus
1256 711 1289 768 et
1310 705 1537 783 laxamentum,
1559 725 1629 769 cum

325 808 593 876 nihil-iucundius
616 811 658 874 sit
679 829 772 890 qrram
793 809 935 891 expilare
954 816 985 874 et
1001 809 1097 872 l'urari
1117 807 1291 873 istomodo.
1332 809 1360 872 Ο
1381 810 1464 872 tirrta
1485 811 1629 890 egregia!

325 915 385 978 Per
404 931 460 977 vos
480 911 612 993 ingenia
633 917 785 988 crescunt,
807 911 1008 989 roborantur,
1029 920 1194 991 augentur,
1215 910 1418 974 illustrantur.
1459 911 1559 976 Nenro
1585 914 1630 976 in-

325 1017 428 1098 signis
454 1013 575 1092 doctor,
605 1013 667 1076 nisi
696 1014 748 1094 qui
778 1013 853 1076 olim
878 1012 1055 1090 audiendo,
1083 1013 1235 1094 legendo,
1262 1013 1429 1078 scribendo
1456 1015 1630 1098 proiecerit.

325 1117 408 1196 Quid
434 1117 476 1180 sit
495 1117 637 1199 expilare
659 1114 865 1180 hereditatem
879 1117 897 1195 ¹,
919 1116 1254 1179 tuianetoresdooent.
1298 1116 1433 1179 Notabis
1453 1118 1518 1180 rim
1533 1118 1630 1181 uerbi.

286 1231 291 1242 '
325 1219 488 1285 Horatius:
511 1217 602 1297 „lam
624 1218 704 1282 satis
725 1224 782 1296 est,
804 1237 843 1282 ue
865 1237 915 1282 me
925 1218 1067 1303 Crispini
1087 1219 1205 1283 scrinia
1220 1218 1301 1302 lippi
1319 1219 1508 1302 corripilaese
1531 1227 1632 1302 putes,

328 1323 462 1388 Verbum
485 1341 547 1385 non
569 1320 707 1404 amplius
729 1319 873 1384 addaur.“
917 1320 1027 1403 ltaque
1050 1320 1229 1405 suppilabis
1254 1320 1361 1386 aliena
1388 1329 1420 1386 et
1448 1329 1632 1406 comparata

327 1444 430 1490 rerum
450 1429 482 1487 et
502 1421 667 1488 uerborum
693 1422 889 1506 supellectile
919 1423 978 1488 tibi
1003 1424 1104 1488 iacies
1130 1431 1251 1491 restem
1281 1444 1321 1489 ex
1348 1424 1422 1490 lana
1449 1425 1632 1508 priscorum,

326 1528 434 1592 vinum
457 1545 495 1590 ex
520 1525 653 1594 racemis
675 1525 910 1604 historicorum,
932 1545 1048 1610 panem
1070 1546 1110 1590 ex
1130 1527 1286 1591 dumento
1308 1529 1482 1591 uetustatis.
1525 1527 1634 1591 Habes

327 1628 531 1695 monitionem
553 1627 764 1708 utilissimam,
783 1627 891 1702 babes,
914 1628 989 1710 qnid
1002 1629 1125 1692 consilii
1139 1629 1237 1692 ineas.
1279 1629 1328 1693 Nc
1349 1630 1447 1710 igitur
1465 1630 1634 1694 lectionmn

326 1739 448 1796 tuarum
475 1729 689 1794 absurditates
715 1735 747 1793 ct
776 1729 1015 1794 intricatissimc
1044 1731 1270 1813 perplexitates
1298 1731 1356 1794 tibi
1386 1731 1551 1812 negocium
1582 1751 1634 1796 ex·

328 1834 473 1913 lribeant‚
502 1830 612 1913 digere
633 1852 695 1895 rem
714 1833 751 1896 in
773 1831 894 1915 capita,
923 1832 1132 1911 sedcrrrsin13
1158 1853 1220 1897 non
1249 1834 1333 1896 enim
1359 1833 1538 1898 ordinatum
1565 1853 1635 1898 esse

327 1941 440 2020 potest,
461 1933 545 2015 quod
567 1933 672 1998 subito
693 1933 861 2016 colligitur.
903 1933 1026 1999 Sollicit
1047 1935 1229 1999 thesaurum
1248 1935 1366 2000 habere
1386 1937 1418 1998 in
1439 1955 1495 2000 sex
1510 1957 1634 2018 promp-

328 2037 448 2101 tuariis.
500 2036 634 2120 Scripsit
659 2035 701 2100 ad
729 2055 787 2100 nos
813 2055 913 2119 nuper
942 2037 1156 2119 llcnningosi,
1184 2035 1301 2102 deinde
1320 2037 1503 2104 virolscust.
1545 2040 1634 2104 Nibil

327 2140 441 2205 tersius
452 2139 597 2216 Vnolseo‚
619 2139 698 2202 nihil
710 2139 870 2221 copiosius
882 2139 1060 2220 Henningo‚
1076 2139 1102 2203 si
1118 2139 1259 2221 linguam
1270 2127 1484 2221 gerrrranicam
1497 2149 1634 2226 spectas.
1667 2150 1671 2155 ’

329 2227 474 2306 Eandem
495 2239 621 2304 laudem
643 2240 702 2304 tibi
722 2241 873 2322 vendica,
899 2261 940 2305 ne
963 2241 1152 2306 tabelliones
1181 2241 1231 2305 isti
1255 2243 1400 2317 vilissimi
1430 2251 1466 2321 et,
1489 2245 1520 2308 in
1543 2245 1635 2308 rebus

328 2344 504 2426 nugatoriis
526 2341 740 2424 loquacissimi
761 2344 939 2428 proripiant
963 2344 1020 2408 tibi
1043 2344 1225 2428 popularem
1240 2363 1357 2408 auram.
1403 2344 1482 2409 lllud
1499 2347 1635 2413 teralde

330 2467 417 2528 rogo,
438 2447 683 2529 circumspectus
704 2445 749 2510 sis
770 2451 802 2509 et
822 2453 941 2510 cautus.
982 2446 1119 2509 Locutus
1139 2465 1173 2510 es
1193 2445 1233 2510 de
1243 2463 1294 2510 me
1305 2454 1337 2510 et
1357 2446 1540 2512 domesticis
1556 2451 1636 2514 meis

244 2547 246 2550 ’
328 2547 414 2631 apud
437 2547 562 2610 Crotum
584 2547 678 2611 nimis
698 2547 886 2630 simpliciter
906 2556 938 2612 et
957 2548 1071 2626 libere,
1100 2549 1189 2628 quasi
1220 2568 1341 2632 pauper
1360 2549 1420 2612 sim
1438 2569 1498 2630 ego
1519 2562 1551 2615 et
1573 2571 1635 2616 ser·

328 2650 436 2714 riaml
458 2649 584 2734 l'amulis
605 2649 834 2714 blaterautibos
886 2651 936 2714 Do
953 2651 1011 2716 tibi
1024 2652 1159 2716 reniam.
1200 2651 1634 2736 Mansuetumetprudentem

330 2752 414 2830 volo,
443 2771 504 2813 non
532 2750 702 2816 derisorem
730 2759 761 2816 ct
790 2753 978 2818 mordacem.
1021 2755 1080 2817 Hic
1109 2761 1141 2816 tu
1168 2753 1248 2833 nilril
1279 2755 1432 2817 stomachi
1458 2757 1636 2837 contrahas,

329 2853 384 2916 sed
406 2853 572 2934 acquiesco
594 2853 681 2932 mihi,
702 2856 755 2937 qui
778 2857 938 2938 castigare
961 2875 1087 2939 possum
1111 2861 1143 2920 et
1165 2863 1286 2935 notare,
1308 2875 1368 2936 qrre
1390 2855 1531 2921 notanda
1553 2866 1637 2939 sunt,

330 2963 362 3020 ct
374 2956 546 3037 ignoscere.
588 2955 671 3019 Nori
685 2957 825 3039 tcintus;
848 2958 908 3022 boe
925 2957 1041 3022 sullieit
1091 2958 1241 3021 Nonsum
1264 2958 1309 3022 ita
1331 2977 1468 3038 severus,
1491 2968 1524 3024 ot
1546 2961 1638 3024 bonis

331 3058 424 3122 stulte
444 3057 566 3138 aliquid
587 3059 793 3138 peccantibus
816 3081 877 3124 non
900 3061 1072 3142 ignoscam.
1115 3058 1207 3123 Felix
1229 3079 1272 3137 es,
1294 3061 1321 3123 si
1344 3070 1408 3124 turn
1429 3062 1521 3126 seriis
1541 3073 1635 3144 quam

333 3159 410 3223 iocis
438 3159 572 3223 blutiani
602 3159 771 3224 delectaris
800 3169 832 3225 et
865 3161 1034 3227 auscultas.
1081 3163 1147 3227 Nos
1179 3162 1312 3226 eruditis
1343 3163 1485 3227 t‘aremus
1507 3165 1659 3246 tibique·

331 3260 505 3324 consultum
528 3261 646 3342 optime
666 3263 816 3344 cupimus.
859 3263 966 3328 Redeo
992 3264 1033 3327 ad
1060 3263 1236 3347 diplomata
1256 3264 1434 3330 Rairnondi.
1476 3266 1561 3343 Quid
1589 3277 1638 3330 est

264 3365 267 3368 ’
332 3362 476 3425 uolumen
499 3362 709 3428 Decretnlium
731 3378 825 3446 quam
847 3365 983 3447 lirrrogo,
1004 3385 1097 3446 quam
1120 3376 1285 3446 moretum,
1308 3380 1402 3449 qrram
1424 3368 1523 3450 spire,
1543 3388 1636 3460 quam

331 3464 518 3547 conrpilacio
540 3465 1019 3550 cartlroplrylaciipontificalis?
1063 3468 1219 3532 Uttarnen
1243 3469 1419 3548 „cornicum
1439 3470 1546 3534 oculos
1566 3490 1637 3534 oon-

331 3566 455 3648 ligas⁰“
478 3573 509 3628 et
530 3566 670 3632 videaris
691 3570 772 3632 scire
794 3570 839 3632 uti
860 3570 936 3649 t'oro,
960 3570 1040 3633 belle
1061 3571 1156 3651 tucis,
1184 3570 1266 3650 orrod
1291 3572 1415 3635 titulum
1436 3572 1476 3635 de
1506 3573 1638 3635 honesta

332 3667 399 3730 rita
420 3685 579 3732 sacrorum
607 3671 744 3752 prelegis
767 3670 950 3736 aniliter-ios.
997 3673 1190 3738 Adiumenta
1216 3674 1272 3737 tibi
1301 3693 1364 3736 uon
1390 3673 1504 3738 desunt
1531 3675 1638 3754 latine,

402 3799 413 3826 ‘¹
435 3807 468 3852 'l'c
488 3807 650 3855 auditoribus.

396 4015 406 4058 ¹
428 4019 546 4092 Digesta
554 4021 661 4092 XXIX,
677 4023 702 4079 ἓ.
715 4023 768 4078 21:
789 4023 818 4077 Si
840 4025 902 4094 quis
922 4031 1068 4078 extraneus
1088 4043 1145 4078 rem
1167 4025 1361 4079 hereditariam
1383 4024 1461 4094 quasi
1482 4025 1638 4095 subripiens

334 4101 376 4154 vel
400 4101 522 4171 expilans
539 4109 622 4172 tenet,
644 4122 699 4157 nou
722 4123 772 4174 pro
793 4105 894 4158 herede
915 4106 987 4176 gerit

395 4176 408 4218 ‘²
430 4181 528 4246 llornz,
548 4183 654 4236 Satircn
671 4183 809 4252 1‚1.120.

394 4256 408 4299 ³
431 4261 563 4333 llcrrning
584 4263 670 4318 Gildo.
707 4265 769 4334 vgt.
790 4265 834 4318 Br.
848 4264 884 4316 52
907 4263 934 4318 S.
947 4265 984 4316 uu
1005 4265 1084 4320 Anrn.
1098 4265 1124 4318 2.

395 4336 491 4411 4Vgl.
513 4341 559 4394 Br.
576 4343 613 4395 65
636 4343 661 4396 S.
675 4345 711 4396 88
735 4345 855 4400 Anm.l.

394 4416 408 4458 5
430 4421 492 4492 vgl.
514 4421 558 4476 Br.
578 4421 640 4478 113.
1441 4432 1445 4439 '

295 4557 298 4564 ,
394 4495 490 4572 GVgl.
511 4501 681 4574 Adagiorum
705 4503 846 4560 chiliades
867 4505 900 4561 D.
923 4505 1035 4560 Erasmi.
1057 4505 1448 4578 Bua1536.p.124-125.
1489 4505 1637 4562 Cor-ericum
1725 4545 1733 4553 -

335 4581 431 4635 oeulos
452 4579 597 4651 conligere.
