3625 5192
681 362 941 432 Gesebiebtsquellen
960 364 1007 416 der
1026 362 1098 420 Pror.
1119 363 1241 416 Saobsen.

524 511 639 576 Omnia
663 512 864 594 praestiterit,
886 512 914 576 si
939 519 970 576 te
990 513 1115 578 fortuna
1136 512 1277 594 mihique

523 614 675 692 Barbara,
697 633 779 694 quae
801 616 872 679 visa
894 625 952 697 est,
974 617 1079 697 patria
1101 624 1184 680 terra
1203 617 1290 679 l'oret.

524 716 613 781 Haeo
633 725 682 780 est
702 717 909 782 Christilerae
929 719 1016 799 regio
1040 721 1142 781 erneis
1164 717 1275 782 ultima
1297 717 1419 793 eultrix,

450 820 503 889 30)
525 817 653 883 Praeter
675 838 767 901 qrram
791 821 913 901 merito,
935 821 1013 884 Livo
1035 839 1169 899 eomose,
1192 830 1289 884 tenes.

525 919 636 1001 Regna
659 921 733 985 dein
758 930 887 985 serrant
910 923 1081 1005 pharetrati
1106 923 1251 1006 proxima
1271 921 1364 985 Russi

526 1023 613 1086 Gens
632 1025 712 1104 l'era,
732 1024 788 1087 sed
812 1026 923 1106 nigrae
945 1045 1042 1107 saepe
1064 1025 1197 1088 subaeta
1219 1024 1312 1088 eruoi.

455 1131 459 1137 '
523 1123 653 1189 Pressia
670 1134 702 1187 et
723 1127 860 1208 insignis
881 1145 997 1208 magno
1018 1127 1154 1190 Livonia
1176 1126 1301 1190 Christo

523 1229 603 1289 Sunt
624 1226 686 1289 dno
707 1227 902 1291 Teutonicae
924 1229 1053 1291 subdita
1073 1248 1174 1309 regna
1193 1229 1288 1291 oruei.

448 1329 501 1393 35)
524 1328 627 1405 Parte,
649 1330 833 1416 erieptalem
856 1350 920 1411 qua
941 1331 1069 1395 Pressia
1089 1330 1192 1410 vergit
1214 1330 1246 1392 in
1269 1327 1395 1408 Eurum,

522 1429 676 1492 Livonum
698 1441 810 1512 gentes
830 1442 862 1508 et
884 1433 1021 1495 Littraua
1043 1432 1157 1495 laeent.

524 1531 680 1612 Proxima,
702 1534 864 1617 nymbosis
885 1553 966 1615 quae
987 1534 1115 1598 datibus
1137 1534 1250 1615 irrigat
1272 1536 1395 1612 Auster,

525 1633 684 1699 Mazovita
705 1645 737 1699 et
755 1638 845 1700 tortis
867 1657 939 1709 rura
959 1637 1095 1701 Polonus
1118 1647 1195 1700 arat.
1232 1701 1234 1706 ,

523 1736 696 1800 Oeeiduum
718 1741 861 1802 Saxones
883 1739 1001 1803 babent
1021 1740 1114 1819 latua,
1136 1738 1218 1802 unde
1241 1739 1377 1818 remugit

447 1841 500 1916 40)
521 1837 667 1903 Hirsutus
688 1840 814 1919 Boreas,
839 1841 984 1905 Baltlriea
1007 1853 1123 1922 stagna
1143 1849 1258 1904 tenent.

525 1941 656 2005 l’russia
676 1950 739 2005 tam
762 1944 843 2006 latas
866 1952 1018 2007 terrarum
1043 1944 1185 2028 possidet
1205 1963 1277 2006 oras

525 2043 656 2126 lnelyta,
678 2046 782 2127 plena,
804 2054 918 2129 potens
939 2045 1083 2126 eultibus,
1106 2065 1189 2124 aere,
1212 2063 1316 2107 manu.

521 2144 612 2208 Hane
633 2165 724 2210 eruee
745 2150 890 2228 signatus
913 2149 1003 2228 nigra
1024 2149 1172 2230 pallaque
1195 2147 1293 2209 nivali

522 2247 715 2310 Teutonieus
736 2256 859 2330 partam
882 2250 1038 2330 sanguine
1061 2251 1151 2312 miles
1175 2249 1279 2312 babet.

447 2353 501 2422 lu)
522 2350 589 2412 Seit
611 2369 712 2428 vagus
733 2358 764 2414 et
787 2371 903 2430 magun
926 2352 1020 2414 llurio
1043 2371 1101 2433 par
1123 2351 1247 2415 Vistula
1268 2349 1386 2424 Rheno,

520 2451 681 2532 Sanguine
703 2471 795 2532 quem
819 2460 915 2515 totum
938 2453 1142 2516 subrubuiese
1163 2454 1275 2531 lerunt,

525 2554 646 2616 Vistula
666 2553 842 2617 Pannoniis
860 2555 967 2618 oriens
993 2575 1010 2617 e
1033 2555 1191 2618 ruentibus
1212 2573 1335 2617 omnem
1357 2551 1448 2631 hane,

521 2657 622 2733 Quam
646 2656 819 2737 longeest,
842 2665 957 2721 terram
980 2657 1093 2740 perluit
1114 2676 1205 2721 omne
1226 2676 1316 2736 rago.

521 2760 601 2822 lnde
623 2778 706 2839 vago
726 2772 818 2841 lapsu
840 2779 988 2840 magnum
1010 2780 1045 2824 se
1066 2761 1173 2824 eondit
1193 2759 1225 2822 in
1249 2778 1375 2840 aequor,

446 2864 500 2941 50)
522 2861 614 2938 Quod
636 2862 734 2925 variis
756 2869 853 2924 totam
874 2861 1009 2926 lleuibus
1032 2862 1131 2924 ambit
1154 2862 1289 2924 humum.

520 2964 581 3027 Hie
602 2964 696 3027 etiam
719 2965 807 3026 vario
828 2974 960 3026 naturae
983 2983 1109 3028 munere
1131 2964 1232 3028 laetus

522 3065 677 3131 Omnibus
698 3064 740 3128 ad
762 3066 880 3128 vietum
902 3065 995 3130 rebus
1016 3066 1156 3129 abundet
1178 3085 1265 3146 ager.

522 3167 603 3230 Dum
627 3167 704 3231 sinit
724 3175 757 3231 et
776 3169 885 3230 melior
907 3188 977 3232 eum
998 3169 1064 3232 sole
1086 3169 1253 3231 revertitur·
1275 3186 1386 3246 annus,

519 3270 587 3334 Has
609 3271 876 3334 Cereremterras
898 3270 1066 3334 incoluisse
1086 3277 1187 3353 putes.

447 3374 502 3450 bb)
522 3371 630 3453 Usque
651 3371 731 3435 adeo
754 3371 856 3454 plenis
878 3371 935 3436 hos
957 3373 1112 3436 nressibus
1134 3380 1291 3452 aggravat
1314 3390 1418 3452 agros,

527 3473 567 3538 Ut
587 3482 683 3556 queat
704 3474 764 3538 boe
783 3475 869 3539 eredi
890 3476 983 3558 eopia
1006 3483 1082 3540 nata
1105 3474 1182 3539 loeo.

520 3576 642 3640 Horrea
662 3596 759 3659 saepe
780 3596 837 3641 suo
859 3597 920 3641 non
942 3585 1015 3642 sunt
1036 3579 1115 3642 satis
1135 3578 1243 3660 ampla
1264 3578 1374 3649 eolono

518 3680 661 3759 Lataque
683 3680 737 3743 vix
758 3680 870 3744 messis
890 3679 1034 3760 frugibus
1055 3700 1134 3744 arva
1154 3686 1271 3761 patent.

521 3781 578 3846 Est
599 3801 685 3844 mare
705 3781 855 3846 laudatae
878 3783 1034 3846 luerosum
1058 3802 1186 3846 munere
1207 3799 1362 3862 gemmae,

447 3885 497 3959 00)
519 3884 695 3946 Germanus
715 3883 865 3964 glessum,
887 3885 1015 3948 sueoina
1035 3883 1135 3948 Roma
1156 3892 1258 3948 voeat.

519 3985 655 4067 Saepius
677 3984 760 4048 hane
782 3986 936 4068 puerique
959 3986 1069 4066 legunt
1089 3986 1282 4067 timidaeque
1303 3985 1437 4069 puellae,

521 4087 589 4150 Nee
611 4093 716 4168 stupet
736 4107 757 4148 a
780 4086 882 4168 prima
904 4106 961 4170 pes
981 4095 1086 4151 tanren
1109 4087 1190 4151 udus
1211 4105 1302 4168 aqua.

520 4188 578 4252 Est
598 4208 693 4268 mare,
715 4197 788 4252 sunt
809 4189 907 4264 fluvii,
929 4199 1001 4252 sunt
1022 4197 1136 4271 stagna
1159 4192 1311 4253 immensa
1332 4188 1490 4270 laeuaque,

521 4291 594 4353 Non
614 4292 716 4372 magis
738 4299 785 4354 est
806 4293 894 4354 vario
915 4291 1003 4375 pisce
1024 4291 1161 4374 superba
1183 4291 1311 4370 Pharna,

447 4396 496 4469 db)
519 4392 601 4457 Sunt
623 4399 655 4456 et
674 4412 768 4474 apum
790 4393 931 4476 pulelrris
952 4401 1129 4456 tenerarum
1149 4395 1298 4460 examina
1318 4393 1428 4476 sylvis,

521 4495 637 4571 Qualia
657 4494 712 4558 vix
732 4513 868 4575 unquam
890 4495 1005 4561 Sioelis
1026 4496 1132 4580 Hybla
1155 4497 1235 4560 tulit.

521 4598 627 4681 Saepe
649 4596 722 4675 illis,
743 4615 794 4662 res
813 4598 904 4677 mira,
927 4597 986 4662 loei
1009 4598 1087 4661 satis
1109 4615 1179 4662 esse
1199 4601 1341 4679 negatur,
