3625 5192
315 347 364 400 luo
685 348 945 416 Gescbicbtuquellcu
965 350 1015 401 der
1032 347 1111 400 Prov.
1129 348 1252 400 Sachscu.

312 505 405 563 esset,
458 497 566 576 ltaque
595 497 719 561 animus
743 504 791 562 est
816 497 875 562 lroc
901 515 1014 560 munus
1039 496 1163 580 poetica
1190 495 1405 577 antipelargia
1433 495 1617 559 redhostire.

314 601 383 662 Nou
399 601 482 664 enim
500 600 569 662 illos
586 610 696 680 sector,
712 599 764 680 qui
781 619 837 662 sua
855 599 982 663 venalia
999 599 1126 676 habent,
1149 616 1286 675 uranum,
1307 597 1459 677 linguam,
1479 615 1617 680 operam,

312 703 471 766 val'ricias.
513 701 666 766 Prodesse
685 702 774 766 bouis
792 700 877 766 soleo
894 701 987 764 borno
1004 701 1158 764 letissime
1173 700 1382 783 paupertatis,
1403 698 1488 780 quod
1509 718 1618 764 omnes

311 803 515 868 admirantur.
557 804 606 867 Tu
627 807 699 869 r'ale
720 812 752 868 et
773 824 822 867 me
839 822 913 866 ama
934 811 1050 866 mutuo.

391 907 435 970 Vl
457 906 557 972 Eidus
578 905 731 971 Octobres
752 903 921 970 llllelll.

382 1017 562 1064 uanrrscmrm.
575 1018 594 1063 u
608 1019 658 1064 aru
679 1019 720 1064 ror.
732 1017 807 1064 corr.

310 1179 393 1250 ltu.
417 1178 460 1250 ll.
482 1197 525 1244 au
549 1177 683 1248 Urbuu.
1018 1175 1149 1258 (tlotlru
1164 1176 1257 1244 1514.
1290 1174 1357 1241 Um
1373 1178 1415 1245 lt)
1430 1172 1615 1263 tllrtobcr.)

381 1305 441 1350 llor.
461 1304 596 1358 vertoidiut
615 1304 667 1348 sielr
688 1319 772 1360 wc=gcu
793 1303 888 1358 cirrluer
905 1302 957 1348 ilnn
978 1317 1026 1346 von
1046 1302 1131 1347 l'rbau
1149 1302 1297 1359 geruachteu
1320 1303 1459 1362 l'orwiirl'e,
1481 1303 1565 1348 iudern
1589 1317 1617 1348 er

311 1375 351 1422 die
374 1375 517 1434 l'rluzlplcu
539 1375 620 1420 sciuor
639 1373 853 1420 llcrrsclrculcritik
873 1373 978 1430 darlogt.

391 1472 648 1547 l'restautissimo
669 1491 725 1538 suo
748 1460 988 1555 patri'llenrico
1012 1470 1166 1535 Urbano
1187 1469 1347 1534 blutianus
1366 1470 1476 1534 Rufus

396 1579 428 1640 S.
470 1575 549 1657 Legi
572 1580 642 1639 tuas
664 1575 773 1640 literas
796 1582 844 1654 et,
866 1574 958 1638 sicuti
986 1573 1138 1652 iusseras,
1160 1572 1265 1636 statim
1296 1573 1430 1639 testibus
1451 1572 1566 1636 l'ublio
1586 1581 1619 1636 et

312 1677 474 1742 Vulcanol
501 1678 675 1760 concerpsi.
722 1676 771 1739 'l'u
806 1675 998 1754 Cerberum²
1030 1675 1111 1737 iuter
1143 1675 1291 1756 antiquos
1322 1676 1445 1740 cenobii
1479 1677 1616 1740 fautores

311 1801 405 1845 uuum
429 1781 573 1844 nominas
594 1787 635 1860 et,
656 1798 718 1861 qrra
745 1777 888 1843 refluxu
913 1777 955 1841 sit
978 1777 1057 1841 tidcs
1082 1776 1266 1858 Hercbordi,
1293 1777 1400 1840 multis
1421 1778 1615 1858 argumentis

311 1886 440 1967 planum
463 1883 554 1956 t'acis,
583 1903 633 1946 me
656 1901 779 1964 quoque
799 1880 1019 1964 reprehendis,
1041 1879 1125 1960 quod
1147 1879 1348 1964 plurimorum
1372 1880 1485 1943 bonam
1508 1879 1615 1944 voluu-

310 1994 406 2050 tatem
429 1986 556 2050 sinistre
578 1985 744 2068 accipiam.
789 1983 854 2048 Nec
870 1981 1096 2046 remittendum
1118 1981 1216 2044 luisse
1237 1980 1456 2045 honorarium3
1477 1982 1615 2062 patriani

310 2089 356 2152 tui
386 2087 560 2152 arbitraris.
609 2087 695 2167 Ego,
724 2085 868 2164 Urbane,
894 2085 935 2148 de
961 2083 1141 2147 hominibus
1168 2082 1259 2146 bonis
1283 2091 1314 2146 et
1340 2084 1433 2147 malis
1453 2092 1562 2148 sancte
1583 2091 1615 2148 et

310 2191 450 2272 graviter
473 2189 588 2270 iudico,
607 2190 663 2254 hos
685 2189 811 2267 damna,
833 2187 903 2252 illos
924 2187 1066 2251 observo.
1110 2184 1264 2248 Iudicium
1286 2205 1388 2247 meum
1410 2185 1509 2249 liuore
1530 2192 1616 2250 caret

310 2296 342 2352 ct
377 2289 610 2352 malevolentia.
663 2287 764 2350 Nemo
796 2285 948 2350 hactenus
975 2285 1070 2348 tidem
1101 2297 1132 2349 ct
1161 2287 1377 2350 constanciam
1405 2309 1506 2352 urcam
1533 2288 1615 2352 desi·

309 2390 443 2455 deruvit.
489 2390 594 2453 Virtus
614 2395 645 2452 et
673 2387 817 2453 doctrina
841 2387 960 2452 amicos
983 2387 1059 2450 milri
1081 2389 1170 2469 t'acit,
1196 2389 1312 2453 vicium
1328 2397 1359 2453 et
1380 2390 1548 2473 insolentia
1569 2391 1614 2455 iu-

310 2493 429 2556 imicus.
477 2492 526 2554 Sit
553 2492 649 2572 igitur
678 2500 764 2569 tuus,
794 2491 820 2553 ai
849 2491 895 2553 ita
917 2490 982 2567 vis,
1008 2490 1142 2569 auricus,
1172 2511 1260 2556 meus
1287 2512 1347 2556 uon
1370 2493 1429 2556 crit
1450 2493 1613 2558 Cerberus.

310 2593 491 2658 Herebordo
515 2613 587 2657 vero
609 2595 749 2674 graviter
770 2593 917 2672 irusmrt,
937 2592 1019 2673 otrod
1042 2591 1150 2656 sordes
1171 2593 1370 2674 liberalitati,
1398 2597 1612 2674 arrogantiam
1673 2673 1680 2684 .

310 2695 477 2769 modestia,
515 2695 775 2776 ingratitudinem
808 2703 899 2776 grato
932 2695 1038 2757 auimo
1067 2699 1223 2776 proponit.
1276 2697 1310 2760 Si
1348 2697 1463 2777 corrigi
1502 2707 1615 2780 potest,

309 2798 493 2880 castigabo,
518 2798 545 2862 si
571 2817 631 2862 nou
660 2804 776 2881 potest,
805 2797 854 2862 lrei
878 2797 972 2860 mihil
992 2816 1086 2877 qrram
1109 2799 1437 2877 vereor,neduobus
1459 2798 1613 2863 mutilati

309 2899 500 2964 causidicis⁵
530 2900 560 2962 iu
584 2900 768 2964 criminibus
791 2911 821 2962 ct
843 2898 1013 2976 dedecore,
1040 2899 1156 2962 nedum
1177 2901 1209 2962 in
1232 2899 1402 2965 honoribus
1425 2903 1616 2966 successisse

309 3001 463 3066 videatur.
505 3002 645 3066 Patriani
675 3003 719 3065 tui
751 3001 928 3066 blandicias
949 3020 1064 3080 susque
1085 3000 1187 3081 deque
1209 3001 1304 3076 l'aci03
1326 3023 1389 3067 uon
1410 3005 1527 3086 negari
1549 3023 1614 3066 rem

311 3105 452 3185 petitam,
473 3124 584 3169 munus
607 3124 721 3187 capere
743 3104 895 3168 recusavi.
939 3104 975 3166 lu
998 3123 1034 3166 eo
1056 3122 1107 3166 me
1128 3102 1239 3167 laudes
1261 3123 1390 3168 neeesse
1411 3113 1468 3186 cst,
1490 3126 1559 3170 cum
1573 3125 1612 3170 cx

309 3206 450 3270 avaricia
484 3206 615 3270 damnes
644 3205 868 3270 Herebordum.
919 3204 1022 3268 Pudor
1048 3211 1079 3267 et
1104 3205 1229 3285 equitas
1257 3226 1317 3269 nou
1347 3208 1438 3282 sinit,
1469 3214 1502 3270 ut
1527 3227 1614 3271 meas

309 3306 417 3371 Musas
435 3327 518 3374 more
536 3307 715 3372 tabularum
738 3308 883 3372 vendam.
927 3305 1009 3371 Dedi
1033 3305 1179 3370 defuneto
1202 3307 1347 3373 Adamoi
1368 3329 1438 3372 cum
1460 3308 1525 3372 alia
1548 3319 1612 3373 tum

309 3409 512 3476 Decretorum
527 3411 632 3476 libros.
675 3412 708 3475 Si
726 3413 862 3477 moriens
880 3412 957 3476 mihi
973 3416 1109 3497 gratiam
1127 3430 1189 3474 nou
1207 3412 1321 3485 retulit,
1344 3411 1487 3491 quiescat
1503 3411 1615 3475 nibilo-

309 3513 412 3578 minus
441 3515 474 3577 in
501 3533 580 3596 pace
608 3523 769 3598 perpetua.
812 3518 860 3577 An
888 3535 963 3581 vero
989 3519 1048 3581 sim
1071 3521 1256 3582 ever-soret
1277 3513 1437 3594 malignus
1457 3514 1614 3595 interpres

309 3613 390 3678 boue
419 3613 551 3678 aliorum
580 3615 768 3697 voluntatis,
797 3625 910 3700 postea
937 3618 1056 3684 videro.
1098 3619 1142 3684 Es
1164 3616 1261 3699 nrngk
1282 3615 1342 3679 wol
1364 3617 1450 3692 sein,
1478 3616 1537 3680 das
1557 3616 1614 3680 der

307 3734 429 3780 momus
450 3722 551 3780 etwas
572 3717 727 3783 stretllcbs
750 3719 800 3782 bic
822 3719 882 3782 mir
897 3719 1003 3784 liudet.
1043 3721 1144 3783 llumo
1158 3738 1235 3782 sura
1268 3717 1350 3781 Illud
1368 3725 1470 3780 tamen
1486 3719 1612 3781 verissi-

307 3837 406 3881 mum:
435 3819 515 3883 nihil
541 3826 572 3883 tc
602 3839 736 3900 unquam
772 3820 893 3886 vidisse
924 3822 1102 3906 simplicius
1130 3829 1162 3886 ct
1187 3822 1298 3902 equius
1325 3820 1443 3884 iudicio
1469 3820 1614 3901 blutiaui,

308 3926 411 4001 potest
432 3924 536 3985 tamen
559 3919 636 4002 lieri,
657 3929 691 3986 ut
712 3929 847 4006 peccem.
893 3923 980 3988 Vale.

378 4030 558 4078 uauuscmrru.
575 4032 594 4076 s
605 4033 655 4078 coc
670 4033 708 4078 m.
722 4031 802 4082 ausc.

307 4129 507 4140 ——.--.-

368 4179 379 4223 1
403 4186 461 4241 Vor
481 4188 575 4242 acinon
596 4189 696 4244 beiden
718 4189 834 4244 l‘umuli.

369 4261 466 4338 rvgr.
480 4267 525 4323 ur.
540 4268 595 4322 ror
619 4267 713 4323 saar
737 4271 818 4326 unm.
832 4271 857 4326 r.

282 4370 284 4374 ·
369 4341 464 4418 3Vgl.
486 4349 537 4402 dcu
560 4350 672 4419 vorigen
696 4350 780 4405 Bricf.

368 4422 381 4464 ⁴
406 4427 590 4496 vullielssl
613 4431 703 4486 ΜΙ-
742 4432 787 4489 ll‘l.

368 4502 382 4544 ⁵
403 4507 482 4562 Gildo
504 4511 558 4563 crud
581 4509 737 4565 Bobenzuu.
778 4512 897 4584 vglur.
909 4513 966 4566 373
984 4514 1009 4565 S.
1023 4513 1060 4563 32
1084 4511 1165 4566 alum.
1179 4513 1206 4568 3.

368 4583 382 4626 0
402 4587 456 4643 Dic
478 4589 700 4646 Persduliclrkeit
724 4592 760 4648 ist
777 4593 857 4648 nicht
876 4593 1072 4648 scstzustellen.
