3625 5192
323 351 357 400 50
695 344 955 412 Gesehiebtsquellen
976 345 1024 397 der
1041 343 1117 397 Pron.
1135 341 1258 398 Saehsen.

325 493 408 565 389.
431 491 475 564 11.
497 510 541 558 un
565 489 766 562 llusardus.
1114 441 1118 448 ¹
1188 489 1338 573 (Gotho)
1350 492 1443 562 1514.
1467 491 1628 561 suntal.

395 635 457 684 Mut.
481 635 619 681 versichert
643 634 692 680 don
715 631 845 680 husardus
870 633 953 679 soiuer
978 633 1163 691 lloebarbtung
1185 633 1235 678 nnd
1263 634 1330 678 lrlrirt
1357 633 1402 678 ibn
1425 633 1488 678 suber
1511 633 1566 678 eine
1587 647 1628 691 go·

324 708 453 753 wiirrsehto
467 706 559 752 Selrrist
578 705 627 752 ani.
665 705 712 750 llio
727 703 827 762 (lagnon
845 704 890 750 dm
909 705 1011 750 wahren
1026 705 1207 750 Wissensrhal't
1225 705 1323 749 worden
1343 703 1401 749 bald
1420 719 1464 749 zur
1477 703 1631 749 Erlrenutnis

323 777 391 824 ihrer
409 777 486 822 selhst
504 777 635 835 gelangon.

404 891 541 972 Egregie
568 891 636 953 viro
659 889 788 952 Herrieo
810 889 990 954 hlusardo
1013 889 1131 954 Christi
1153 890 1254 953 saeris
1271 889 1411 964 initiato,
1441 889 1629 972 philosopho

323 1001 354 1059 et
374 993 530 1074 theologo,
552 993 654 1056 amieo
678 989 871 1072 honorando,
894 991 1053 1055 lllntianus
1072 991 1178 1057 Rufus.

402 1097 434 1161 S.
476 1093 567 1172 Quod
595 1113 646 1158 me
672 1113 795 1157 summa
823 1095 943 1177 pietate
967 1093 1046 1157 eolis
1073 1101 1105 1157 et
1135 1092 1266 1157 mirihee
1299 1113 1401 1166 amas,
1438 1093 1541 1158 habeo
1570 1093 1630 1157 tibi

321 1199 467 1280 gratiam.
512 1197 579 1279 Ego
600 1196 685 1261 idem
706 1197 809 1260 {heere
830 1217 892 1260 non
914 1195 1031 1268 destiti,
1055 1195 1112 1260 sed
1130 1196 1215 1260 theio
1237 1201 1292 1259 tua
1313 1196 1419 1259 studia
1437 1195 1574 1279 plurimi,
1596 1204 1630 1258 nt

321 1321 383 1364 non
409 1300 508 1365 solum
532 1306 562 1363 te
584 1299 769 1379 studiosum,
791 1296 847 1362 sed
869 1299 966 1362 etiam
988 1297 1083 1363 valde
1104 1297 1278 1362 studiosum
1300 1315 1370 1362 esse
1384 1298 1550 1380 predicare
1565 1317 1627 1361 non

320 1403 473 1466 desinam.
516 1401 616 1480 Petis,
645 1409 678 1465 nt
708 1402 829 1464 mittam
852 1401 1037 1484 Hieronymi
1066 1419 1146 1482 opus
1168 1399 1209 1464 de
1236 1398 1417 1464 nominibus
1438 1399 1628 1464 hebraicis¹

320 1505 391 1568 Non
419 1502 513 1568 eredo
541 1503 633 1567 huius
662 1522 745 1581 esse,
773 1501 828 1567 sed
852 1503 901 1566 vel
925 1501 1045 1565 Rufini*
1066 1501 1249 1565 Τιιιιιιιιιίί2
1268 1501 1319 1566 vel
1342 1502 1483 1566 alterius.
1524 1502 1626 1565 Meam

321 1607 403 1670 hane
424 1607 618 1670 sentenciam
640 1605 725 1669 doeti
747 1604 933 1670 confirmant
951 1611 984 1668 et
1000 1604 1145 1686 probant.
1187 1602 1237 1668 De
1254 1603 1449 1668 adversariis
1468 1604 1627 1669 Musarum

320 1716 352 1774 et
378 1707 578 1792 philosophie
605 1708 786 1772 sincerioris
816 1707 942 1771 noli.tu
973 1705 1100 1789 quidem
1128 1705 1281 1770 laborare.
1324 1707 1469 1771 Sentieut
1497 1707 1549 1770 isti
1572 1725 1628 1769 suo

320 1817 475 1894 tempore,
505 1829 584 1892 quos
609 1809 836 1874 lacessierint-‘¹
885 1809 1004 1873 Demus
1030 1827 1087 1874 nos
1115 1828 1261 1892 operam,
1289 1816 1322 1872 ut
1342 1808 1521 1887 ualeamus,
1548 1808 1629 1871 bene

320 1913 494 1977 sentiamus
523 1918 554 1975 et
578 1911 750 1993 loquamur.
792 1911 879 1975 Satis
908 1918 956 1974 est
984 1911 1076 1974 bonis
1096 1916 1129 1975 et
1150 1910 1282 1974 eruditis
1302 1911 1470 1994 placuisse.
1511 1909 1629 1973 Contra

320 2014 531 2098 improborum
553 2013 690 2097 impetus
710 2020 775 2076 turn
797 2033 886 2078 saere
908 2014 999 2077 litere
1020 2021 1084 2076 tum
1106 2012 1206 2076 uirtus
1229 2013 1301 2096 ipsa
1320 2031 1378 2075 nos
1395 2018 1505 2077 armat.
1547 2010 1628 2074 Vale

321 2123 353 2180 et
372 2115 516 2180 divinam
536 2116 682 2200 synaxim
704 2117 773 2179 sine
794 2116 869 2193 nlla,
892 2115 974 2198 quod
997 2116 1087 2194 ineis,
1108 2114 1341 2178 sollieitudineb
1364 2114 1498 2179 celebra.

402 2219 462 2283 Die
487 2217 631 2282 loannis⁰
654 2217 831 2300 prodr-orni<1
853 2217 1023 2280 MDXllll.
1207 2213 1213 2223 '

392 2341 574 2387 llandsehm’ltl.
592 2339 674 2386 1809
694 2337 822 2387 ιο1.198ι.
859 2339 1023 2386 Gedr.b.Tn.
1041 2340 1065 2386 S.
1080 2339 1124 2386 151
1145 2355 1192 2385 ron
1211 2339 1280 2384 Polis
1300 2346 1326 2384 ut
1346 2339 1382 2385 hia
1399 2355 1450 2384 :aran
1471 2339 1586 2384 tulliane..

389 2439 453 2491 “Ta
472 2443 572 2492 Ruffini.
667 2431 678 2465 ¹³
698 2445 731 2490 're
749 2438 916 2497 solicitudine.
997 2438 1061 2490 ⁰st
1080 2444 1207 2492 Iohannis.
1286 2428 1368 2490 '¹¹Jn
1389 2445 1411 2488 la·
1426 2443 1484 2488 r'r'ber
1502 2432 1627 2503 prodromi

319 2515 494 2575 precor-rantis.
1625 2505 1638 2526 ⁶

873 2633 1075 2642 ——..

319 2781 405 2853 390.
429 2781 472 2848 ll.
495 2801 540 2848 an
562 2782 697 2850 Urhan.
1075 2781 1209 2864 (Gotho
1224 2784 1318 2849 1511.
1345 2781 1420 2850 l'or
1440 2783 1496 2850 30.
1510 2783 1626 2866 dunl).

390 2907 452 2955 Mat.
473 2907 577 2966 meldut,
601 2908 657 2953 dass
677 2908 780 2953 Publius
803 2908 864 2953 iiber
884 2908 1014 2953 Erwnrlon
1039 2913 1094 2968 spiit
1116 2923 1165 2953 von
1190 2909 1274 2954 Erfnrt
1296 2909 1494 2967 zuriirkgehelrrt
1517 2908 1552 2954 soi
1575 2909 1626 2954 und

320 2991 347 3022 or
367 2977 448 3022 selber
467 2978 511 3023 das
529 2978 662 3023 (iraselroulr
682 2979 753 3023 nieht
771 2980 913 3024 annobmen
932 2979 1024 3025 kdrrne.

401 3075 428 3140 U
436 3076 566 3140 rbano.

398 3179 429 3242 S.
472 3177 581 3243 Serius
602 3177 752 3261 opinione
774 3199 846 3244 urea
869 3177 963 3243 rediit
984 3177 1143 3242 Publius.l
1185 3177 1288 3242 Credo
1310 3179 1357 3242 ita
1377 3185 1408 3242 te
1435 3180 1566 3256 sentire,
1594 3186 1628 3242 ut

318 3279 439 3344 seribis.
491 3280 587 3345 Fides
613 3282 697 3345 enim
731 3288 786 3344 tna
819 3300 880 3345 non
915 3280 1052 3344 vacillat.
1106 3279 1174 3360 Ego
1203 3280 1341 3362 precium
1370 3281 1557 3357 numerabo,
1592 3288 1625 3344 tu

318 3381 434 3446 indioa.
489 3383 523 3444 ld
556 3383 616 3446 nisi
651 3385 778 3464 feceris,
815 3402 878 3446 non
914 3382 1059 3446 lrabebo⁵
1092 3383 1174 3447 dono
1208 3380 1330 3454 daturo,
1365 3382 1625 3461 sedrenrittarm

316 3483 398 3548 adeo
426 3504 494 3548 sum
525 3485 720 3550 verecundus
751 3492 782 3549 et
809 3505 879 3549 enm
907 3485 1028 3566 pudore
1054 3491 1231 3547 contumax.
1281 3485 1367 3549 Vale.
1413 3485 1484 3547 Nox
1520 3485 1627 3548 tardat

316 3586 482 3650 calamum.

387 3707 568 3756 Handsehriltl.
586 3711 606 3754 p
626 3709 833 3758 310l01.·198r.

382 3947 391 3990 ¹
414 3951 467 4006 Ein
485 3953 582 4008 Druck
603 3954 691 4009 dieses
712 3955 831 4009 Werkes
852 3973 901 4009 aus
922 3956 971 4009 der
990 3955 1051 4009 Zeit
1069 3973 1123 4010 von
1147 3954 1231 4007 1513-
1245 3955 1282 4008 iet
1303 3954 1355 4008 mir
1375 3955 1454 4008 nieht
1474 3955 1606 4011 bekannt

379 4028 393 4072 2
415 4031 451 4090 So
469 4034 514 4088 dio
533 4033 716 4089 Handschrift
739 4042 842 4090 anstatt
861 4035 1004 4106 Tyrannii.

378 4107 498 4168 ³Diese
519 4113 697 4187 Aenssernng
724 4116 833 4170 sebeint
862 4116 922 4171 eieh
948 4115 1000 4170 auf
1019 4117 1064 4169 die
1084 4115 1225 4187 Epistulae
1248 4115 1427 4170 obscurorum
1450 4116 1570 4170 virorum
1591 4135 1624 4170 zu

317 4192 458 4263 beziehen,
478 4191 583 4250 uelehe
603 4195 631 4248 in
648 4197 741 4266 jenem
764 4195 931 4266 Zeitpunkte
953 4198 1126 4253 eratstandeu.

375 4269 388 4311 ι
412 4274 473 4343 ugr.
495 4273 620 4331 unsar.

375 4349 390 4392 5
413 4353 470 4408 Das
491 4355 655 4409 Paalteriurn
677 4354 851 4426 Quineuplex
872 4357 921 4410 deo
941 4355 1032 4411 Faber
1052 4355 1230 4427 Stapulonsis.
1333 4350 1336 4354 ⁴

868 4533 1069 4541 ——-.
