3625 5192
611 341 700 396 Brlelo
725 343 844 398 Matiana
862 343 922 397 llo.
942 343 1002 397 447,
1022 343 1081 397 448.
1451 342 1502 395 105

194 492 378 575 Spoletinus
396 496 535 574 popaml
555 503 663 556 suum·
684 491 847 556 insimulat
866 499 898 556 et
920 493 1040 556 merito.
1084 492 1167 555 Nam
1184 491 1239 572 qui
1258 499 1348 554 uates
1366 497 1398 554 et
1416 490 1503 555 Pria-

196 615 268 675 pum
304 589 418 658 vicinis
446 603 597 670 ostentat,
627 593 779 676 indignus
806 601 868 670 est,
900 594 955 674 qui
983 613 1066 677 pane
1097 594 1152 658 illo
1187 594 1320 676 mystico
1351 603 1502 659 vescatur.

194 696 324 779 l'eperoi
346 696 501 778 propudio
523 697 678 760 vilissimo
700 705 731 758 et
752 695 840 776 iussi,
863 701 896 759 ut
919 697 950 759 in
972 696 1114 778 graciam
1138 696 1289 758 Duronli2
1310 696 1502 760 conniveret.

194 800 245 862 lta
264 799 381 863 factum
405 807 462 862 est,
511 797 574 864 Sed
602 799 668 863 alia
699 798 876 862 meditabor
905 805 953 876 et,
979 799 1056 880 qnia
1082 818 1145 863 non
1173 797 1308 862 libenter
1329 800 1408 861 meis
1429 817 1503 862 con·

194 898 276 964 siliis
297 898 469 964 accederet
490 900 582 980 soles,
604 899 690 963 solus
710 900 781 984 ipsc
803 900 956 984 proximis
979 900 1128 966 nundinis
1142 900 1299 964 accusabo
1315 899 1403 965 illurn
1416 899 1502 982 apud

196 1002 378 1067 Duronium.
421 1003 531 1067 Placet
557 1008 680 1082 gestum
707 1021 822 1066 morem
843 1003 942 1066 fnisse
964 1010 1016 1066 tuo
1039 1003 1214 1084 pantanus
1257 1000 1293 1064 ld
1315 1021 1378 1082 quo
1400 1001 1503 1082 magis

196 1105 330 1189 placeat,
352 1105 443 1168 audi:

587 1206 654 1271 Deo
676 1207 795 1290 optimo
816 1206 955 1270 niaximo
976 1205 1112 1270 l'avente.

448 1325 527 1388 Esse
550 1324 648 1387 bonos
669 1323 756 1386 cives
778 1321 943 1405 patrieque
962 1321 1090 1403 suisque
1111 1331 1245 1402 creatos,

447 1428 518 1492 Non
541 1425 602 1490 sibi
624 1425 789 1488 dumtaxat
810 1423 927 1505 dogma
948 1423 1091 1488 Platonis
1111 1425 1166 1488 ait.

447 1531 619 1612 Propterea
639 1527 759 1611 patrios
780 1526 850 1589 laus
872 1532 919 1589 est
941 1545 1054 1590 ornare
1073 1532 1206 1607 penates

446 1632 699 1712 Hornestumque
723 1629 788 1692 scis
808 1627 976 1710 edificasse
998 1637 1129 1710 patrem.

276 1749 430 1832 Cyriacus
459 1747 632 1813 Horuestus
663 1765 696 1808 re
722 1744 934 1808 mercimoniis
961 1743 1054 1827 parta
1082 1754 1114 1809 et
1139 1766 1217 1828 agro
1246 1746 1367 1811 consito
1389 1746 1449 1809 sibi
1472 1751 1505 1834 et

133 1835 139 1850 ’
195 1851 268 1932 stris,
290 1859 323 1914 nt
347 1850 424 1915 benc
448 1850 639 1928 babitarent,
660 1847 824 1930 edificavit
843 1845 1011 1911 lllDXIlll.

274 1953 357 2017 Audi
380 1961 411 2018 et
432 1955 564 2016 alteram
587 1950 760 2016 formulam.

276 2055 348 2118 Nou
375 2054 575 2120 fraudabitur
601 2073 659 2116 sua
691 2051 722 2115 in
752 2054 886 2134 patriam
916 2040 1036 2136 pietate
1057 2053 1210 2138 Cyriacus
1233 2053 1420 2132 Homestus,
1448 2052 1502 2134 qui

196 2163 306 2222 auctus
334 2164 366 2220 et
393 2177 426 2221 re
453 2156 602 2222 l'amiliari
633 2164 666 2220 ct
694 2155 724 2220 X
751 2156 921 2221 liberorum
948 2175 1090 2236 nrunero,
1122 2155 1204 2220 banc
1229 2154 1355 2218 domum
1383 2163 1502 2218 sartam

196 2268 310 2324 tectam
341 2259 543 2324 exedificavit
568 2259 759 2324 streeessloui
787 2258 985 2341 prospiciens
1017 2268 1050 2323 nt
1079 2258 1178 2322 bonus
1200 2268 1291 2341 pater
1311 2257 1450 2322 lanrilias
1471 2263 1503 2320 et

195 2363 288 2426 sinml
310 2370 436 2426 ornator
458 2361 575 2444 publici
592 2360 725 2426 decoris.
768 2361 876 2442 Digna
899 2361 1017 2446 pietas,
1040 2382 1134 2442 quarn
1156 2361 1235 2426 civis
1257 2369 1289 2426 ct
1310 2360 1425 2443 hospes
1447 2357 1501 2421 ad-

195 2465 332 2546 miretur.
374 2463 544 2527 MDXllll.

278 2566 368 2646 Vale,
391 2565 519 2630 Urbane
542 2567 705 2632 carissime

277 2669 324 2733 De
346 2669 516 2733 Scbilonel
539 2677 623 2733 tunm
646 2670 810 2734 eonsilium
835 2679 977 2752 expecto.
1020 2669 1054 2733 si
1076 2669 1141 2748 vis,
1161 2677 1194 2731 ut
1217 2677 1355 2748 taceam,
1381 2669 1502 2747 tacebo,

196 2770 223 2834 si
246 2771 389 2852 irreseris,
417 2779 450 2835 ut
475 2771 688 2854 interpellem,
715 2772 933 2855 interpellabo.
977 2770 1124 2850 Videbis,
1147 2779 1296 2852 otrentum
1319 2769 1397 2834 mibi
1420 2771 1501 2835 vicc-

196 2873 341 2937 dmninus
362 2874 531 2938 nocuerit5.

266 2996 446 3044 llandsebril'tl.
461 2997 480 3041 1⁴¹
495 2997 541 3044 121
562 2997 809 3044 totunm-mm.
851 2999 920 3044 Gedr
942 2999 966 3046 b.
979 2998 1020 3044 Tz-
1036 3000 1060 3045 S.
1074 2999 1119 3046 191
1137 3024 1148 3028 -
1170 2998 1219 3045 192
1244 3014 1288 3044 ton
1311 2998 1363 3058 Ego
1385 2997 1502 3044 minimus

196 3065 231 3112 bia
251 3071 293 3112 tuo
311 3067 435 3125 petriano.

266 3175 277 3203 ²
297 3173 330 3218 Ta
348 3188 426 3222 suum.
498 3157 510 3194 ¹¹
531 3174 564 3218 Ta
582 3173 763 3233 obtemporare.

750 3299 948 3308 ——-—·—

195 3344 343 3417 411111.
366 3364 412 3411 an
435 3345 569 3415 Urban.
984 3347 1130 3432 (tlotba)
1144 3348 1240 3416 1514.
1275 3345 1433 3412 Oktober
1446 3346 1501 3415 10.

266 3471 327 3518 blut.
351 3472 394 3517 lrat
419 3471 474 3516 dom
496 3472 612 3524 llritnuou
632 3471 674 3517 tles
693 3471 835 3517 Gelulmser
855 3472 1030 3530 narbpegebcn
1051 3473 1101 3517 und
1120 3473 1161 3517 dic
1179 3471 1349 3530 gest-bonlrtcn
1371 3469 1437 3516 Kltsc
1459 3485 1503 3515 an·

195 3557 351 3600 genommen,
371 3541 441 3587 rrielrt
461 3541 521 3587 abor
540 3542 605 3587 olmo
624 3542 751 3601 poetisrlrc
770 3541 929 3600 Gogongabo.

278 3639 412 3703 llcnrico
438 3639 607 3716 Urbano,
628 3640 697 3702 viro
718 3639 810 3702 docto
832 3647 864 3703 et
884 3640 1086 3704 amicissimo.

277 3741 380 3804 salus.
428 3739 574 3822 Κυρίακος
603 3741 749 3805 Ηιιιιιιιιι6
782 3741 892 3804 iterum
921 3742 1026 3804 instat.
1077 3741 1146 3822 Ego
1171 3761 1211 3805 ea
1241 3759 1315 3802 usus
1340 3759 1408 3804 sum
1440 3761 1502 3803 mo-

196 3843 369 3924 deratione,
392 3851 426 3906 ut
447 3843 489 3906 ab
511 3861 587 3907 auro
609 3843 826 3923 abstinuerim,
848 3863 959 3908 caseos
981 3863 1056 3907 vero
1077 3853 1277 3907 contemnere
1297 3842 1502 3905 inhumanum

260 4013 269 4054 ¹
294 4018 381 4071 Vikar
403 4017 432 4071 in
455 4013 685 4074 Hohenkirchen.
726 4018 918 4090 vgl.13r.414
941 4019 966 4075 S.
982 4018 1028 4074 74.

257 4093 343 4152 3Die
365 4097 462 4153 Pfurrc
482 4095 597 4169 gehlirte
619 4101 681 4152 dem
704 4100 817 4154 Kloster
838 4099 1037 4170 Georgenthal

259 4174 272 4215 ²
294 4177 362 4231 Eine
384 4178 638 4250 Randbemerkung
662 4181 691 4232 in
716 4181 765 4234 der
786 4179 967 4234 ankl'urtcr
988 4179 1169 4234 llandschrift
1190 4181 1267 4233 stellt
1289 4179 1336 4232 ihu
1358 4181 1399 4234 als
1420 4181 1501 4233 einen

197 4257 292 4326 „Civis
312 4259 340 4312 in
360 4257 543 4312 Gelnlruscn“
570 4260 625 4312 bi'n.
669 4260 846 4313 lurndsmuun
868 4258 1039 4329 (l'atrianusl
1066 4278 1118 4313 von
1143 4260 1237 4314 llrban
1265 4261 1351 4314 ister
1372 4259 1504 4334 insulem,

197 4340 237 4392 als
258 4339 347 4392 dieser
367 4357 400 4392 zu
422 4339 499 4393 Urba
519 4340 565 4392 bui
586 4340 764 4394 Grnlnbauscu
785 4341 916 4411 goboren.

257 4413 269 4456 ¹¹
293 4418 399 4488 chen
423 4421 472 4473 der
490 4419 807 4490 chlmrrugsablegnnp.
851 4420 1042 4490 Vglltratu
1058 4420 1164 4478 ultr,

258 4493 271 4537 ⁵
292 4497 323 4552 In
345 4500 407 4552 dem
430 4518 482 4552 von
506 4499 583 4556 Selril
604 4501 751 4572 geliibrten
774 4501 913 4556 Prozossc.

258 4573 271 4618 ⁶
293 4579 357 4652 Vgl.
369 4578 412 4634 Br.
426 4579 493 4636 446.
