3625 5192
321 324 375 380 862
693 325 953 396 berchlebmqaellen
973 328 1022 383 der
1039 324 1113 383 Pron.
1133 327 1255 383 Saohseu.

320 475 435 553 etiam,
461 475 489 541 si
512 476 605 555 velis,
632 475 811 557 theologum
837 476 1047 558 eloquentem.
1088 478 1177 560 Opas
1197 496 1286 542 suam
1309 476 1404 543 Verbi
1425 478 1571 545 mirifici¹
1599 488 1634 545 et

321 584 449 642 caetera
485 578 591 660 prisea
635 578 835 643 Christianae
870 578 1059 645 eruditionis
1102 586 1304 645 monumenta
1341 579 1492 645 hebraica
1534 591 1633 665 atone

320 698 438 761 graeca
457 677 666 761 pulcherrimo
679 681 844 745 verborum
862 681 973 761 nitore,
994 682 1220 746 sententiarum
1237 680 1405 763 gravitate,
1421 702 1484 748 non
1501 685 1633 767 praecio

320 781 372 846 rel
394 781 503 863 aliquo
524 782 686 847 avariciae
705 783 820 859 stadio,
842 783 900 848 sed
911 784 1041 867 pietate,
1061 804 1126 865 qua
1136 783 1337 848 Christianae
1352 785 1500 866 religioni
1514 786 1633 863 studet,

319 890 424 948 motas
448 885 611 949 contexuit
638 892 735 965 atque
762 886 987 969 interpretatus
1012 892 1068 951 est.
1112 885 1240 951 Utinam
1267 884 1463 969 philosophi,
1490 887 1631 970 theologi

320 992 353 1048 et
372 1004 482 1050 omnes
502 986 569 1059 alii,
590 987 644 1068 qai
663 987 811 1051 liberalia
831 987 940 1052 studia
958 1006 993 1051 se
1015 986 1152 1070 profiteri
1172 985 1289 1060 dicunt,
1309 987 1473 1052 uocabulis
1491 989 1633 1056 sordidis

320 1087 425 1169 plebei
453 1088 607 1171 sermonis
633 1089 699 1153 lere
723 1096 756 1152 et
780 1088 964 1172 sophisticis
989 1088 1315 1170 argumentationibus
1344 1108 1423 1153 non.
1439 1092 1633 1157 necessariis

320 1189 446 1255 reiectis
466 1197 561 1271 atque
582 1192 737 1257 coulbssis
756 1193 924 1256 senticosis
939 1191 1140 1274 captionibus
1160 1196 1192 1255 et
1213 1190 1407 1272 confragosis
1420 1192 1631 1272 abstinerent,

321 1291 413 1356 bonis
439 1298 472 1356 et
495 1293 639 1374 synceris
663 1293 825 1381 psentibus
844 1302 977 1376 agerent
999 1302 1031 1356 et
1057 1292 1262 1374 castiganda,
1289 1292 1318 1356 si
1338 1312 1403 1373 qua
1422 1300 1545 1371 went,
1567 1296 1631 1378 pie,

318 1391 381 1457 lide
401 1392 512 1458 debita
532 1401 565 1458 et
584 1411 706 1461 summo
727 1396 795 1459 iare
815 1396 1024 1476 castigarent,
1043 1398 1187 1475 lugerent
1207 1402 1303 1475 atque
1324 1392 1510 1475 dispnerent
1531 1394 1628 1461 bona-

319 1515 388 1559 rum
413 1496 576 1560 literarum
602 1497 768 1561 insciolam
793 1498 989 1575 noctuinam‚
1020 1496 1098 1560 bene
1121 1504 1153 1559 et
1172 1495 1285 1559 melias
1307 1502 1491 1577 gererentur
1511 1497 1630 1563 omnia.

319 1596 384 1662 Sed
413 1604 486 1661 sunt
508 1596 652 1665 homines
677 1600 842 1682 plaeriqae
869 1600 902 1662 in
931 1597 1086 1663 humanas
1112 1604 1144 1662 ct
1164 1597 1327 1680 politiores
1348 1596 1454 1661 literas
1475 1598 1522 1661 ita
1545 1600 1630 1665 male

319 1700 467 1779 animati,
492 1709 527 1765 nt
558 1699 810 1785 philosophiam,
839 1701 968 1766 humani
994 1708 1091 1781 atone
1115 1699 1219 1763 divini
1244 1699 1322 1762 iuris
1350 1700 1543 1782 sapientiam
1575 1701 1627 1766 vel

318 1800 402 1865 alias
421 1802 518 1867 etiam
538 1802 691 1867 seleutias
711 1802 891 1872 neelatine
912 1802 978 1867 diei
999 1820 1058 1866 uec
1079 1801 1232 1884 explicari
1252 1820 1345 1883 posse
1360 1820 1421 1865 nou
1435 1802 1476 1866 ob
1497 1802 1629 1884 liuguae

317 1911 492 1982 egestatem
516 1892 604 1981 (lieet
625 1905 761 1971 barbara
789 1912 821 1969 et
841 1924 903 1969 non
926 1904 1027 1968 latina
1049 1904 1080 1967 in
1104 1902 1174 1967 dies
1196 1902 1317 1985 lingant
1342 1902 1527 1985 vocabula),
1556 1923 1629 1971 cam

316 2005 400 2071 alias
425 2006 550 2071 latialia
576 2007 619 2070 ad
645 2014 824 2092 promptum
850 2006 1020 2087 baberent,
1052 2005 1080 2069 si
1107 2004 1199 2069 modo
1226 2024 1265 2069 ea
1286 2004 1466 2088 perspicere
1492 2012 1524 2069 et
1554 2000 1629 2089 eog-

317 2126 448 2173 noscere
468 2108 600 2189 vellent,
627 2108 796 2174 ueletiam
819 2116 962 2191 possent,
987 2106 1043 2173 sed
1065 2106 1219 2170 humanas
1241 2105 1313 2170 dico
1330 2106 1438 2169 literas
1460 2114 1494 2169 ut
1516 2106 1628 2172 harum

318 2209 424 2291 ignari
450 2208 612 2275 doctrinas
638 2210 774 2275 maiores
801 2210 955 2293 impedire
984 2215 1108 2292 putant.
1154 2206 1209 2271 lsti
1233 2215 1306 2271 sunt
1331 2206 1439 2288 utique
1460 2209 1574 2275 luroris
1595 2216 1629 2275 et

316 2310 459 2375 invidiae
474 2310 578 2375 iacula
597 2310 854 2394 turbidoramqae
875 2312 1053 2391 affectuum,
1074 2316 1108 2375 nt
1128 2309 1250 2389 scribis,
1270 2309 1404 2372 l'ulmina
1425 2318 1458 2374 et
1478 2310 1629 2398 tonitrua,

316 2412 432 2494 quibus
467 2412 559 2478 bonis
595 2413 768 2495 aliqnando
803 2414 925 2479 aversis
957 2420 989 2479 et
1028 2410 1259 2495 perterrefactis
1295 2409 1354 2474 soli
1393 2430 1495 2475 reram
1531 2412 1627 2493 potiri

314 2513 464 2595 gliscunt.
508 2514 571 2578 Ubi
592 2514 918 2599 il'allieronymiaua,
938 2514 1149 2579 Ambrosiana
1169 2520 1264 2593 atque
1286 2510 1459 2575 Aureliana
1481 2513 1626 2579 eruditio.

317 2615 396 2693 Quis
425 2636 465 2681 ex
496 2617 567 2679 istis
599 2616 754 2681 Hilarium
787 2618 986 2684 Pietavorum
1018 2616 1217 2699 episcopum,
1256 2613 1411 2693 Leonma,
1445 2613 1626 2696 pontificem

315 2718 501 2798 maximum,
532 2718 725 2801 Cypriacam
756 2728 940 2802 martyrem,
972 2716 1171 2781 Lactantinm
1203 2714 1414 2793 Firmianum,
1446 2714 1626 2781 Florentem

316 2818 559 2899 Tertullianum,
581 2822 741 2885 Aurelium
765 2820 981 2901 Prudentium,
1001 2819 1186 2903 Prosperam
1207 2814 1448 2898 Aquitanicam,
1476 2816 1627 2881 loannem

316 2920 566 3002 Damascenum,
586 2923 727 2987 Caelium
750 2922 928 3003 Sedullam,
953 2921 1123 2985 lurcnonm
1146 2919 1337 3007 Hispanum,
1366 2921 1531 2982 Aratorem
1553 2919 1625 2984 sub

266 3066 270 3074 -
316 3020 498 3096 diaconem,
524 3024 696 3089 Severnm¹
724 3023 909 3107 Salpitium,
938 3022 1109 3105 Gregorios
1138 3027 1300 3101 utrosque:
1330 3017 1566 3084 Nazianzennm
1594 3028 1627 3084 et

315 3123 511 3209 Nyssenum,
535 3126 705 3205 Basiliam,
733 3124 955 3205 Athanasium,
981 3124 1150 3205 Origeaem
1171 3120 1434 3193 Adamantiaam,
1457 3120 1507 3185 vel
1528 3128 1563 3183 at
1583 3120 1627 3185 de

317 3228 431 3293 nostris
452 3226 557 3293 dicam
579 3226 811 3292 Mirandulanis
831 3226 1015 3302 comitibus,
1043 3224 1202 3289 lohannes
1222 3220 1317 3287 daos:
1337 3221 1446 3285 Picum
1472 3230 1504 3285 et
1524 3220 1626 3287 Fran-

315 3328 433 3394 ciscam
453 3329 522 3393 eius
542 3349 581 3394 ex
602 3331 700 3393 tratre
720 3336 883 3412 nepotem,
904 3326 1080 3391 Marcilium
1103 3324 1261 3404 ricinum,
1283 3322 1335 3387 vel
1359 3322 1455 3386 alium
1477 3325 1625 3405 quemvis

314 3429 472 3513 politioris
484 3431 668 3496 literaturae
682 3431 861 3513 theologum
874 3428 1073 3495 imitabitur?
1114 3426 1221 3506 Pauci,
1242 3426 1393 3508 suspicor.
1435 3424 1546 3489 Prisca
1567 3425 1625 3491 illa

314 3531 498 3597 Christiana
525 3532 662 3597 eruditio
690 3533 780 3615 quasi
811 3551 935 3613 semper
959 3530 1168 3613 eloquentiam
1199 3529 1302 3612 ipsam
1324 3546 1394 3591 curn
1423 3525 1536 3591 divina
1567 3527 1625 3592 illa

314 3634 475 3720 sapientia
494 3636 694 3699 coniunctam
720 3633 838 3699 habere
866 3633 973 3699 voluit.
1020 3631 1083 3697 Sed
1104 3630 1227 3713 longior
1247 3627 1334 3713 apud
1355 3638 1386 3693 te
1407 3648 1493 3709 sarm,
1520 3630 1622 3695 viram

314 3736 484 3816 eruditum,
511 3756 573 3801 uon
596 3735 694 3799 solum
714 3734 754 3801 de
777 3734 867 3800 bouis
888 3734 1002 3813 literis,
1023 3732 1080 3797 scd
1100 3740 1132 3796 et
1152 3732 1229 3796 iuris
1249 3730 1379 3795 humani
1400 3738 1497 3811 atque
1517 3729 1622 3796 divini

313 3838 449 3903 scientia
480 3838 560 3902 bene
592 3837 738 3902 meritum
770 3842 804 3901 et
832 3836 919 3900 vitae
952 3834 1141 3900 dexteritate
1170 3830 1391 3896 accumulatim
1423 3838 1621 3897 exornatum.
1695 3884 1700 3892 .

314 3940 470 4025 Capnionl
499 3938 540 4003 de
565 3944 621 4003 tua
647 3937 679 4001 in
708 3957 778 4002 eam
811 3936 1008 4001 humanitate
1039 3934 1207 3999 rescribam
1233 3938 1265 3997 et
1290 3932 1362 3997 cito.
1410 3932 1510 4015 Spero
1538 3932 1622 3999 hunc

314 4043 373 4107 tibi
403 4051 435 4107 et
462 4041 574 4105 merito
600 4038 783 4121 gratificari.
825 4036 1039 4103 lllastrissimc
1066 4044 1171 4101 nostro
1198 4032 1335 4118 principi
1361 4034 1435 4098 daci
1456 4032 1622 4101 Fridcrieo

384 4182 451 4235 ⁸111.
470 4185 518 4233 uir.
537 4187 582 4247 Ep.
600 4186 722 4234 Servium.

377 4466 388 4507 ¹
410 4470 497 4540 Hain,
522 4470 633 4541 Repert.
657 4470 707 4525 No.
728 4470 839 4525 1338οε
870 4469 1007 4524 Retrchlin
1034 4464 1138 4539 Capnio
1172 4466 1269 4529 dietus.
1319 4465 1362 4521 De
1387 4463 1472 4519 verbo
1499 4464 1618 4527 mirifico

314 4570 332 4608 s.
355 4550 371 4610 l,
393 4558 421 4603 et
442 4568 465 4605 a
507 4542 726 4634 (satelltes).
1076 4540 1079 4549 Δ
