3625 5192
304 332 339 387 51
677 330 939 401 Goschicbtsquellen
958 332 1007 387 der
1026 330 1100 387 Prov.
1119 331 1243 387 Saehsen.
1295 360 1307 377 ι

304 483 478 567 spicerent,
504 481 653 547 carnibus
680 488 712 545 et
739 482 813 547 vino
840 500 875 547 se
894 482 1093 547 continenter
1121 488 1153 545 et
1177 480 1380 565 perhenniter
1406 480 1613 561 abstinerent,

306 585 439 650 Veneris
459 584 641 649 sacerdotes
661 604 723 647 uon
746 589 964 662 attrectarent,
987 583 1043 648 sed
1065 584 1144 648 casti
1166 583 1275 648 divino
1297 583 1392 648 cultui
1415 583 1612 649 deservirent

305 688 451 772 exemplo
477 687 701 770 prophetarum
720 694 751 751 et
773 685 981 769 Egyptiorum
1003 684 1212 767 sacerdotum,
1233 686 1295 750 imo
1317 686 1489 768 Magorum,
1511 684 1611 768 Druy-

304 789 407 864 dom?
434 788 623 853 Esseiorum.
674 790 825 853 Servatur
849 787 943 852 hodie
963 786 1049 872 apud
1078 807 1134 853 vos
1155 787 1399 871 Pythagoricum
1424 787 1612 867 institutum,

304 912 366 956 non
387 890 548 955 adhibetis
568 890 747 956 esculentas
767 888 868 972 dapes
884 889 1125 955 sorbiciunculis
1146 900 1178 955 et
1199 890 1353 955 culinaria
1374 890 1441 954 iure
1462 890 1612 957 contenti.

305 993 495 1075 Quanquam
521 999 626 1057 antem
648 991 786 1056 Paulus¹
809 992 972 1074 apostolus
1008 990 1097 1056 dicat
1131 992 1238 1057 omnia
1272 990 1392 1057 munda
1429 990 1555 1057 uruodis
1581 998 1613 1057 et

305 1094 384 1159 nibil
411 1092 630 1176 reiiciendum,
658 1092 834 1177 quodcum
862 1094 1041 1173 graciarum
1069 1095 1194 1160 actione
1217 1094 1390 1179 percipitur
1410 1102 1441 1159 ct
1462 1100 1611 1161 venturos

306 1198 339 1262 in
369 1197 550 1261 novissimis
575 1194 703 1275 diebus,
726 1196 780 1277 qui
810 1196 999 1279 prohibeant
1023 1197 1141 1263 nubere
1167 1204 1198 1261 et
1224 1198 1310 1261 vesei
1336 1198 1500 1277 comibus,
1533 1214 1613 1279 ortas

306 1300 393 1363 Deras
419 1299 540 1363 crearit
566 1299 607 1362 ad
637 1297 797 1363 utendum.
844 1298 931 1375 Quos
956 1304 1108 1380 munuum
1129 1298 1418 1382 pseudoreligiosos
1446 1298 1613 1381 improbat.

307 1402 371 1465 Vos
393 1410 498 1465 tamen
520 1400 567 1465 ita
590 1418 685 1465 carne
713 1399 882 1464 abstinetis
909 1404 943 1465 nt
966 1398 1080 1466 ludens
1105 1420 1215 1484 porco,
1244 1406 1278 1464 ut
1303 1400 1379 1466 faba
1405 1400 1614 1484 Pythagoras,

307 1508 341 1565 nt
364 1502 508 1586 Egyptns
534 1521 593 1566 ove
623 1500 701 1567 satis
728 1501 882 1568 facientes
905 1502 1118 1586 Pythagorica
1144 1502 1267 1586 regule,
1299 1522 1393 1586 qnam
1421 1501 1614 1568 Benedictus

306 1604 523 1687 amplificavit,
542 1604 724 1668 Bernardns
744 1604 904 1669 meliorem
917 1602 1065 1668 reddidit.
1107 1605 1186 1683 Quis
1207 1612 1312 1671 antem
1335 1605 1455 1671 nesciat
1475 1613 1613 1671 vestram

306 1715 425 1772 sectam
446 1724 517 1770 esse
536 1706 626 1787 qnasi
648 1705 816 1789 patriciam
841 1706 923 1771 inter
943 1712 1105 1772 monastas
1125 1707 1322 1793 prosapiam,
1348 1716 1527 1791 exemptam
1546 1706 1614 1772 iure

308 1807 560 1891 metropolitani,
590 1807 690 1873 solius
714 1807 881 1892 apostolici
910 1807 996 1873 dicto
1020 1808 1225 1874 audientem?
1271 1809 1340 1888 Quo
1373 1828 1423 1875 res
1451 1829 1544 1891 quarn
1573 1808 1615 1872 sit

306 1911 378 1976 usui
399 1910 500 1988 vobis,
521 1928 604 1975 nunc
625 1909 774 1993 cogitate.
814 1909 1495 1995 Archieplscoposcnim'urbisllogontiace
1515 1910 1615 1994 stipes

308 2011 540 2077 subsidiarias2
561 2011 709 2096 postulat.
750 2011 927 2094 Thuringie
948 2011 1049 2079 clerus
1073 2012 1150 2077 dare
1176 2019 1316 2093 recusat,
1344 2012 1399 2077 sed
1427 2012 1614 2077 auctoritate

308 2134 367 2179 sna
386 2120 478 2198 coget
503 2134 561 2178 nos
588 2122 620 2178 et
644 2132 703 2198 per
729 2133 894 2178 censuram
920 2113 1168 2180 ecclesiasticam
1193 2116 1293 2181 sacris
1319 2114 1411 2181 nobis
1437 2112 1616 2193 interdicat,

308 2216 450 2302 privabit
460 2217 688 2296 communione,
699 2215 1043 2297 notabitanathemate,
1055 2217 1116 2282 nisi
1127 2218 1168 2281 ad
1180 2218 1392 2282 sanitatem'et
1401 2216 1615 2282 obedientiam

308 2318 504 2383 redierimus.
546 2318 610 2382 Vos
631 2317 713 2382 hanc
734 2316 1003 2402 perturbationem
1024 2318 1126 2383 sectari
1142 2318 1261 2383 ridetis.
1304 2320 1422 2394 Sumat,
1443 2325 1616 2398 consumat,

309 2420 423 2502 perdat
447 2420 641 2500 ordinarios,
666 2418 827 2484 decretum
853 2425 901 2483 est
927 2418 1019 2483 vobis
1047 2418 1126 2484 nihil
1153 2427 1307 2504 prostare,
1341 2440 1435 2502 quma
1465 2420 1534 2486 sitis
1560 2421 1615 2483 inr-

308 2542 419 2586 mnnes
440 2529 472 2585 et
492 2542 512 2585 a
534 2520 693 2586 collaticia
704 2522 787 2605 stipe
803 2520 956 2586 beneficio
970 2521 1123 2586 Bernardi
1136 2523 1270 2587 liberati.
1315 2521 1406 2589 Unde
1427 2522 1489 2587 dici
1514 2530 1616 2606 potest

309 2630 349 2688 de
370 2630 476 2688 vestra
496 2622 632 2687 l'amilia:
663 2623 722 2687 Pro
743 2622 887 2706 patribus
915 2622 978 2687 tuis
1000 2624 1067 2687 nati
1092 2632 1164 2689 sunt
1185 2624 1244 2689 tibi
1265 2623 1337 2705 filii,
1366 2626 1536 2691 constitues
1561 2644 1615 2689 cos

309 2745 405 2809 super
424 2744 547 2791 onmem
569 2730 693 2788 terram.
735 2724 838 2789 Filius
859 2724 943 2788 enirn
967 2724 1130 2791 Benedicti
1154 2725 1334 2791 Bernardns
1354 2726 1532 2792 vindicavit
1560 2746 1615 2793 vos

310 2830 340 2893 in
364 2826 549 2892 libertatem.
592 2826 655 2892 Sed
678 2846 717 2890 nc
732 2834 796 2891 tam
808 2827 917 2890 eximii
930 2826 1098 2909 archigalli
1110 2828 1318 2910 superbirent,
1341 2830 1505 2911 proposuit
1525 2830 1616 2896 vobis

309 2929 485 3010 exemplum
505 2929 668 3008 modestia,
687 2927 948 3007 mausuetudinis,
966 2928 1165 2996 dexteritatis
1176 2930 1268 2995 dulce
1281 2950 1393 2995 nomen
1405 2932 1476 2996 lcsn
1490 2930 1616 2996 Christi.

310 3032 469 3114 Scriptum
492 3030 650 3095 esteninr:
674 3030 770 3111 „Noli
793 3050 863 3095 esse
884 3030 1015 3095 nimium
1033 3031 1191 3114 sapiens.3
1232 3030 1301 3115 Ego
1323 3052 1390 3097 suni
1404 3055 1423 3092 a
1445 3032 1530 3114 cto,
1553 3034 1615 3115 pri-

308 3153 377 3198 mus
399 3141 431 3198 et
450 3133 672 3198 novissimus!
713 3132 774 3210 Qui
796 3132 938 3214 seqnitur
959 3152 1017 3211 me,
1039 3153 1101 3196 non
1124 3133 1266 3198 ambulat
1287 3134 1320 3198 in
1337 3135 1503 3200 tenebris.“
1547 3135 1615 3213 Quo
1719 3140 1721 3147 '

308 3236 512 3301 fondamento
532 3235 681 3317 religiose
702 3236 800 3315 iacto,
828 3254 868 3299 ue
890 3235 1020 3318 pietatis
1043 3236 1150 3301 navim
1179 3234 1378 3301 affectionum
1401 3236 1536 3321 procelle
1562 3238 1616 3302 ob-

308 3347 410 3418 ruant,
433 3336 610 3402 audiendus
627 3344 675 3401 est
688 3336 780 3400 vobis
790 3337 983 3417 gubernator
994 3338 1129 3402 ecclesie
1141 3338 1293 3419 Christus,
1315 3340 1384 3403 sine
1405 3358 1466 3421 quo
1487 3340 1616 3404 circum-

308 3442 410 3505 t'nsnm
440 3458 576 3503 errorum
607 3437 747 3520 ealigine
779 3437 933 3503 Bernardi
966 3440 1181 3505 famuliciumb
1207 3439 1350 3523 carnale,
1384 3461 1445 3505 non
1473 3440 1617 3526 spiritale

309 3541 438 3606 dicetur.
483 3540 581 3620 Nam,
607 3548 643 3605 ut
664 3541 766 3623 iuquit
793 3540 973 3623 apostolus,
999 3560 1068 3605 cnm
1090 3543 1154 3605 sint
1178 3542 1258 3606 inter
1279 3561 1335 3606 vos
1360 3542 1567 3609 emulationes
1586 3551 1618 3607 et

308 3643 534 3717 contentiones,
557 3660 662 3706 nonne
681 3641 827 3707 carnales
849 3643 968 3709 esest?
1009 3643 1114 3721 Quare
1125 3661 1219 3726 qurrm
1231 3650 1355 3726 tempus
1369 3645 1411 3708 sit
1430 3645 1618 3727 penitencie,

308 3744 425 3809 dicatis
446 3743 541 3808 illud:
569 3744 698 3823 Venite,
719 3743 886 3809 adoremus
905 3754 938 3811 ct
960 3744 1161 3828 procidamus
1182 3751 1213 3808 et
1234 3744 1392 3828 ploremus
1413 3752 1488 3810 aute
1510 3746 1617 3810 Domi-

307 3867 381 3911 num
405 3845 505 3909 Deum
527 3852 684 3927 nostrum,
704 3846 758 3927 qui
780 3846 854 3911 lecit
876 3866 933 3912 nos
955 3855 986 3910 et
1007 3846 1167 3911 discamus
1187 3866 1243 3911 nos
1264 3866 1334 3911 esse
1355 3847 1540 3920 monachos.
1562 3850 1615 3930 qui

206 3958 210 3967 '
308 3947 491 4031 plangentis
512 3947 630 4011 habent
650 3946 796 4012 officium.
838 3948 908 4011 Non
932 3949 1029 4012 sinros
1050 3949 1208 4029 lurcones,
1230 3968 1292 4012 non
1315 3947 1529 4033 dilapidemus
1552 3970 1616 4015 rem

305 4068 518 4128 communem,
545 4048 697 4114 adeamus
717 4068 863 4115 censores
883 4050 1090 4115 auricularios
1114 4058 1145 4115 et
1167 4051 1310 4115 ultronea
1335 4052 1532 4117 confessione
1554 4052 1616 4117 cnl-

308 4170 383 4235 pam
408 4149 582 4231 diluamus,
617 4152 747 4215 ecianrsi
775 4150 854 4216 nihil
886 4150 958 4215 fede
990 4158 1045 4216 aut
1071 4152 1207 4235 superbe
1234 4150 1471 4235 admiserimus,
1502 4156 1617 4219 mentis

378 4274 442 4319 ‘Te
462 4274 584 4319 druidum.
657 4258 669 4293 ¹¹
689 4273 880 4319 samniticum.

373 4477 384 4519 ¹
408 4482 434 4533 1.
456 4481 537 4535 Titus
562 4482 587 4548 1,
611 4481 654 4536 15.
680 4482 706 4537 1.
725 4480 888 4537 'l'imothens
906 4482 938 4551 4,
957 4481 1057 4536 3—4.
1150 4479 1164 4521 ²
1185 4484 1248 4555 Vgl.
1270 4484 1315 4539 Br.
1330 4484 1365 4537 41
1386 4484 1414 4539 S.
1435 4484 1471 4539 5'2
1492 4484 1575 4543 Anrn.
1591 4488 1616 4540 2.

308 4556 323 4600 3
345 4561 478 4635 Prediger
498 4562 608 4617 aeterno
621 4562 646 4619 7,
661 4562 704 4616 lli.
752 4557 766 4600 ⁴
788 4561 980 4637 Offenbarnng
1000 4563 1138 4620 Johannis
1150 4564 1195 4637 22,
1218 4564 1262 4625 13.
1310 4560 1324 4605 5
1348 4566 1372 4623 1.
1386 4566 1615 4641 tior-inruerat.
