3625 5192
316 337 369 390 420
671 336 931 404 Geschichtsqucllcn
950 337 998 389 der
1016 335 1126 390 Prorinz
1143 335 1266 391 Sncbscn.

312 488 573 568 gymnasmata·¹
595 494 627 549 et
655 483 800 549 flosculos
819 485 892 548 illos
913 485 953 546 ud
984 485 1200 550 instruendam
1223 486 1372 552 dictionis
1394 488 1620 570 supellectilem

313 591 521 671 pertinentes,
554 606 744 670 quamquam
765 587 847 651 alias
868 587 1117 667 observaverim,
1144 608 1227 652 nuuc
1248 597 1352 654 tamen
1375 589 1467 671 quasi
1488 610 1572 654 nova
1591 599 1623 653 et

314 691 423 756 illecta
448 692 608 773 suspicere
636 697 730 772 atque
758 689 909 753 admirari
932 709 997 752 uon
1025 688 1178 753 desinam.
1220 690 1285 754 Alit
1311 689 1394 756 enim
1415 691 1507 755 vitali
1530 711 1621 755 succo

311 800 344 858 et
364 795 475 877 paucis
500 792 786 874 exaggeraciones,
808 791 870 854 imo
891 791 1029 856 divicias
1050 793 1234 873 eloquencie
1254 793 1420 876 proponit,
1442 793 1556 876 quibus
1576 794 1620 858 in-

310 897 414 960 fantes
435 895 618 960 scholastici
639 894 779 978 inopiam
802 892 956 957 sermonis
977 902 1033 958 aut
1049 893 1183 957 dilatare
1198 901 1255 958 aut
1270 895 1465 978 locupletare
1482 903 1621 980 possunt.

311 998 360 1062 De
381 997 546 1081 Capnione
572 1003 678 1060 nostro
699 994 839 1059 secunda
865 997 951 1059 lama
972 997 1214 1060 oirounrferturt.
1257 997 1407 1062 Contudit
1431 998 1620 1082 phanaticos

311 1100 511 1183 hyperbolae,
532 1099 595 1180 qui,
617 1105 653 1163 nt
675 1105 748 1162 sunt
768 1118 919 1181 perversa
941 1099 1144 1187 barbarorum
1169 1098 1308 1181 ingenia,
1331 1106 1499 1182 protegunt
1519 1119 1620 1183 aquas

311 1202 422 1286 paleis.
464 1201 528 1264 Sed
550 1202 640 1264 novit
660 1208 692 1265 et
716 1201 901 1282 suspectasb
930 1199 1026 1264 habet
1057 1200 1192 1265 insidias
1221 1208 1342 1265 cautus·
1393 1201 1465 1266 Non
1497 1202 1622 1285 capitur

310 1304 396 1368 larus
416 1322 500 1368 esca.
536 1302 770 1367 Pretendebant
791 1301 934 1385 triplices
948 1302 1079 1383 laqueos
1090 1301 1348 1368 Arnobardistel.
1391 1304 1488 1384 Atqui
1508 1302 1624 1368 frustra

309 1405 446 1488 sumpti⁰
479 1411 553 1469 sunt
579 1404 704 1469 labores
725 1411 834 1468 contra
855 1404 1080 1486 peritissimum
1109 1423 1234 1486 senem,
1266 1407 1317 1469 cni
1348 1405 1488 1470 decanus
1518 1406 1622 1470 sancti

309 1507 437 1571 Martini
465 1506 570 1588 affuit,
597 1507 647 1570 vir
673 1506 786 1570 clarus.
837 1506 921 1570 blant
949 1526 1033 1572 nune
1060 1505 1262 1571 bovinatores
1289 1506 1432 1590 sophista
1464 1525 1535 1572 oum
1563 1526 1622 1572 sua

310 1611 536 1673 taratantaral.
590 1607 674 1686 Quid
707 1608 834 1691 queris?
882 1608 971 1673 blera
998 1617 1054 1686 {est
1089 1607 1215 1673 insania
1249 1608 1417 1674 hebraicas
1451 1615 1482 1673 et
1511 1629 1622 1691 grecas

308 1712 417 1776 literas
438 1710 521 1774 velle
542 1711 636 1793 nugis
656 1709 835 1773 dialecticis
854 1709 1033 1792 explodere.
1074 1711 1212 1773 Primum
1230 1718 1277 1774 est
1294 1710 1481 1792 intelligere,
1503 1710 1620 1776 deinde

308 1813 397 1877 laudi
418 1815 493 1877 antd
515 1813 608 1896 culpe
628 1811 715 1876 locus
735 1811 958 1893 assignandus.
1001 1812 1061 1888 Qui
1083 1821 1187 1876 antem
1210 1814 1370 1877 literarum
1386 1821 1527 1878 veterum
1548 1823 1621 1877 suut

308 1914 412 1993 rudes,
433 1915 461 1978 si
482 1915 529 1979 illi
552 1913 705 1995 iudicant,
727 1915 867 1998 profecto
887 1933 949 1977 non
970 1922 1101 1997 possunt
1122 1934 1183 1978 non
1205 1934 1274 1980 esse
1295 1915 1395 1997 iniqui
1418 1922 1449 1978 et
1470 1914 1619 1980 audaces.

307 2015 393 2094 Quid
420 2017 526 2081 attulit
548 2017 751 2099 Campegus'?
792 2015 955 2096 Hilarius⁵
982 2017 1096 2100 placet.
1139 2017 1280 2099 Simplex
1311 2023 1342 2080 et
1370 2016 1552 2081 ineffectata
1573 2023 1621 2082 eet

306 2120 420 2183 oracio.
476 2117 638 2183 Salutahis
672 2118 877 2202 coepulonem
909 2118 1096 2199 Schalbmn,
1134 2119 1224 2184 cuius
1252 2119 1399 2200 equidem
1433 2117 1618 2183 beneficium

308 2219 423 2285 officiis
444 2219 677 2285 remunerabor.
720 2219 809 2283 Vale.

389 2323 450 2386 Die
471 2323 629 2386 larvarum
651 2320 831 2386 Christiane
854 2329 940 2387 secte
960 2340 1043 2387 anno
1065 2323 1218 2418 1111111111.

344 2513 359 2558 d
378 2445 560 2492 Handschriitl.
575 2445 596 2490 F
613 2445 663 2491 130
682 2445 723 2490 fol.
746 2444 938 2494 univ-1021.
983 2446 1059 2493 Gedr.
1078 2447 1101 2492 b.
1115 2447 1149 2492 Tz
1166 2448 1189 2494 S.
1207 2446 1255 2494 102
1271 2461 1317 2492 con
1336 2447 1374 2493 Do
1394 2447 1522 2507 Capnione
1542 2447 1579 2494 hia
1597 2455 1622 2494 ot

310 2528 342 2560 au
361 2529 425 2560 aces.

379 2611 669 2680 ‘progymnasnamnta
740 2605 796 2664 ''F'
809 2626 944 2681 suspectos.
1014 2613 1127 2668 ⁰sunrti.
1198 2604 1264 2667 “Tc
1282 2627 1314 2670 et.

312 2875 393 2942 327.
415 2874 461 2941 11.
481 2892 527 2941 an
546 2873 668 2941 Urban
688 2874 764 2940 und
786 2873 949 2945 Sohalbe.
1075 2873 1208 2957 (Gotho
1219 2877 1317 2948 1513.
1349 2876 1448 2944 linde
1463 2876 1622 2946 tlhtcber

461 2972 550 3040 eder
569 2971 709 3056 Antang
728 2971 957 3055 November.)

382 3097 446 3143 blut.
457 3096 541 3157 bittet,
552 3097 879 3158 einenjungenGclehrtcn‚
889 3098 935 3143 der
943 3097 986 3143 ilrn
997 3097 1097 3144 neulich
1107 3097 1211 3145 besuclrt
1220 3100 1271 3159 bnt,
1282 3100 1422 3148 lreundlieb
1432 3101 1623 3149 sufzunehmen.

390 3195 533 3259 Beatilici
554 3195 673 3259 Bacchi
693 3195 797 3260 beatis
816 3194 1003 3260 sacrificulis
1026 3195 1132 3260 Urba
1146 3218 1190 3262 no
1211 3203 1242 3260 et
1258 3197 1444 3262 Schalbo.

389 3298 421 3361 S.
463 3296 538 3377 Egit
559 3315 681 3360 mecum
700 3297 889 3361 Haiureious
912 3297 1045 3362 Stolon⁶
1066 3317 1105 3361 ex
1128 3298 1244 3364 Bacchi
1267 3299 1439 3384 nepotibus
1462 3307 1566 3365 nester
1586 3301 1618 3364 in

309 3399 394 3464 omni
430 3417 545 3480 genere
577 3400 738 3463 literarum
771 3418 999 3463 consecraneus
1032 3406 1078 3480 et,
1113 3401 1139 3464 si
1174 3401 1276 3466 obiter
1307 3402 1450 3467 iudicare
1478 3401 1552 3467 licet
1578 3402 1619 3466 de

310 3502 448 3566 moribus
475 3509 507 3565 et
533 3501 693 3581 doctrina,
718 3507 783 3564 tum
802 3501 920 3585 probus
940 3508 1005 3566 tum
1026 3502 1184 3584 eruditus,
1206 3505 1288 3586 egit,
1310 3505 1455 3586 inquam,
1479 3505 1519 3568 de
1539 3506 1619 3568 anti·

309 3604 430 3685 quitatc
457 3604 574 3686 patrie,
601 3623 695 3685 quam
722 3602 764 3667 ad
785 3603 902 3668 Bacchi
930 3605 1059 3668 numina
1085 3605 1192 3670 multis
1212 3613 1245 3670 et
1264 3606 1355 3670 iustis
1378 3606 1554 3671 rationibus
1574 3625 1620 3671 re-

308 3705 437 3770 ferimus
465 3706 628 3789 presertim
655 3704 718 3770 dde
739 3703 939 3770 historiarum
961 3708 1072 3771 muniti
1095 3714 1127 3771 et
1148 3706 1339 3772 authoritate
1356 3708 1460 3773 Celtis
1480 3709 1620 3789 subnixi,

372 3920 383 3963 1
406 3923 482 3976 1512
508 3943 569 3978 num
591 3925 705 3979 zweiten
726 3924 800 3979 Male
822 3925 968 3996 gemacht,
988 3927 1124 3982 nachdem
1147 3926 1191 3981 dic
1213 3933 1285 3982 erstc
1298 3926 1429 3999 Ausgsbe
1451 3945 1482 3982 so
1503 3944 1618 4000 grossen

311 4002 443 4075 Anklang
464 4003 605 4076 gesunden
626 4007 721 4062 hatte.'
869 4013 882 4024 ⁶
1594 4013 1596 4020 '

371 4079 465 4138 ²Der
490 4084 604 4139 Proreus
630 4085 660 4138 in
688 4084 780 4138 Mainz
806 4086 899 4140 warde
925 4085 976 4140 auf
1001 4084 1103 4140 Befehl
1132 4087 1180 4140 des
1201 4087 1377 4143 Erebischofs
1405 4088 1619 4150 unterbrocbeu‚

310 4165 403 4219 indem
428 4166 474 4219 die
501 4165 763 4236 Urteilmprechung
789 4165 840 4219 anf
865 4163 904 4219 30
931 4165 1008 4237 Tage
1036 4166 1205 4221 verschoben
1233 4169 1332 4222 surde.
1378 4168 1515 4224 Reuehlin
1541 4169 1618 4221 batte

311 4245 398 4299 achon
419 4246 519 4300 rorher
538 4262 574 4299 an
595 4247 649 4299 den
669 4245 757 4316 Pnpst
777 4246 930 4315 appelliert.

373 4319 387 4364 3
408 4323 491 4379 Siche
512 4325 558 4379 die
577 4325 737 4396 Erkliirung
755 4325 845 4380 dieser
864 4326 1039 4397 Benenuung
1060 4327 1089 4379 in
1111 4325 1156 4380 Br.
1181 4326 1249 4384 325.

370 4399 385 4443 4
406 4405 582 4476 Auspielung
592 4405 644 4460 auf
653 4405 752 4460 Worte
763 4405 916 4461 Reuehlins
926 4407 954 4460 in
968 4407 1017 4460 der
1027 4405 1164 4461 Defensio
1176 4407 1224 4464 fol.
1237 4407 1291 4465 Gr.
1318 4407 1416 4480 (Ausg.
1431 4427 1484 4464 nou
1499 4403 1596 4478 rell.)

370 4479 384 4522 ⁵
405 4484 470 4555 Vgl.
481 4484 526 4538 Br.
539 4483 607 4551 306,
618 4485 685 4555 322,
696 4484 763 4554 323,
776 4485 844 4542 324.

373 4560 556 4619 ssfieinrieus
576 4565 647 4619 Stoll
668 4567 701 4620 de
723 4565 861 4636 Dippach‚
881 4566 911 4618 in
932 4565 1027 4619 Erfmt
1045 4567 1270 4623 immetrikuliert
1291 4567 1322 4624 Ο.
1341 4568 1425 4624 1507.
