3625 5192
643 359 732 426 Briete
749 356 869 425 divitiam
889 354 949 424 279.
969 368 1028 435 280.
1406 304 1410 313 Ι
1434 359 1485 424 367

181 515 266 583 280.
288 514 332 587 ll.
354 534 400 584 an
420 516 554 588 Urban.
847 513 982 600 (tiatira
994 517 1091 585 lora.
1123 517 1191 583 Um
1204 515 1264 583 dle
1277 514 1377 583 llltte
1389 515 1423 583 d.
1436 516 1486 599 J.)

251 650 312 698 rtur.
340 652 400 698 lltsst
419 652 472 699 sieb
495 652 557 699 iiber
580 652 621 698 die
639 652 834 713 Arrfeindungen
858 652 903 698 der
926 652 1138 699 humanistisclren
1157 652 1259 699 Studien
1282 652 1374 699 scitons
1392 650 1487 709 einiger

180 720 294 769 Erfurter
311 736 363 769 eus.
399 713 500 769 'I'iloniri
520 726 600 769 mdmc
620 724 749 782 gescbdtzt
769 722 882 781 werden,
900 722 1014 781 Petreius
1031 723 1132 769 sebeine
1151 722 1207 768 dem
1226 722 1297 769 uodo
1315 722 1487 781 anuubtngen,

180 791 251 837 nicht
268 792 361 838 einmal
381 792 497 839 Bubezan
516 794 617 839 schlitze
635 793 687 839 ibn.
721 792 816 839 Werde
833 792 933 841 Tilurrin
956 792 1069 838 wirlrlieh
1088 806 1251 851 gozwungen,
1275 792 1359 839 Erfurt
1379 807 1409 839 zu
1433 806 1487 857 ver·

181 862 275 921 lmen,
299 876 326 908 so
342 862 380 908 sei
403 878 432 907 zu
456 863 583 921 llirchton,
607 862 664 909 dass
686 862 754 908 dlese
772 861 920 921 Niederiage
943 863 1007 907 euch
1031 862 1058 908 in
1081 862 1166 909 (iotha
1188 860 1241 907 sich
1269 862 1368 909 iillrlbar
1392 862 1486 907 mecho.

179 931 257 977 Jeder
278 946 329 978 von
352 932 443 978 beiden
463 932 584 978 Dichtern
612 932 677 979 habe
699 933 771 979 aeine
790 933 921 979 scbwacbe
943 932 1022 979 Seiter
1046 932 1090 978 dea
1113 933 1187 979 Beate
1209 934 1287 991 wdre,
1316 946 1388 978 wenn
1414 932 1486 977 beido

179 1007 245 1059 gato·
257 1001 465 1048 Ksmcredechatl
483 1003 586 1049 hielten.

260 1122 399 1186 Henrico
425 1121 585 1187 Urbano
605 1122 766 1201 Matienus
787 1122 894 1187 Rutus
1034 1182 1037 1187 ,

262 1224 294 1287 S.
343 1223 449 1302 Quare
480 1224 673 1289 fremuemnt
705 1234 816 1305 gentes
849 1231 882 1287 et
912 1224 1020 1307 populi
1049 1223 1194 1289 meditati
1225 1232 1298 1287 sunt
1331 1223 1485 1289 inania?l

182 1324 267 1402 Quid
293 1327 410 1389 malum
438 1326 501 1389 ista
527 1326 589 1391 sibi
614 1327 682 1389 vult
702 1326 892 1391 trustracio?
932 1326 1029 1390 Nulla
1057 1326 1183 1391 racione
1210 1325 1326 1390 iactum
1354 1324 1487 1407 videtur,

180 1434 215 1489 nt
234 1435 397 1509 poetarum
418 1428 506 1491 acies
526 1434 642 1492 temere
664 1430 879 1492 concurrant2.
921 1428 1004 1508 Nam
1026 1436 1138 1493 neutra
1161 1446 1252 1511 pars,
1274 1428 1332 1492 etsi
1355 1436 1487 1509 utraque

180 1528 284 1609 gloria
305 1534 338 1591 et
357 1528 456 1592 animi
479 1529 623 1594 elacione
643 1530 869 1594 ostentacionis
889 1548 987 1593 causa
1006 1529 1149 1605 dimicet,
1176 1529 1368 1611 triumphum
1388 1537 1421 1593 et
1441 1530 1486 1593 in-

180 1630 287 1711 signia
308 1630 434 1694 laurea²
454 1638 668 1712 consequetur.
711 1630 776 1695 Sed
796 1632 931 1697 victoria
951 1630 1049 1695 stabit
1073 1649 1170 1714 penes
1187 1649 1252 1711 eos,
1273 1631 1326 1713 qui
1344 1630 1485 1714 parvulis

179 1731 246 1795 suis
267 1733 397 1796 timentl
423 1732 577 1815 navigiis,
604 1751 683 1813 quos
708 1733 819 1797 livoris
843 1734 949 1797 tinea*
976 1740 1108 1813 comest,
1139 1732 1193 1815 qui
1218 1734 1356 1805 alienam
1377 1734 1484 1798 facun-

180 1832 266 1897 diam
296 1834 360 1897 leta
387 1834 489 1899 ironte
518 1834 665 1917 accipere
695 1854 757 1898 non
783 1841 932 1918 possunt,
962 1835 1016 1916 qui
1044 1834 1188 1917 frugibus
1216 1834 1354 1899 inventis
1380 1835 1484 1900 adbuc

179 1934 501 2016 glandcuescuntur³
515 1942 548 2000 et
565 1936 722 2020 politioris
741 1935 885 2001 doctrine
909 1935 1008 1999 lucem
1032 1956 1105 2001 vere
1127 1937 1305 2000 noctuinisd
1326 1936 1485 2001 intuentur

179 2038 286 2102 oculis.
337 2037 501 2102 Eiusmodi
529 2037 672 2102 homines
695 2038 793 2119 vulgo
821 2038 996 2102 sanctiores
1021 2037 1123 2104 babiti
1152 2040 1214 2103 iam
1245 2039 1358 2107 multos
1384 2058 1485 2105 annos
1574 2086 1576 2093 ι

179 2139 272 2203 bonis
301 2139 440 2221 ingeniis
468 2139 597 2204 viciosis
624 2150 657 2204 et
682 2140 841 2203 mendosis
867 2140 1040 2224 preceptis,
1077 2160 1118 2205 ue
1148 2141 1241 2221 nugis
1267 2140 1389 2217 dicam,
1429 2141 1484 2206 im-

179 2248 351 2324 posnemnt
376 2249 408 2305 et
436 2260 493 2322 per
517 2249 688 2322 questuosa
713 2240 881 2324 sophorum
907 2241 1077 2323 gymnasia
1103 2232 1258 2323 vagantes
1279 2243 1412 2325 turpiter
1432 2249 1484 2309 de

179 2349 309 2425 cerpunt
343 2342 479 2406 corrasis
515 2341 656 2423 nudique
691 2339 887 2407 mercedulis.
942 2342 1061 2407 Venere
1098 2362 1198 2426 nuper
1231 2343 1485 2427 impeditissimis

178 2443 346 2508 itineribus
373 2440 514 2508 Romane
545 2444 635 2508 litere
665 2454 835 2526 paucorum
867 2443 1024 2508 industria
1059 2443 1192 2509 liberate
1222 2444 1371 2528 periculo.
1424 2446 1484 2510 Ex·

178 2546 330 2628 cepiteas
343 2544 887 2625 studiosaiuventuseleganciarum
900 2544 1003 2609 avida
1047 2544 1274 2610 Dixil'eliciter.
1309 2546 1484 2630 Sperabam

178 2646 257 2726 fore,
288 2655 323 2711 ut
355 2647 460 2712 indies
489 2646 593 2728 magis
623 2646 767 2727 vigerent
800 2646 931 2727 ingenia
962 2655 994 2711 et
1025 2666 1119 2727 grece
1150 2647 1311 2729 latineque
1328 2648 1434 2720 ¹litere
1465 2670 1486 2714 a
1515 2712 1518 2720 ,

178 2750 239 2811 situ
261 2755 294 2812 ct
311 2749 458 2830 squalore
477 2748 715 2834 uindicarentur
734 2748 861 2813 sublata
879 2748 920 2812 de
941 2748 1045 2813 medio
1067 2748 1216 2813 barbaria
1237 2750 1389 2832 multique
1416 2772 1484 2835 pre·

179 2851 359 2933 ceptoribus
380 2850 508 2915 disertis
526 2859 559 2913 et
579 2849 728 2913 librorum
749 2850 843 2933 copia
863 2850 965 2914 adiuti
976 2848 1133 2916 florerent.
1173 2850 1222 2917 Ob
1244 2852 1278 2916 id
1298 2854 1390 2917 modo
1403 2853 1485 2918 bunc

179 2950 273 3015 modo
303 2952 406 3030 illum,
431 2958 466 3015 ut
492 2948 627 3015 desertis
648 2950 863 3015 literatoribus
882 2952 1058 3017 veternosis
1080 2953 1255 3036 preclaram
1276 2953 1485 3019 eruditionem

179 3059 397 3135 capesserent,
424 3052 582 3119 hortabar.
627 3052 755 3132 Inveni,
783 3052 837 3133 qui
869 3053 949 3117 bene
969 3054 1106 3118 monenti
1129 3054 1398 3137 obtemperarent:
1429 3055 1485 3119 alii

140 3171 146 3186 ·
179 3153 391 3235 eloquentiam
414 3155 448 3218 in
469 3154 547 3219 iuris
562 3154 987 3238 protessioue'ostentabant,
1008 3154 1064 3219 alii
1085 3156 1210 3239 poetico
1230 3156 1344 3221 ardore
1359 3159 1486 3221 accensi

124 3269 126 3272 ·
179 3255 369 3338 dignitatem
401 3255 551 3321 carminis
583 3254 777 3320 admirantes
807 3257 971 3321 iactabant
1002 3276 1060 3322 sue
1092 3266 1256 3342 poemate,
1281 3259 1347 3336 ¹alii
1379 3259 1484 3323 stilum

179 3358 374 3439 castigantes
402 3356 481 3422 nibil
507 3357 569 3422 nisi
594 3357 712 3422 cultum
738 3365 793 3422 aut
814 3358 897 3440 loqui
924 3366 980 3422 aut
1000 3358 1138 3424 scribere
1159 3359 1332 3424 tentabant
1376 3359 1486 3443 ltaque

178 3458 359 3540 gaudebam
380 3466 413 3524 et
432 3458 584 3523 studiosis
603 3459 795 3541 gratulabar.
837 3458 901 3524 Sed
920 3479 939 3523 o
958 3479 1060 3525 mores
1076 3461 1289 3542 barbarorum,
1309 3460 1484 3526 ot'randem

180 3560 364 3643 capitalem!
415 3560 601 3626 Pervertunt
635 3562 695 3625 boc
730 3561 844 3625 bonum
878 3562 1023 3643 magistri
1056 3580 1126 3626 cum
1162 3564 1285 3643 ingenti
1320 3582 1484 3647 puerorum

180 3661 304 3726 damno.
349 3662 383 3727 ln
411 3662 526 3744 quibus
551 3672 586 3726 ut
610 3681 684 3726 acre
708 3663 886 3744 ingenium,
911 3664 1063 3745 studium,
1090 3664 1244 3746 laborem,
1276 3662 1489 3746 vigilantiam,

180 3762 382 3845 religionem,
408 3766 585 3832 castitatem
613 3763 721 3844 lando,
743 3764 790 3829 ita
807 3763 922 3851 damno
941 3766 1163 3848 pertinaciam,
1190 3765 1359 3847 invidiam,
1389 3767 1486 3832 male·

180 3864 367 3940 volentiam,
394 3867 572 3956 teterrimas
596 3865 725 3930 humani
752 3867 849 3932 enimi
874 3874 996 3949 pestes,
1022 3886 1084 3949 qne
1106 3868 1173 3933 suis
1204 3867 1350 3933 sordibus
1379 3886 1485 3932 carere

180 3966 305 4047 nolunt,
334 3967 476 4033 doctrine
495 3968 617 4031 meliori
639 3988 700 4032 non
728 3970 851 4048 lavent,
879 3968 1036 4033 iuventuti
1064 3968 1276 4051 prestanciam
1297 3970 1486 4053 optimarum

180 4068 299 4132 urcium
320 4068 465 4133 invident
484 4078 516 4134 ct
538 4088 644 4135 secum
665 4070 830 4135 universos
850 4070 1047 4147 stultit‘erem,
1071 4080 1104 4135 nt
1125 4072 1172 4135 ita
1192 4071 1308 4152 dicam,
1328 4073 1485 4137 triremem

181 4169 391 4235 conscendere
417 4170 535 4237 iubent.
576 4175 689 4256 Apage
711 4172 789 4237 istas
808 4172 926 4251 febres,
947 4172 1011 4237 ista
1037 4174 1275 4261 carcinomatal
1306 4174 1385 4251 Quis
1407 4176 1487 4239 terat

181 4270 241 4335 boc
263 4290 379 4336 novum
395 4272 532 4361 scelus?
578 4273 661 4338 Ecce
688 4275 765 4355 quia
789 4274 960 4340 contractis
987 4274 1131 4339 barbaris
1162 4276 1263 4359 copiis
1291 4276 1408 4339 latinas
1436 4294 1486 4338 co·

251 4386 307 4439 'F
319 4394 412 4463 leur-ee.
482 4380 546 4441 1’Τκ
565 4396 672 4456 nsvigiis
691 4397 789 4443 timent.
860 4390 925 4442 ‘Te
944 4396 1018 4455 lines.
1090 4381 1156 4443 “Te
1174 4398 1312 4445 nocturnis,

243 4590 254 4633 1
278 4594 372 4649 esaum
386 4594 413 4665 2,
435 4596 459 4653 1.
541 4591 555 4634 2
577 4595 764 4669 vgrssme
777 4615 803 4654 u.
817 4596 885 4655 era.
969 4591 983 4635 ³
1004 4596 1067 4669 vgr.
1085 4597 1212 4653 nunnus
1229 4597 1316 4669 rung.
1331 4614 1356 4669 p.
1369 4596 1434 4656 voe.
