3625 5192
583 346 672 400 Briele
690 346 810 400 Mutians
828 347 872 400 Br.
891 346 951 399 ets.
969 346 1029 398 tls.
1049 346 1108 397 tao.
1450 345 1498 398 tul

195 531 275 602 teo.
298 529 341 595 ll.
366 549 410 595 un
434 529 600 596 Eolnurus
623 527 768 600 llessus.
934 527 1065 611 (llotlra
1079 528 1172 598 1514.
1205 527 1305 594 utun
1321 526 1506 608 lllrtobcr.)

266 673 318 718 illut
350 674 446 718 selrorat
467 673 527 718 liber
550 673 591 718 dio
610 673 764 732 sumtuum,
790 689 827 718 wo
846 672 886 718 dio
908 673 985 717 annt
1004 671 1046 717 dos
1067 671 1158 717 llossos
1178 672 1270 730 wolrnt,
1289 669 1371 726 billigt
1390 669 1450 716 abor
1468 670 1502 714 irn

197 743 298 801 iibrigun
319 744 359 788 rlio
378 745 496 805 geplanlo
516 744 611 790 lloiral.

276 858 432 923 llobano
454 859 654 941 cygnigero¹‚
677 879 793 940 magno
813 857 942 921 maximi
958 857 1118 940 Apollinis
1140 855 1298 921 sacerdoti
1322 856 1353 920 in
1377 854 1502 920 Christo

194 962 319 1040 dilecto,
343 959 502 1025 Munianus
524 959 630 1024 Rul'ns.

256 1065 306 1125 ·S.
350 1063 437 1127 Belle
462 1061 629 1143 fugitivum
656 1062 772 1125 olorem
806 1063 952 1144 increpas
978 1067 1009 1125 et
1039 1059 1188 1124 cohibere
1216 1060 1267 1124 vis
1299 1059 1501 1123 connubiali2

195 1164 328 1229 vinculo.
370 1165 465 1229 Recte
489 1164 611 1228 mollius
633 1163 734 1227 llrlius.
773 1164 822 1228 lta
840 1164 924 1227 enirn
942 1163 996 1226 liet
1011 1162 1361 1257 verreccpnrausuctior,
1382 1162 1501 1225 limaci-

196 1269 254 1332 bus
281 1267 401 1331 tardior
430 1277 460 1329 ct
488 1265 595 1329 malva
625 1267 759 1347 betaque
787 1266 917 1330 mollior.
966 1265 1135 1348 Responde
1156 1265 1235 1328 milri
1255 1264 1379 1346 Cygno,
1405 1283 1446 1327 au
1468 1262 1500 1325 itl

197 1369 255 1433 tibi
278 1369 365 1434 eorrli
387 1368 449 1434 sit?

277 1471 341 1536 Est.

275 1575 401 1652 Quare?

274 1677 357 1752 Quia
379 1677 419 1738 ab
441 1675 533 1757 aquis
554 1674 596 1739 ad
617 1694 718 1756 aquus
739 1675 839 1740 venio.
884 1675 1077 1740 Benedicitc.

275 1777 358 1854 Quid
379 1779 450 1852 ais?
492 1782 540 1841 An
564 1778 835 1860 pransitabimus‘?

276 1879 454 1944 Nocturnus
475 1880 595 1962 recepit
616 1881 647 1942 ln
668 1899 741 1943 suas
765 1899 883 1962 preces.

276 1982 358 2059 Quid
382 1982 523 2064 reecpit?

276 2081 470 2148 Benedicile.

275 2186 469 2263 Quiritum?

279 2288 312 2350 ln
334 2287 443 2353 eonem
468 2289 582 2370 hymno
604 2287 731 2369 legitur:
756 2288 970 2368 „senectute
990 2309 1087 2370 aque,
1113 2309 1174 2372 qne
1192 2308 1288 2372 supra
1313 2289 1500 2369 celeseum,

196 2389 360 2454 Domino.“
402 2391 528 2454 Adeas
553 2394 639 2473 ipsas
663 2391 763 2454 venio.
1037 2395 1042 2402 ’

277 2493 427 2576 lllysteria
449 2492 560 2573 garris,
583 2493 771 2574 explicatius
791 2491 927 2573 liquere.

277 2597 394 2660 Omnes
422 2595 553 2659 celites3
583 2595 654 2658 ruris
680 2595 710 2658 in
741 2594 854 2660 edibus
880 2596 1036 2659 habitant.
1077 2596 1199 2677 rittigui
1224 2603 1297 2659 sunt
1317 2598 1501 2677 angolorum

198 2717 307 2762 norem
331 2697 466 2761 ordines.
510 2696 614 2761 llabet
635 2697 676 2761 arl
705 2705 804 2761 ortum
827 2699 1070 2780 equinoctialem
1090 2717 1179 2762 suom
1200 2699 1394 2762 domicilium
1417 2699 1503 2762 libri-

197 2819 276 2882 pens
298 2799 442 2862 llichacl.
486 2799 533 2862 Ea
562 2801 650 2880 regio
672 2803 766 2862 relcrt
795 2819 895 2881 aquas
923 2801 1224 2883 supranruntlanas·.
1283 2802 1371 2865 lubet
1396 2812 1501 2865 autern

187 2903 265 2965 'sire
287 2900 471 2965 Ambrosius
496 2901 563 2964 sive
585 2903 780 2981 Augustinus
806 2904 873 2964 sire
896 2903 1005 2980 ambo,
1032 2910 1182 2984 utaque,
1211 2923 1272 2984 une
1300 2923 1396 2985 supra
1418 2902 1502 2967 celos

198 3009 283 3076 sunt,
315 3003 503 3066 benedicant
531 3003 675 3066 llornino.
727 3004 909 3085 lntelligunt
940 3005 1072 3084 angelos
1101 3005 1301 3068 antelucanis
1335 3004 1502 3069 laurlantos

197 3106 298 3170 Deum
320 3105 513 3168 carminibus
535 3106 634 3168 instar
653 3125 766 3169 novcrn
789 3105 947 3170 Musarum
968 3107 1110 3189 Apollini
1131 3106 1369 3170 succinentium.

277 3207 403 3287 Habeo,
425 3208 550 3290 Cygno,
581 3215 634 3269 tua
655 3217 737 3270 vota.
786 3207 917 3270 Volabis
945 3209 1042 3288 igitur
1062 3209 1094 3272 iu
1117 3209 1418 3290 ungetouorgmnr,
1447 3209 1500 3272 ubi

198 3311 339 3392 pronuba
372 3309 447 3374 luno
473 3309 570 3374 liliam
597 3309 655 3374 tibi
679 3329 768 3374 suam
791 3310 974 3382 collocabit,
1001 3320 1036 3374 ul
1059 3312 1190 3393 pulchra
1217 3312 1316 3376 faciat
1340 3314 1392 3374 te²
1413 3311 1501 3394 prole

198 3413 389 3495 parentenrl.

277 3515 381 3580 'leues
402 3515 610 3599 propositum,
632 3522 787 3596 superest,
812 3521 844 3578 ut
865 3515 1001 3598 rapiam,
1024 3512 1109 3591 henr,
1131 3515 1257 3598 capiam
1278 3515 1385 3579 dicere
1406 3514 1501 3580 volui.

197 3619 357 3698 Superest,
380 3616 517 3697 inquam,
540 3623 572 3679 ut
593 3616 715 3680 traham
737 3616 884 3700 puellam.
951 3661 957 3668 ·

276 3716 355 3792 Ohe,
376 3737 436 3782 non
457 3738 535 3800 optus
557 3724 613 3797 est,
636 3738 697 3782 non
720 3720 896 3784 reluctetur.
941 3719 1022 3783 Duci
1045 3728 1147 3802 potest
1169 3719 1218 3782 vel
1238 3720 1367 3782 nrininro
1389 3719 1501 3798 digito.

278 3819 408 3883 Ducam-
429 3820 525 3900 igitur
550 3821 662 3884 salutis
688 3828 720 3884 el
749 3821 920 3906 voluptatis
950 3822 1069 3903 gratia,
1098 3821 1210 3885 salutis
1237 3829 1270 3886 ut
1295 3821 1400 3885 vivant
1430 3841 1500 3884 curn

196 3923 374 4002 securitate,
397 3923 580 4004 voluptatis,
602 3931 635 3986 ut
656 3923 728 3988 elie*l
751 3932 905 4006 noctuque
928 3924 1068 3988 membra
1085 3923 1184 3987 labris
1205 3924 1329 3987 abeant.

268 4055 385 4107 inuno
405 4063 438 4107 Te
456 4077 530 4122 supra
549 4063 696 4110 mundanus.
752 4049 818 4110 bl'z
836 4063 1045 4124 Angeloburgum.
1099 4057 1195 4108 clr'te
1213 4063 1296 4110 iaciat.
1350 4047 1415 4109 “Ta
1433 4064 1483 4111 din.

196 4186 397 4196 —-—-—-

260 4258 271 4299 ¹
295 4261 397 4317 Hessos
417 4262 511 4316 fiihrto
533 4264 560 4316 in
582 4263 687 4318 seluern
712 4263 841 4334 Wappen
865 4263 944 4317 einrrn
965 4264 1088 4317 Sclrrran.

258 4337 572 4412 ‘lvgluntumla
607 4372 610 4380 ·

184 4441 187 4450 ·
258 4417 346 4476 3llie
369 4422 584 4493 Allorlnrilignr·
611 4423 665 4475 nml
690 4423 745 4475 Sol.
767 4423 997 4478 llielrnelskirelro
1025 4425 1103 4496 lagen
1134 4424 1204 4476 rsoltl
1226 4424 1252 4474 in
1275 4424 1323 4477 der
1347 4423 1425 4478 Niiln·
1447 4423 1498 4478 ‹lrr

197 4500 388 4638 Engfullu'g'p
408 4503 469 4636 Ἥ.
491 4502 713 4636 (lpnll'olgerulen
739 4502 822 4558 uriof.
1312 4499 1315 4501 ’

270 4615 271 4618 =
320 4601 397 4656 ergr.
456 4601 531 4638 euers
561 4582 623 4636 .i5.
