3625 5192
707 369 797 423 Briele
817 369 937 424 Mutians
955 368 1015 425 343.

409 519 478 596 Quo
499 519 607 584 dulces
624 519 747 604 possint
767 519 967 583 accumulare
987 519 1087 583 favos.

409 623 513 705 Saepe
535 622 594 686 sub
616 622 783 686 arboribus
805 621 954 703 mollique
975 623 1008 688 in
1033 621 1186 703 graminis
1208 621 1306 684 berba

336 726 388 800 70)
410 724 513 787 Flava
533 725 702 788 laborilero
723 724 843 808 poplite
865 723 960 786 mella
983 723 1096 787 locant.

410 827 560 890 Conferat
579 826 640 890 buo
661 826 837 909 Rhodopen
857 825 1091 907 Panchaeaque
1114 846 1186 890 rura
1207 825 1323 909 Lyeue,

410 929 542 992 Nesciet
563 930 707 993 inuentos
729 948 763 993 se
784 928 931 992 docuisse
951 929 1051 992 faros.

410 1033 490 1094 Sunt
510 1051 638 1096 nemora
659 1040 690 1095 et
711 1031 820 1103 saltus,
841 1038 914 1094 sunt
935 1051 996 1092 non
1018 1030 1173 1094 deiormia
1194 1031 1324 1113 Tempe,

412 1133 568 1196 'lbessala
589 1153 658 1196 cum
680 1133 776 1196 lluvio
796 1133 917 1196 dixeris
938 1152 1008 1197 esse
1030 1153 1096 1194 suo.

338 1231 390 1314 lb)
413 1235 587 1316 Pinguibus
609 1236 676 1298 alta
697 1235 772 1298 l‘eris
793 1235 919 1298 stabula
941 1245 972 1300 et
996 1237 1123 1300 venatio
1145 1234 1247 1316 dirus,

412 1337 558 1400 blerralon
580 1338 682 1400 oderit
703 1338 753 1400 hic
775 1339 847 1420 ipsa
868 1338 974 1402 Diana
996 1357 1095 1401 suum.

410 1439 469 1501 llic
492 1447 618 1520 poteras
639 1449 755 1522 spreta,
776 1440 900 1502 iuvenis
922 1439 1076 1518 Theseos,
1098 1459 1235 1504 norerca

411 1540 567 1604 innocuos
588 1543 651 1604 alio
673 1542 820 1604 claudere
842 1541 904 1606 line
927 1542 1004 1608 dics.

413 1643 497 1720 Quid
519 1645 630 1723 loquar
652 1645 811 1724 ingentem
833 1663 980 1726 pecorum
1003 1645 1076 1723 rim,
1098 1644 1206 1725 qualia
1228 1665 1386 1728 uunquam

340 1746 392 1824 80)
416 1749 565 1809 Armenta
586 1747 741 1808 Arcadico
759 1746 901 1826 germine
922 1753 1015 1828 pastu
1035 1747 1157 1826 liquet?

413 1847 530 1924 Qualia
550 1867 612 1911 non
637 1866 774 1928 unquam
793 1847 890 1910 colles
913 1849 1020 1912 ridere
1042 1848 1169 1931 Lycaei,

417 1951 495 2030 Non,
517 1951 663 2031 quamvis
685 1951 785 2027 dives,
808 1949 965 2032 Delphice
986 1957 1103 2032 pastor,
1123 1970 1204 2016 eras.

414 2053 516 2116 blaior
537 2053 569 2115 in
591 2059 723 2134 argento
746 2071 897 2133 nusquam
922 2071 980 2116 nec
999 2051 1118 2134 largior
1139 2071 1224 2133 usus,

417 2154 475 2216 Vix
498 2161 618 2217 tantum
641 2154 762 2236 plumbi
783 2155 888 2236 patria
909 2163 1017 2218 nostra
1036 2161 1129 2219 tenet.

341 2259 394 2331 so)
416 2257 532 2320 Pocula
555 2276 663 2320 crassa
683 2256 778 2319 Ceres
798 2255 953 2318 Acheloia
974 2257 1085 2320 miscet
1106 2259 1222 2338 aristis,

415 2359 475 2422 liic
494 2360 613 2422 bibitur
634 2357 719 2421 nullo
736 2359 857 2439 gratior
877 2357 952 2420 orbe
974 2357 1082 2439 liquor.

416 2461 556 2524 Adrehit
579 2461 637 2523 buc
656 2461 757 2524 eciam
778 2460 954 2541 peregrinis
976 2471 1082 2524 vector·
1104 2463 1145 2524 ab
1166 2463 1230 2524 oris

416 2564 475 2626 Per
495 2582 582 2626 mare
603 2581 673 2624 oum
694 2561 827 2623 Rhodiis
848 2561 973 2625 Cretica
994 2563 1088 2626 mista
1109 2564 1207 2628 cadis.

417 2665 562 2742 Denique
583 2663 624 2727 ad
646 2665 799 2727 humanos
820 2663 970 2744 quicquid
992 2667 1184 2728 convertitur
1206 2687 1288 2746 usus,

343 2767 397 2849 90)
419 2767 478 2831 llic
500 2769 585 2830 velut
605 2786 645 2830 ex
666 2785 761 2828 cornu
784 2766 929 2828 liberiore
952 2767 1028 2829 buit,

417 2873 497 2933 Sunt
519 2871 619 2933 eciam
641 2869 825 2951 praeclarae
845 2868 937 2932 urbs
954 2869 1130 2950 opibusque
1147 2873 1303 2954 superbae

419 2971 479 3034 Vix
503 2971 598 3035 babet
621 2971 681 3050 bis,
703 2971 824 3050 mirum,
845 2971 998 3034 'lhutouis
1019 2991 1074 3035 ora
1096 2991 1197 3054 paros.

421 3075 453 3137 ln
476 3095 562 3139 mare
583 3094 646 3156 qua
669 3074 764 3137 tacito
786 3073 977 3155 demergitur·
1002 3075 1097 3139 lstula
1122 3077 1222 3159 lapsu,

418 3177 533 3242 Nobile
556 3177 741 3239 Dantiseum
766 3177 994 3258 littorapriura
1016 3183 1111 3243 tenet.

345 3283 398 3357 95)
420 3280 582 3344 Classibus
604 3279 682 3342 baec
704 3287 822 3361 portus,
843 3279 954 3341 domus
978 3278 1097 3362 inclyta
1117 3282 1274 3345 mercibus
1294 3283 1372 3348 baec
1394 3293 1442 3350 est

421 3382 502 3446 Urbs
523 3383 620 3446 maris
641 3382 765 3464 imperii
787 3391 877 3462 parte
898 3381 994 3444 beata
1014 3383 1072 3446 sui.

419 3487 528 3549 Altera
549 3484 672 3548 divitiis
692 3483 896 3563 llonsregius,
920 3483 1001 3546 bane
1022 3503 1144 3566 quoque
1166 3486 1248 3549 ditat

422 3588 454 3650 ln
477 3607 564 3652 mare
585 3589 716 3651 velitera
739 3586 872 3667 lircgela
893 3604 1002 3649 versus
1024 3605 1116 3666 aqua,

420 3691 507 3753 Haec
528 3690 620 3754 modo
642 3689 775 3752 militiae
796 3688 889 3752 sedes
911 3694 959 3752 est
979 3688 1046 3753 alta
1067 3689 1221 3772 Magistri,

330 3793 401 3869 100)
423 3792 490 3854 lioe
512 3792 542 3854 in
566 3812 603 3856 eo
625 3792 774 3874 princeps
792 3790 902 3853 ordine
925 3809 1037 3853 nomen
1062 3791 1164 3857 babel.

419 3895 589 3959 structuris
610 3895 757 3959 domuum
779 3894 919 3974 reliquas
940 3893 1103 3958 Theronia
1124 3895 1223 3960 uincit

420 3997 555 4061 Pulchra
575 3999 713 4078 quidem,
735 3997 870 4061 sednon
892 3996 994 4076 dives,
1017 4003 1050 4059 ut
1066 4003 1140 4061 ante
1161 3999 1228 4061 ibit.

420 4099 508 4164 Haec
527 4107 635 4164 vetera
656 4100 783 4164 excisae
804 4099 942 4180 vestigia
966 4099 1106 4163 eontinet
1125 4100 1217 4179 areis,

421 4202 522 4280 Quam
546 4222 646 4283 uagus
670 4201 800 4266 undanti
825 4201 949 4266 Vistula
970 4201 1081 4264 lambit
1104 4221 1197 4282 aqua.

332 4307 400 4381 loo)
421 4304 591 4369 Praeterea
611 4304 783 4386 Albingum
805 4304 943 4386 reliquas
963 4304 1087 4366 imitata
1107 4305 1216 4369 ruinas

421 4402 579 4466 Eximium
600 4411 715 4486 captae
736 4403 834 4467 diruit
853 4404 936 4468 arcis
954 4423 1043 4486 opus.

422 4504 504 4569 Hinc
524 4505 780 4588 Mariaeburgum
802 4505 961 4586 quondam
983 4506 1094 4571 domus
1115 4507 1235 4591 inclyta
1255 4511 1380 4591 magnis

421 4607 622 4692 Principibus
645 4608 730 4674 nullo
751 4608 882 4674 crimine
903 4607 989 4673 lacta
1010 4627 1136 4686 nocens,

1287 4714 1323 4767 l*
