3625 5192
320 311 370 369 tae
689 309 948 382 Gssrbiehtsquellen
969 315 1018 370 der
1035 313 1109 370 Prur.
1129 313 1250 370 Snebseu.

317 465 530 548 accipiebant.
578 465 714 529 Causam
741 464 846 528 reddit
874 464 1087 546 Macrobius4,
1122 472 1156 529 ut.
1187 465 1337 530 ridelieet
1367 465 1458 528 initio
1484 465 1559 530 anni
1586 502 1626 510 -—-

317 568 493 632 eratenim
521 567 653 631 Martius
679 569 798 651 primus
824 567 942 630 mensis
969 568 1054 649 apud
1082 573 1204 631 ueteres
1235 603 1271 612 -
1300 573 1442 632 matrone
1473 568 1626 632 beneficio

318 679 349 735 ct
375 671 524 751 largitate
551 679 658 734 servos
686 670 748 734 sihi
780 670 812 733 in
844 687 961 734 annum
992 677 1171 734 secuturum
1203 670 1382 750 obligarent
1413 669 1627 751 haberentque

318 772 629 854 obsequentissimus.
687 771 765 835 ldeo
799 772 946 836 dicuntur
976 792 995 836 a
1028 773 1129 855 poetis
1161 756 1302 836 (tarenos
1339 772 1505 838 feurinee‘2.
1557 773 1626 836 llue

317 876 412 940 etiarn
444 876 595 958 pertinet,
628 874 710 956 qnod
743 875 855 939 scribit
884 876 1146 940 imiseonsnltus³l
1173 882 1278 938 noster
1309 875 1389 939 libro
1415 875 1475 939 llll
1505 880 1535 939 et
1562 875 1627 938 XX

318 978 535 1058 Digestorum:
565 977 623 1058 „si
646 977 695 1040 rir
716 978 805 1040 rixari
832 997 945 1040 nrrrnus
976 977 1179 1042 inmrodieum
1200 979 1232 1040 in
1255 978 1406 1042 Calendis
1428 977 1550 1040 Martiis
1571 983 1627 1040 aut

317 1080 416 1142 natali
442 1079 495 1142 die
523 1078 694 1142 dedisset.“
743 1079 857 1158 l'ides,
883 1080 1001 1162 optime
1032 1079 1214 1158 Valentino,
1249 1080 1340 1143 burins
1372 1079 1489 1160 inelyte
1520 1079 1626 1141 hilari-

317 1184 392 1246 tatis
419 1182 582 1246 rationem.
625 1180 727 1256 eram
757 1181 818 1244 nisi
844 1181 997 1244 esuriales
1027 1183 1103 1245 l'erie
1131 1189 1159 1244 et
1187 1181 1400 1262 theologorum
1423 1182 1627 1264 supercillmn

316 1284 531 1363 obliterarent,
552 1284 659 1346 mariti
679 1290 710 1345 et
721 1302 833 1346 uxores
848 1282 990 1345 Romano
1009 1284 1072 1346 citu
1085 1282 1222 1348 colerent
1234 1285 1403 1365 quotannis
1423 1289 1463 1362 ct,
1480 1284 1626 1364 quamvis

317 1386 488 1468 imperator
510 1372 683 1466 priscorum
705 1403 813 1448 servos
834 1391 865 1447 et
885 1386 1056 1450 servitutes
1078 1405 1117 1448 ex
1138 1385 1219 1448 hona
1242 1393 1333 1468 parte
1351 1385 1518 1462 subumrit,
1536 1387 1627 1448 dare-

317 1507 386 1551 mus
408 1495 513 1550 tamen
534 1505 665 1550 inunera
685 1485 868 1550 domesticis
889 1493 921 1549 et
937 1505 1001 1550 una
1020 1487 1197 1550 letarentur.
1240 1487 1328 1551 Nihil
1345 1493 1449 1550 tamen
1470 1487 1627 1569 probibet,

316 1591 394 1670 quin
418 1589 476 1653 hoe
497 1589 659 1670 antiquum
682 1596 713 1652 et
734 1589 916 1652 venerabile
937 1589 1050 1652 l'estum
1073 1588 1299 1671 coepulonibus
1330 1591 1392 1653 tuis
1424 1589 1628 1662 doctissimis,

316 1693 526 1770 llartmanno,
547 1691 686 1774 principi
708 1691 755 1754 sui
778 1691 899 1755 ordinis
920 1690 1195 1774 splendidissimo,
1216 1691 1402 1773 Gregoriol,
1424 1691 1473 1756 eui
1497 1691 1527 1754 iu
1550 1692 1627 1754 seri-

318 1794 432 1858 bendis
458 1794 603 1876 epistolis
629 1794 741 1857 merito
769 1794 875 1876 palma
897 1793 1045 1858 tribuitur
1067 1794 1108 1858 ab
1128 1793 1290 1872 omnibus,
1315 1795 1368 1874 qui
1390 1813 1521 1874 novere,
1547 1793 1626 1875 quid

317 1897 359 1960 sit
386 1897 549 1977 elegantia
576 1903 608 1959 et
633 1897 717 1960 nitor
742 1896 923 1960 teutonisnri
949 1905 980 1960 et
1010 1898 1124 1960 ceteris
1154 1897 1307 1979 preclaris
1332 1897 1409 1960 viris
1435 1897 1521 1960 clara
1548 1917 1626 1959 roee

316 1999 460 2083 predices
498 2005 531 2063 et
570 1998 782 2080 persuadeas,
818 2005 852 2062 ut
887 2001 983 2079 genio
1022 1999 1216 2080 indulgeant.
1270 2001 1312 2062 At
1347 2001 1374 2063 si
1412 1999 1628 2062 Hartmannus

317 2102 468 2166 ieiunium
495 2108 528 2174 et
564 2101 779 2165 austeritatem
808 2101 984 2164 renrissioni
1014 2107 1044 2164 et
1074 2101 1253 2164 laxamento
1279 2102 1443 2185 protulerit
1469 2107 1501 2163 nt
1535 2101 1628 2164 homo

316 2211 535 2268 sacrosanctus
561 2210 592 2268 et
613 2210 710 2285 eaput
730 2203 894 2283 religionis
924 2202 1105 2280 benedicte,
1132 2201 1338 2286 respondebis
1366 2209 1398 2266 tu
1421 2223 1481 2266 non
1502 2221 1628 2266 errasse

317 2306 498 2384 Platonem,
527 2325 679 2370 summum
707 2304 981 2388 philosophorum,
1010 2305 1063 2383 qui
1091 2311 1199 2369 censet
1220 2324 1240 2366 a
1261 2305 1321 2368 deo
1343 2305 1489 2369 festorum
1512 2306 1626 2369 alacri-

315 2415 413 2472 tatem
441 2409 636 2483 institutam,
663 2427 727 2488 qua
751 2407 887 2470 bumana
911 2406 1070 2488 fragilitas
1091 2413 1292 2470 recrearetur.
1335 2407 1536 2471 Contradieet
1558 2407 1628 2486 boe,

316 2512 437 2593 opinor,
459 2510 565 2574 modo:
591 2508 694 2573 Minos
708 2510 811 2590 legem
822 2516 1010 2590 accepturus
1031 2509 1143 2574 alere
1165 2528 1277 2573 norem
1295 2509 1409 2574 diebus
1423 2509 1454 2572 in
1472 2509 1627 2593 spelunca

317 2614 469 2677 ieiunium
497 2612 697 2690 obscurarit,
723 2611 750 2676 si
772 2611 909 2676 Homero
937 2609 1107 2691 eredimus,
1137 2611 1256 2692 Messe,
1285 2611 1478 2677 Hebreorum
1508 2613 1627 2693 legum-

316 2715 411 2794 lator,
439 2715 497 2777 Xb
531 2713 653 2778 dierum
680 2713 790 2795 spacio
817 2714 889 2777 cibo
919 2713 1081 2778 abstinuit.
1130 2713 1247 2778 Notum
1281 2733 1405 2796 quoque
1438 2714 1487 2780 rel
1516 2713 1626 2779 idiotis

318 2815 525 2895 nostratibus,
549 2816 623 2894 qnid
646 2815 757 2880 Helias
778 2822 809 2879 ct
830 2817 993 2900 prophete,
1014 2817 1090 2898 quid
1113 2817 1256 2881 Christus
1278 2825 1309 2881 et
1326 2817 1462 2900 apostoli
1485 2818 1626 2882 iecerint.

317 2918 431 2981 Eorum
461 2919 606 3000 vestigiis
634 2917 844 2982 insistendum
872 2937 958 2998 esse,
990 2926 1156 3001 postquam
1186 2919 1400 3003 'l'helesporol
1429 2919 1561 3003 placuit,
1592 2929 1626 2984 ut

315 3027 436 3102 septem
473 3019 725 3084 hebdomadibus
761 3019 982 3084 ieiunaremns
1038 3020 1163 3100 Habea,
1193 3021 1377 3100 Valentius,
1410 3021 1485 3102 quid
1515 3021 1623 3086 huma-

315 3122 446 3186 nissimo
477 3123 561 3205 patri
597 3142 749 3204 opponas.
802 3122 891 3185 Nihil
929 3123 1013 3185 enim
1044 3121 1095 3186 bic
1127 3124 1189 3186 nisi
1222 3125 1369 3187 l'estirmn
1401 3131 1431 3187 et
1455 3123 1623 3188 ridiculum

314 3224 453 3288 afferam.
495 3224 669 3288 Ausonium
691 3224 807 3304 legisti.
849 3225 1029 3288 ausoniusG
1053 3225 1170 3305 lnquit:

569 3341 710 3420 „Sancta
732 3339 885 3403 salutiferi
910 3339 1041 3403 redeunt
1062 3340 1217 3406 solemnia
1238 3343 1357 3407 Christi

567 3443 608 3505 Et
628 3442 747 3506 devota
769 3441 814 3524 pii
837 3442 998 3504 celebrant
1020 3442 1140 3507 ieiunia
1160 3446 1291 3528 nryste.“

396 3557 496 3622 Docet
510 3558 668 3621 Ausonius
690 3563 826 3637 mystas,
847 3556 879 3619 id
904 3564 965 3634 est,
987 3558 1168 3624 sacerdotes
1190 3560 1368 3625 celebrasse
1389 3561 1517 3624 ieiunia.
1562 3561 1624 3626 lta-

315 3680 376 3740 que
398 3679 467 3722 eum
490 3661 684 3740 Gregoriusi
705 3667 736 3722 et
758 3659 944 3723 llrrtbenus8
968 3667 999 3723 et
1025 3667 1057 3723 tu
1080 3663 1148 3724 sine
1170 3663 1347 3726 sacerdotio
1368 3663 1499 3744 vivatis,
1527 3663 1625 3730 saeile

380 3831 389 3871 ¹
413 3834 567 3887 Saturnalia
586 3836 607 3890 l.
628 3835 672 3889 12.
687 3835 713 3890 ῖ.

378 3911 391 3952 ‘2
412 3915 439 3969 Z.
452 3914 481 3968 Β.
503 3913 720 3969 incarnata:
745 3916 860 3970 Munera
878 3916 1007 3969 serrrineis
1030 3925 1129 3972 tractat
1151 3927 1255 3974 secretu
1276 3919 1413 3975 Calendis.

376 3989 390 4031 3
408 3994 580 4063 Pomponius
602 3997 630 4048 in
651 3995 767 4066 Digesta
788 3997 893 4050 xxiv.
910 3997 934 4050 l.
948 3997 994 4054 231,
1009 3997 1034 4052 8.

374 4070 388 4110 ⁴
410 4073 600 4144 tegrenses
621 4074 718 4132 &117
738 4077 810 4129 Anm
831 4078 856 4129 9.

374 4149 389 4190 ⁵
411 4155 522 4208 Deercti
550 4157 639 4225 prima
665 4175 727 4226 pars
748 4157 821 4212 Dist,
837 4155 882 4210 ll'.
903 4175 925 4211 e.
944 4157 975 4210 li:
998 4157 1203 4228 Tlmlosplrorus
1225 4161 1329 4214 Romae
1355 4162 1430 4214 urbis
1460 4160 1627 4234 Arelriepis—

315 4252 401 4304 copus
421 4235 550 4288 onrrribus
571 4238 722 4306 episeopis:
743 4238 902 4298 Statuimus,
925 4245 954 4290 ut
976 4245 1080 4308 stephan
1096 4240 1263 4294 ebdmnadas
1278 4250 1342 4294 arde
1366 4249 1491 4295 auarum
1516 4247 1629 4312 paseha

315 4333 411 4367 orrrnes
433 4315 525 4368 cleriei
548 4317 574 4368 in
597 4325 697 4370 sortem
722 4317 833 4370 Domini
856 4318 945 4370 vocali
968 4336 982 4371 a
1005 4337 1087 4372 earne
1110 4320 1232 4373 ieiunent
1253 4329 1303 4374 ete.

375 4393 389 4428 ⁴³
411 4395 511 4448 Versus
532 4399 674 4466 paschales
692 4399 779 4450 l'roro
797 4398 864 4450 elicii
883 4398 910 4448 in
926 4400 974 4450 utor
989 4399 1119 4469 Ausgabe
1134 4419 1185 4454 von
1205 4399 1233 4454 C.
1249 4401 1379 4455 Srlrenkl.
1404 4401 1432 4456 S.
1447 4401 1494 4456 3⁰.
1521 4403 1583 4454 1-
1598 4408 1630 4466 2,

377 4471 388 4512 7
409 4473 472 4542 t'gl.
487 4477 527 4529 llr.
541 4478 597 4527 lah
620 4480 644 4529 S.
661 4478 712 4529 117
735 4479 817 4533 clrrrn.
831 4480 855 4532 a.

375 4554 389 4592 ὅ
410 4556 651 4611 ll'ahrseheiulieh
673 4560 722 4611 der
743 4558 865 4612 hlainzer
886 4557 1042 4612 hlarsehalk
1063 4560 1171 4614 Frouin
1193 4580 1247 4615 ron
1269 4561 1389 4620 Hutten.
