3625 5192
591 320 820 387 sacerdtem
837 334 879 386 as.
900 329 942 387 or.
964 334 1004 387 nc
1023 332 1066 384 ea.
1450 332 1486 385 co

179 486 211 545 et
233 480 362 564 scripsit
381 499 498 561 magna
515 499 600 561 cura,
621 481 790 565 utpondns
811 488 843 546 et
852 481 1042 563 gravitatem
1059 498 1212 563 nequeam
1228 482 1306 545 satis
1327 478 1487 545 admirari.

178 584 296 647 Beatus
318 588 403 647 eset
424 582 510 661 felix,
532 580 616 663 qnod
635 582 739 647 ocium
759 591 791 647 et
802 582 991 647 industriam
1015 590 1099 647 tuam
1116 582 1159 647 ad
1182 588 1266 647 recta
1287 582 1394 647 studia
1415 600 1487 646 con-

175 686 284 751 tniisti.
327 684 460 749 Nnnone
481 683 590 764 sentis,
611 690 731 765 quanta
751 684 794 749 sit
813 684 895 748 inter
916 690 1058 749 recentes
1079 691 1112 749 et
1133 684 1254 766 priscos
1274 684 1345 748 ilios
1365 683 1486 748 latinis

175 788 270 854 simos
281 788 446 869 theologos
465 785 649 851 distancia‘?
689 784 843 853 Exacnite
865 805 922 851 vos
943 786 1089 862 invicem,
1111 794 1144 851 tn
1161 794 1193 852 ct
1207 786 1400 871 Spalatinns‚
1422 805 1486 851 mn-

176 892 239 957 tnis
269 888 557 956 exhortacionibns.
599 888 682 953 Nam
716 888 845 954 omnino
872 908 976 954 rarum
1007 896 1069 970 est,
1106 888 1191 972 qnod
1221 889 1299 954 mibi
1321 889 1362 955 de
1395 889 1487 953 vobis

175 989 334 1073 polliceor.
376 988 424 1053 Ea
436 990 535 1071 scitis,
557 1011 617 1073 qne
632 991 723 1057 multi
744 992 896 1059 nesciunt.
940 991 1076 1057 Valeant
1095 992 1226 1075 gloriosi
1249 1011 1319 1056 cum
1340 992 1434 1073 nugis
1456 998 1487 1055 et

174 1092 416 1157 ostentamentis
435 1094 511 1159 suis.
548 1092 612 1157 Vos
631 1092 747 1177 sapitis
766 1093 860 1177 pleno
882 1099 1025 1177 pectore,
1054 1113 1111 1159 vos
1130 1093 1239 1159 laurea
1266 1094 1356 1175 digni
1385 1100 1431 1173 et,
1459 1093 1487 1157 si

174 1194 256 1259 taies
286 1193 383 1259 duces
410 1194 501 1276 sequi
532 1215 594 1260 non
621 1196 801 1272 cessabitis,
830 1196 894 1261 iam
916 1195 1072 1260 vaticinor
1095 1196 1184 1261 vobis
1217 1216 1274 1262 vos
1303 1194 1486 1261 immortali-

175 1303 275 1362 tatem
285 1296 402 1362 Leonis
423 1304 456 1362 et
472 1295 664 1363 Hieronimi¹
684 1308 915 1365 consecuturos.
958 1298 1041 1376 Quin
1063 1306 1095 1363 et
1114 1304 1291 1382 presentem
1313 1318 1351 1363 ex
1374 1295 1488 1361 studiis

175 1400 310 1483 gloriam
323 1399 534 1483 reportabitis.
578 1401 677 1465 Lucro
699 1401 848 1466 studeant
867 1401 997 1465 vulturii
1022 1408 1054 1467 et
1075 1401 1174 1486 inepti
1198 1400 1349 1466 homines.
1383 1398 1488 1465 Dicite

176 1520 249 1565 vos:
279 1500 475 1582 „Dominusb
505 1504 607 1587 pascit
633 1522 682 1567 me
711 1510 742 1569 et
763 1501 843 1567 nibil
868 1502 947 1567 mibi
968 1500 1120 1568 deerit.“¹
1170 1505 1279 1569 Sermo
1301 1509 1387 1583 tuus,
1413 1502 1488 1584 quio

177 1604 314 1669 Leonem
337 1603 449 1686 habes,
475 1602 584 1669 confici
607 1609 711 1688 potest
730 1604 800 1669 sine
820 1624 892 1669 mea
913 1604 998 1670 lima.
1045 1603 1085 1669 bt
1114 1604 1174 1670 hoc
1201 1603 1328 1685 meiius,
1357 1609 1389 1667 ut
1417 1604 1486 1687 ipse

177 1706 236 1770 tibi
265 1705 445 1790 prescribes
472 1712 505 1771 et
530 1726 671 1789 pressum
699 1704 787 1770 illum
814 1704 922 1770 stilum
952 1704 1092 1772 imiteris.
1142 1706 1224 1771 Nam
1251 1706 1399 1789 vulgares
1428 1706 1487 1769 istc

178 1808 342 1873 contiones
364 1808 405 1872 de
426 1806 525 1873 natali
546 1806 728 1873 Christiano
751 1813 823 1872 note
844 1814 918 1872 sunt
939 1812 970 1873 et
991 1807 1131 1891 protrite.
1174 1806 1266 1872 Scins
1288 1806 1351 1872 Leo
1379 1807 1411 1871 in
1434 1807 1487 1872 ob·

178 1928 269 1974 scnro
296 1910 396 1974 iacuit
423 1908 549 1991 ignotus
571 1909 739 1974 Germanis
767 1907 958 1973 doctoribus.
1007 1908 1187 1991 Scriptnrns
1216 1929 1276 1991 ogo
1302 1928 1406 1989 eram,
1431 1908 1488 1975 sed

178 2017 251 2077 tnns
273 2017 405 2077 conatus
433 2010 537 2094 magis
564 2011 684 2095 piacet,
709 2010 873 2095 presertim
901 2008 985 2093 qnod
1007 2010 1208 2095 Spoletinum
1234 2008 1364 2076 habeas.
1413 2010 1484 2075 Non

179 2122 326 2199 pataram
347 2112 508 2179 effluxisse
528 2112 671 2198 specium
692 2111 824 2178 duarum
846 2111 1088 2178 hebdomadum.
1131 2112 1254 2178 Mittam
1275 2132 1334 2197 ego
1355 2132 1424 2179 cras
1444 2112 1487 2179 ad

179 2224 212 2280 te
234 2216 343 2280 literas
362 2224 505 2300 apertas,
531 2214 588 2279 sed
610 2233 679 2279 men
696 2214 805 2296 aliquo
825 2214 1019 2298 subrepticio
1044 2214 1152 2297 signo,
1182 2214 1264 2280 sicut
1294 2234 1393 2297 nuper
1420 2224 1487 2280 erat

178 2319 314 2399 factum,
344 2316 480 2384 delicate
508 2316 754 2399 consignandas.
802 2316 896 2381 Libet
924 2325 956 2381 ct
986 2316 1060 2381 licet
1083 2315 1174 2382 vobis
1200 2336 1323 2399 quoqne
1349 2316 1487 2383 scribere

179 2421 314 2486 materie
334 2441 373 2486 ex
395 2419 523 2501 ingenio
537 2426 640 2485 vestro
651 2419 848 2502 deprompta.
889 2418 973 2495 Scio,
994 2440 1055 2483 non
1074 2418 1198 2503 pigebit
1211 2438 1312 2501 neque
1333 2419 1489 2503 penitebit

179 2543 238 2589 vos
257 2522 431 2589 amicitiam
454 2542 524 2587 curn
537 2521 641 2587 Αἰᾱο2
662 2522 866 2586 contraxisse.
909 2521 1089 2601 designabo
1111 2539 1229 2605 pancos
1250 2520 1347 2587 libros
1358 2528 1389 2587 et
1402 2530 1488 2587 ente-

179 2645 275 2709 qnam
296 2624 339 2690 ad
361 2644 411 2689 me
431 2624 580 2702 ferantur,
600 2622 691 2689 vobis
713 2623 847 2706 pretinm
861 2621 1084 2687 denumerabo.
1126 2622 1176 2686 De
1194 2622 1245 2688 bis
1266 2622 1428 2705 hactenns,
1449 2642 1490 2687 ne

180 2728 258 2793 mibi
281 2728 369 2811 prius
388 2728 485 2791 abeat
504 2723 611 2792 scriba
630 2745 725 2808 quam
746 2724 825 2789 volo.
868 2723 965 2789 iubeo
987 2744 1043 2789 vos
1063 2724 1182 2807 optimc
1203 2725 1317 2792 valere.

252 2846 765 2899 thdwnrinl.r48.r01.27v-28r.
854 2848 930 2893 Gedr.
958 2847 980 2893 b.
998 2847 1032 2893 'l'e
1055 2850 1078 2895 S.
1097 2847 1138 2894 42.
1169 2864 1212 2895 reu
1235 2849 1306 2907 Quod
1328 2856 1413 2896 antem
1440 2864 1489 2895 sor·

182 2936 269 2968 mones
286 2921 322 2968 bia
339 2920 490 2967 doctoribus.

253 3021 265 3047 ¹
282 3028 316 3072 Ta
333 3025 488 3087 Hieronymi.
559 3008 572 3045 ὴ
591 3026 623 3071 T:
642 3025 715 3070 bons.

184 3232 243 3300 39.
265 3231 309 3303 ii.
333 3250 378 3298 an
399 3228 535 3301 Urban.
843 3227 976 3313 (dotia
988 3229 1093 3300 1505.
1117 3230 1189 3298 Vor
1202 3230 1490 3319 Weibnacbten.)

255 3357 317 3403 lint.
338 3357 412 3403 theiit
432 3356 488 3402 dem
506 3355 592 3402 Urban
611 3354 671 3415 mit,
695 3354 752 3400 daea
776 3367 805 3401 ar
822 3354 873 3401 ibm
897 3369 926 3401 zu
951 3354 1007 3401 dem
1032 3356 1248 3403 bercrstebenden
1263 3356 1491 3409 Weiirnnchtat'estc

185 3429 241 3474 eina
260 3427 409 3473 lateiniscbe
429 3426 532 3486 Prodigt
549 3425 643 3471 senden
665 3424 754 3472 werde.

267 3524 473 3591 Benevolenti
495 3522 698 3589 snoiienrico
718 3521 889 3600 Urbano,
910 3524 979 3589 viro
1001 3524 1194 3607 periiterato,
1213 3524 1373 3590 Mucianus
1384 3522 1492 3590 Rufus.

265 3627 297 3692 S.
330 3626 464 3710 Appetit
483 3626 554 3690 dies
577 3625 721 3690 Mariano
742 3626 906 3710 partionis.
950 3626 1028 3706 Ego,
1049 3626 1224 3708 qniamens
1246 3646 1281 3692 es
1296 3627 1493 3708 auxiliarius,

183 3732 300 3798 nedum
321 3729 535 3809 consiliarius,
560 3727 644 3793 dabo
665 3746 840 3791 sermonem
868 3748 888 3792 a
911 3734 942 3792 te
970 3726 1149 3793 dicendum.
1193 3728 1321 3793 Utinam
1343 3728 1397 3793 die
1421 3728 1493 3793 inne

184 3832 334 3897 nuncium
353 3831 512 3906 haberem,
534 3848 607 3893 nam
629 3848 699 3894 cras
719 3836 794 3913 post
813 3829 978 3897 meridiem
1001 3830 1153 3915 incipiam
1174 3850 1371 3915 componere.
1412 3832 1493 3895 Arna
1573 3852 1580 3864 ·

185 3954 251 3999 rem
273 3934 416 4012 latinam,
436 3934 470 3996 in
484 3950 666 4014 quaomnes
689 3931 769 3995 bone
791 3932 899 3996 insunt
919 3936 1012 3997 artes.
1054 3930 1155 3995 Extra
1175 3951 1268 4014 qnam
1281 3932 1424 4015 quisquis
1437 3940 1495 4013 est,

184 4034 316 4121 pntidns
336 4044 384 4101 est
404 4041 435 4099 et
456 4034 610 4098 barbarus
630 4040 662 4098 et
680 4040 816 4116 nugator
837 4034 983 4116 ignavus.
1023 4034 1111 4099 Vale.

257 4158 437 4206 Handscbriitl.
456 4158 476 4203 1¹⁸
495 4157 536 4204 44.
556 4156 667 4203 sol.28r.

249 4370 261 4413 ¹
284 4374 378 4429 Psalrn
396 4373 433 4427 23
455 4374 522 4430 v.1.
604 4368 619 4411 2
639 4373 702 4444 vgi.
720 4366 1182 4429 Br.12.13.14.23.24.25.34.

243 4679 491 4733 mammaeae
508 4679 589 4723 xvrn.
