3625 5192
660 349 750 406 Brieie
768 351 888 407 Mutiarrs
910 351 951 406 52.
971 351 1012 406 53.
1455 350 1489 406 69

181 498 241 569 53.
264 497 309 569 ll.
323 515 368 564 un
384 497 520 570 Ilrbun.
1089 497 1206 566 (iotha
1219 499 1322 578 1507,
1345 497 1414 566 llnl
1436 501 1491 570 lb.

252 609 314 655 Mur.
325 610 419 656 lordort
431 611 516 657 Urhan
537 611 586 670 uus,
605 611 650 656 das
669 610 756 657 chen
775 610 818 657 des
828 611 936 670 heiligen
947 611 1078 658 Berruhard
1088 626 1138 658 von
1148 610 1282 658 Clairvaux
1301 625 1330 656 zu
1349 611 1489 658 schreibon.

181 680 217 728 Er
235 682 297 728 sollo
317 680 458 741 ilbcrhaupt
475 680 566 742 licissig
583 680 784 741 sehrittstellern,
802 680 867 728 habe
885 697 913 728 er
931 682 994 728 doeh
1013 681 1069 729 eine
1090 680 1211 728 trotflteho
1225 681 1309 728 Stritze
1327 681 1354 727 in
1366 681 1487 742 Spelatiu.

267 778 407 844 ilenrico
428 778 605 860 Urbano,
626 797 777 844 economo
797 785 830 842 et
850 778 1008 844 sacerdoti
1030 779 1158 862 optimo,
1182 777 1341 844 llutiarnrs
1361 779 1469 846 Rufus.

262 880 295 946 S.
329 881 463 946 Fructus
484 880 607 963 ingenii
626 887 691 945 tum
709 881 848 946 maxime
869 881 1009 964 eapitur,
1030 899 1124 962 quum
1145 879 1176 944 iu
1199 881 1374 966 proximum
1395 900 1491 962 quen-

179 1002 243 1066 que
263 983 431 1048 confertur.
472 983 557 1062 Quid
578 983 677 1065 igitur
698 981 828 1048 cessas?
869 982 933 1048 Cur
963 1001 1024 1048 uon
1046 983 1160 1048 scribis
1181 983 1279 1048 vitam
1306 982 1374 1048 divi
1395 983 1491 1049 Bern-

179 1083 275 1149 nrdi?
313 1085 429 1150 Moneo
449 1091 481 1150 te
503 1091 536 1149 ut
557 1085 695 1166 tratrem,
717 1085 823 1150 hortor
839 1093 874 1148 ut
894 1085 1129 1158 amicissimum,
1150 1085 1243 1150 faveo
1264 1084 1322 1150 tihi
1348 1092 1383 1149 ut
1403 1085 1489 1152 mihi.

179 1187 306 1252 Seimsu
332 1187 440 1252 omnia
466 1193 522 1252 tue
543 1205 613 1253 esse
634 1193 734 1268 tersa,
763 1185 876 1251 limata
905 1185 999 1252 etad
1020 1185 1161 1269 regulam
1184 1186 1369 1270 compositu.
1410 1187 1490 1254 Sunt

180 1288 243 1354 hec
262 1307 397 1372 magne,
424 1287 536 1354 sedin
557 1287 639 1369 ulio,
667 1288 701 1354 in
723 1296 755 1353 te
776 1307 851 1352 vero
872 1288 1013 1369 minima,
1035 1289 1064 1355 si
1085 1289 1197 1353 ceteris
1218 1288 1389 1354 virtutibus
1410 1309 1491 1354 com-

178 1398 339 1476 parentur.
381 1390 477 1472 Cato,
497 1390 590 1472 quia·
610 1390 778 1454 multarum
798 1409 900 1454 rerum
922 1409 1012 1454 usum
1034 1389 1165 1454 haberet
1185 1390 1346 1472 multaque
1367 1391 1437 1456 eius
1459 1398 1492 1458 et

180 1492 215 1557 in
238 1500 352 1558 senatu
380 1499 412 1557 et
440 1493 474 1557 iu
502 1492 569 1558 loro
588 1493 641 1556 vel
662 1492 791 1576 provisa
812 1492 984 1576 prudenter
1004 1493 1053 1557 vul
1075 1497 1147 1556 acta
1173 1498 1353 1557 constanter
1373 1492 1424 1557 vel
1445 1513 1491 1558 re·

179 1615 300 1680 sponsa
321 1602 413 1661 acute
433 1594 624 1675 ferebantur,
647 1595 828 1678 appellatus
849 1603 898 1659 est
918 1595 1057 1680 sapiens,
1099 1594 1195 1658 Eratl
1217 1594 1314 1660 etiam
1326 1595 1358 1657 in
1370 1595 1490 1660 Catone

179 1697 371 1762 inexhausta
396 1697 536 1761 aviditas
565 1696 692 1778 legendi
718 1715 776 1761 nec
802 1697 912 1760 satiari
941 1701 1079 1779 poterat,
1108 1698 1228 1781 quippe
1249 1698 1302 1780 qui
1325 1717 1364 1762 ne
1387 1716 1490 1781 repre-

184 1800 370 1864 hensionem
389 1799 518 1881 quidem
540 1798 629 1881 vulgi
649 1798 777 1862 inanem
798 1796 1008 1863 reformidans
1028 1799 1061 1864 in
1081 1798 1152 1882 ipsa
1173 1817 1249 1882 sepe
1271 1799 1358 1864 curia
1378 1799 1493 1864 aderet

181 1902 298 1982 legere,
318 1900 393 1966 dum
414 1907 543 1965 senatus
563 1907 736 1982 cogeretur.
778 1899 826 1962 Tu
852 1919 977 1982 quoque
998 1908 1111 1964 natura
1131 1907 1163 1965 et
1184 1900 1322 1966 moribus
1345 1908 1378 1965 ut
1395 1902 1489 1986 pauci

181 2009 214 2070 et
234 2009 269 2068 ut
287 2003 472 2087 Spoletinus
493 2008 600 2067 uoster
619 2001 724 2066 studio
745 2009 777 2066 et
796 2000 942 2066 doctrina
958 2001 1223 2086 sapientissimus,
1243 1999 1269 2066 si
1292 2004 1324 2067 in
1345 2010 1398 2067 tuo
1418 2009 1489 2069 cetu

181 2105 379 2190 providendo
400 2110 432 2170 et
458 2103 584 2186 egendo
606 2104 759 2169 Catonem
780 2104 865 2186 agis,
893 2104 1069 2169 imitaberis
1090 2104 1186 2170 etiam
1213 2103 1379 2170 scribendo
1401 2105 1489 2170 illum

179 2208 325 2274 divinum
344 2215 376 2274 et
387 2207 582 2290 singularem
592 2207 703 2270 virum.
748 2205 834 2270 ldem
851 2205 935 2270 enim
951 2211 1064 2282 orator,
1087 2206 1171 2272 idem
1190 2205 1320 2271 historie
1338 2206 1490 2287 conditor,

181 2309 267 2376 idem
290 2310 381 2384 iuris,
406 2309 490 2374 idem
511 2327 613 2372 rerum
636 2307 821 2372 rusticarum
845 2307 1056 2391 peritissimus
1077 2309 1145 2373 fuit.
1188 2309 1323 2393 Scripsit
1343 2308 1490 2391 Origines

180 2413 351 2493 ltalorum,
379 2410 560 2494 scripsisset
580 2410 735 2490 originem
755 2409 801 2473 tui
827 2408 963 2484 ordinis,
992 2410 1020 2474 si
1051 2417 1154 2475 tecum
1174 2412 1296 2475 viveret
1316 2416 1348 2474 et
1367 2409 1408 2474 de
1428 2430 1490 2493 quo

181 2517 268 2580 tonte
290 2514 458 2598 capiteque
477 2510 821 2576 manaritOisterciuna
842 2511 946 2593 pietas
962 2517 994 2575 et
1014 2511 1283 2576 ceteraBernardi
1305 2519 1491 2578 ornamenta

179 2617 317 2697 notiora,
337 2616 483 2695 clariora,
503 2612 773 2680 maioraiecisset.
815 2611 929 2677 Excita
943 2619 974 2676 te
994 2613 1106 2697 ipsum.
1154 2612 1263 2680 Habes
1280 2613 1490 2695 Spoletinum,

179 2739 244 2802 quo
266 2717 346 2782 nihil
366 2717 486 2798 verius,
514 2714 697 2794 candidius,
724 2713 910 2799 simplicius,
931 2712 1056 2780 fidelius
1075 2721 1107 2778 et
1128 2715 1161 2778 iu
1182 2714 1368 2782 liberalibus
1391 2715 1491 2781 literis

179 2820 369 2904 diligentius
400 2818 483 2885 novi.
525 2817 647 2899 Collige
670 2815 780 2881 laudes
802 2816 951 2898 religiose
971 2817 1167 2897 solitudinis,
1193 2817 1386 2903 cupiditates
1404 2816 1488 2882 theo-

181 2924 325 3004 logorum
346 2941 498 3006 oppugna
526 2926 557 2983 et
578 2938 768 3001 quamquam
795 2916 927 2983 honeste
947 2918 1039 2984 factis
1062 2921 1179 2985 veritas
1200 2920 1328 2996 sufficit,
1356 2919 1491 2985 colenda

182 3035 289 3090 tanuen
318 3031 367 3089 est
392 3023 585 3100 urbanitate,
600 3029 671 3100 tua,
697 3040 793 3103 quam
814 3020 913 3086 Stoici
936 3021 1083 3087 virtutem
1109 3023 1190 3088 inter
1216 3022 1438 3087 scurrilitatem
1459 3031 1491 3087 et

181 3126 401 3192 austeritatem
412 3124 619 3196 collocabant,
641 3122 1032 3207 grecel.,.appellantes.
1076 3124 1310 3190 lnstrueaciem
1331 3131 1491 3191 etcornua

183 3235 295 3296 contra
317 3227 512 3292 Pontauum2
533 3231 565 3290 et
590 3225 745 3290 lsiacum³
766 3223 956 3308 sophistam,
986 3243 1115 3306 quornm
1138 3227 1223 3309 prior
1243 3225 1414 3292 monachos
1438 3226 1490 3290 de-

181 3331 280 3412 ridet,
309 3329 462 3415 posterior
487 3327 641 3393 adversus
668 3325 805 3390 officium
832 3324 906 3392 boni
929 3325 1109 3410 philosophi
1136 3329 1269 3410 pecunie
1290 3328 1419 3409 servire,
1439 3329 1490 3394 cui

181 3431 403 3518 imperandum
428 3438 491 3512 est,
518 3430 612 3512 oepit.
659 3428 831 3493 Prescribit
852 3428 937 3492 enim
959 3428 1175 3514 philosophia,
1202 3439 1235 3494 ut
1257 3430 1326 3494 sine
1353 3430 1491 3495 auranitis

181 3538 342 3609 vivamus,
363 3533 448 3618 quod
468 3541 517 3598 est
538 3532 720 3612 maximum,
741 3537 774 3595 nt
795 3530 899 3612 inquit
921 3529 1091 3600 Vitruvius,
1133 3531 1309 3597 Pontanum
1336 3531 1492 3597 subvertit

182 3641 308 3704 Seneca
328 3645 360 3701 et
375 3637 595 3720 llieronymus.
637 3634 699 3698 llic
718 3651 832 3697 causus
852 3639 1025 3714 enumerat,
1047 3653 1101 3698 cur
1121 3636 1224 3700 sancti
1243 3641 1349 3719 patres
1371 3633 1492 3700 relictis

183 3740 316 3806 urbibus
343 3741 375 3803 in
400 3737 588 3803 solitudines
614 3755 773 3801 uentorum
801 3733 1034 3800 mnfluxerinu.
1085 3735 1141 3802 llle
1168 3736 1241 3818 „qui
1262 3738 1359 3817 vult“,
1380 3736 1493 3818 inquit,

183 3863 274 3925 „eum
303 3841 524 3906 innocentibus
546 3840 670 3912 vivere,
701 3836 901 3902 solitudinem
934 3839 1051 3921 petat‘.
1100 3838 1283 3923 sophistam
1311 3858 1386 3902 vero
1413 3838 1490 3902 lucri

183 3944 333 4030 cupidum
355 3943 402 4008 sie
422 3943 507 4008 idem
529 3949 638 4007 auctor
658 3939 820 4022 obiurgat:
841 3938 946 4021 „Quid
968 3939 1094 4006 stultius
1114 3960 1209 4023 quam
1230 3942 1297 4006 vita
1319 3941 1492 4006 inclinante

254 4065 266 4091 ²
284 4070 318 4115 Te
338 4069 387 4128 qui.
460 4052 472 4086 b
491 4067 525 4112 Te
542 4066 585 4111 bae
603 4066 665 4110 nutele
683 4079 769 4124 grece,
793 4080 827 4110 uro
848 4064 874 4110 rhr
894 4065 920 4109 F
933 4065 984 4110 et'rte
1003 4065 1082 4112 Lt't'edc
1100 4066 1143 4124 t'ui,
1167 4054 1357 4128 εὖχημοσῦνηνῗ
1428 4057 1438 4084 ⁰
1458 4065 1492 4110 Te

186 4141 366 4187 uorrlluxerunt.

255 4351 265 4392 ¹
287 4353 354 4424 Vgl.
374 4350 472 4407 Cicero
494 4353 528 4407 de
549 4351 594 4406 fin.
616 4351 697 4406 nit
740 4348 917 4408 tichomus
939 4351 1074 4406 doviuuus
1095 4349 1238 4404 Pontunus
1259 4345 1491 4418 (uteo-150&

189 4433 682 4504 „dasllanptderrreupolitanisehcu
705 4431 838 4488 Dichter·
859 4433 916 4486 uud
937 4429 1307 4500 Philosophenalrudcmien“
1332 4429 1440 4483 sehcint
1461 4429 1489 4481 in

186 4514 279 4569 seinen
307 4513 446 4585 Dialogen
467 4515 516 4567 das
533 4513 697 4568 Miiuohtum
718 4531 767 4585 urg
786 4519 940 4582 verspottet
959 4530 992 4566 zu
1013 4511 1113 4566 haben.
1156 4505 1489 4567 ³J0doou'1'rutfetter

186 4611 240 4649 uon
260 4593 407 4665 Fisenach,
428 4593 525 4648 descen
546 4592 679 4668 Geldgier
699 4593 806 4649 Mutina
830 4593 992 4649 wiedcrholt
1011 4593 1143 4648 eruiihnt.
1184 4590 1247 4664 vgt
1270 4589 1317 4643 Br.
1340 4587 1367 4644 4.
1387 4587 1433 4644 30.
