3625 5192
323 343 374 394 314
691 340 950 407 (ieschichtsquellcn
970 339 1018 392 der
1036 338 1109 390 Pron.
1129 337 1249 392 Sarhsen.

320 493 378 554 hus
400 486 452 555 vel
474 490 644 570 symposiis
664 490 715 551 vel
736 489 810 552 aliis
836 487 1066 568 congressibus.
1100 485 1315 567 Megahachol
1344 485 1438 550 dabis
1465 487 1627 563 viaticum,

319 593 435 669 idest,
463 591 624 655 literarum
644 589 765 671 aliquid
787 590 828 652 ad
853 591 953 670 viam,
982 590 1065 654 nosti
1087 609 1160 652 vcro
1181 589 1281 668 viam,
1305 590 1338 652 iu
1361 609 1453 671 quern
1482 588 1626 668 ludebas,

319 713 389 758 eum
415 713 476 774 ego
503 693 557 756 via
582 695 661 756 satis
680 692 803 757 diliicili
823 713 845 756 a
865 693 920 756 via
940 691 982 756 ad
1004 699 1035 756 te
1056 691 1271 772 divertissem,
1293 693 1405 756 necin
1427 693 1481 755 via
1501 709 1625 772 equirm,

319 801 354 858 nt
374 795 428 857 via
448 804 517 858 erat
538 794 695 876 pollicita,
720 795 917 877 reperissem.
966 793 1029 858 Sed
1052 813 1149 876 pecco
1170 793 1201 857 in
1222 795 1445 875 grammatica,
1464 794 1517 874 qui
1541 794 1626 856 viam

319 898 427 962 nescio
452 898 625 961 masculum
654 917 737 972 esse,
767 917 829 961 non
855 897 1038 969 foeminam,
1066 915 1173 959 verum
1199 903 1231 958 lu
1258 897 1339 958 hanc
1364 897 1449 958 viam
1471 901 1503 958 et
1523 894 1628 958 hune2

319 1002 404 1065 viam
428 1001 548 1082 primus
562 999 738 1079 ostendisti,
758 999 903 1080 adquem
919 999 947 1062 si
962 999 1091 1078 scribes,
1112 1017 1162 1061 me
1181 1017 1303 1080 quoquc
1316 997 1510 1061 commenda.
1544 997 1627 1060 Nom

320 1103 397 1167 mihi
429 1122 657 1185 supervacuum
689 1101 856 1167 videbatur
886 1101 981 1164 toties
1011 1120 1061 1164 me
1090 1101 1192 1182 ipsum
1223 1119 1324 1164 ursam
1349 1118 1477 1164 causam
1503 1117 1628 1180 semper

319 1205 426 1288 apud·
451 1204 586 1268 cundem
611 1224 721 1285 agore,
750 1204 895 1285 quamvis
922 1203 954 1267 id
981 1202 1107 1283 quidem
1129 1204 1207 1266 satis
1228 1201 1432 1284 contemptim
1454 1209 1486 1264 ct
1506 1200 1628 1264 subira-

320 1314 370 1372 tus
399 1307 453 1371 isti
474 1308 623 1390 Soytieae
655 1306 813 1371 barbariei
841 1307 946 1370 lacere
973 1306 1102 1370 soleam.
1150 1304 1234 1382 Quid
1261 1305 1345 1368 enim
1367 1303 1450 1385 spei,
1472 1302 1542 1379 uhi,
1565 1301 1628 1364 nisi

320 1409 522 1474 vehementer
545 1409 644 1473 literis
664 1411 800 1492 ineptus,
824 1407 908 1473 baud
924 1409 1018 1473 facile
1033 1407 1118 1490 apud
1130 1406 1344 1491 ineptissimos
1357 1404 1530 1468 emerseris.
1563 1403 1628 1467 Sed

321 1511 400 1574 baec
426 1512 459 1574 in
485 1529 591 1574 aurem
616 1511 692 1592 tihi,
722 1530 903 1592 quanquam
936 1509 1133 1592 Megabacho
1166 1507 1397 1572 communicare
1429 1511 1495 1568 tuto
1527 1513 1630 1588 potes,

321 1612 439 1676 homini
472 1619 505 1678 et
536 1613 599 1677 lide
629 1632 752 1676 summo
778 1620 811 1676 et
838 1612 879 1674 ad
909 1611 1048 1676 celanda
1076 1619 1197 1676 secreta
1226 1617 1315 1691 nato,
1345 1616 1410 1673 turn
1444 1608 1568 1689 integro
1596 1613 1631 1671 et

320 1714 483 1795 utriusque
505 1723 645 1780 nostrum
665 1715 891 1779 amantissimo.
929 1713 1041 1778 Saluta
1062 1714 1264 1778 Marcellum3
1287 1721 1382 1790 tuum,
1404 1712 1466 1774 imo
1488 1717 1628 1774 nostrum

319 1837 395 1880 nsm
416 1823 449 1882 et
475 1836 583 1882 amare
609 1837 667 1882 nos
692 1817 818 1881 videtur
844 1822 875 1880 et
895 1815 1006 1879 scribit
1027 1816 1189 1898 eleganter
1210 1814 1251 1877 ad
1273 1833 1346 1893 nos,
1371 1813 1494 1877 felicem
1516 1819 1548 1876 te
1570 1811 1630 1875 tali

320 1918 396 1983 hero
424 1919 519 1983 istum
545 1925 710 2002 tantopere
731 1919 793 1982 tuis
814 1918 961 1999 vestigiis
982 1918 1176 1999 inherentem
1200 1917 1356 1982 servulum
1378 1914 1443 1994 vel,
1464 1913 1492 1978 si
1515 1913 1630 1992 inavis,

318 2021 475 2100 libertum,
496 2021 590 2086 credo
609 2021 693 2085 enim
710 2020 742 2084 id
758 2028 790 2083 et
807 2029 838 2085 te
855 2027 887 2084 et
908 2021 1012 2102 ipsum
1027 2021 1122 2084 malle
1138 2025 1169 2082 et
1184 2027 1232 2082 est
1249 2017 1281 2082 id
1293 2017 1429 2079 nominis
1445 2016 1501 2078 tali
1520 2010 1632 2080 indole'

320 2123 459 2204 dignius.
510 2123 596 2187 Bene
626 2122 715 2202 vale,
748 2122 791 2185 mi
822 2122 1007 2188 charissime
1032 2123 1128 2202 Rul'e,
1160 2126 1192 2186 el
1218 2141 1285 2200 me,
1315 2118 1398 2200 quod
1428 2119 1522 2198 lincis,
1557 2139 1632 2181 con-

322 2233 443 2290 stanter
464 2245 545 2288 ama.

401 2327 582 2410 Erphurdie
602 2327 656 2392 die
676 2328 760 2393 Petri
779 2330 812 2391 in
835 2328 980 2393 vinculis.
1015 2326 1182 2390 MDXXV.

391 2451 464 2498 Gedr.
488 2449 513 2508 1)
532 2451 595 2497 Eub.
615 2451 702 2497 llossi.
716 2484 740 2498 ..
759 2467 797 2511 ep.
817 2453 873 2497 iam.
893 2452 916 2498 S.
931 2450 1016 2496 6-7.
1035 2472 1069 2482 -
1089 2447 1114 2504 2)
1133 2448 1174 2494 Tz.
1194 2447 1247 2494 sor.
1266 2462 1302 2506 ep.
1322 2445 1383 2491 blut.
1400 2447 1423 2492 S.
1437 2444 1557 2492 tlt-66.

391 2550 402 2577 ¹
421 2559 454 2603 Tz
472 2558 513 2605 ad.

922 2623 1072 2630 .--——-

323 2699 403 2777 6²28.
426 2705 470 2778 11.
493 2724 539 2772 an
558 2705 680 2772 Eobsn
704 2705 851 2772 llcssus.
1083 2703 1200 2770 (lotha
1221 2702 1315 2771 1525.
1350 2700 1559 2783 September
1576 2699 1630 2768 12.

393 2831 456 2875 hlnt.
483 2831 596 2877 hestitrkt
624 2830 673 2876 don
695 2830 787 2876 liossus
814 2830 841 2875 in
865 2829 947 2875 seincr
972 2827 1035 2874 iihcr
1058 2828 1098 2872 dia
1122 2825 1299 2872 Verkleincrer
1326 2824 1369 2869 des
1397 2823 1512 2868 Erasmus
1540 2837 1629 2881 ausge-

324 2902 480 2961 sproehcnon
498 2900 618 2958 hieinung
641 2901 691 2946 und
716 2901 786 2946 kann
810 2900 880 2946 nieht
902 2899 995 2958 fiudcn,
1021 2898 1077 2943 dass
1095 2897 1140 2943 dor
1158 2895 1263 2941 Dichter
1281 2894 1326 2940 das
1344 2893 1409 2939 Mass
1427 2893 1471 2939 des
1490 2892 1631 2938 Erlsuhtcu

322 2973 349 3017 in
368 2972 463 3017 acinam
482 2970 595 3029 Angriffa
613 2971 721 3016 verlctzt
741 2970 813 3017 habe.

403 3070 563 3133 Mutianus
584 3067 715 3132 Eobano
737 3068 862 3132 Hesso
885 3069 915 3131 S.

404 3173 479 3235 Rem
493 3191 551 3235 acu
563 3171 707 3252 tetigisti,
728 3169 1078 3233 Eobaneornatissimc.
1112 3167 1223 3247 Neque
1236 3165 1320 3228 eninr
1342 3162 1525 3245 „Chcrilus4
1546 3162 1632 3227 male

323 3274 406 3339 natis
428 3273 591 3338 versibus“
613 3280 713 3350 ornat,
736 3271 791 3335 sed
813 3270 928 3335 deterit
944 3290 1059 3350 eorum,
1081 3288 1159 3351 quos
1176 3268 1294 3346 laudat,
1314 3268 1440 3330 famam.
1472 3262 1535 3329 Sed
1548 3265 1629 3345 quiid

322 3375 472 3440 Suffeno⁵
501 3376 603 3439 l‘acias
627 3393 724 3438 avaro
749 3373 892 3453 gloriae?
938 3373 1035 3436 Aliud
1064 3371 1182 3435 hahere
1207 3363 1399 3452 καταστροφὴ
1426 3367 1537 3432 debuit
1567 3368 1632 3428 dru-

321 3477 415 3542 νίκιον,
447 3477 611 3559 Expende,
630 3495 758 3558 quaeso,
778 3474 879 3540 flexus
896 3482 927 3539 et
943 3473 1176 3538 diverticulact
1190 3471 1313 3554 superis
1334 3479 1365 3536 et
1385 3471 1496 3535 inferis
1517 3469 1634 3534 odiosa

385 3684 397 3725 1
419 3687 554 3755 „ioannes
575 3687 766 3742 hicekeubaeh
787 3688 822 3741 de
838 3685 1081 3758 Spangeirbe1·eh“,
1101 3684 1152 3736 wie
1173 3683 1232 3736 sein
1253 3680 1342 3735 Name
1363 3679 1391 3732 in
1403 3677 1634 3734 derStndcnten-

324 3767 455 3822 mol-rikel
474 3767 569 3834 hoisst,
590 3769 722 3822 studierte
744 3768 797 3820 seit
817 3767 901 3822 lllich.
925 3765 1000 3818 1516
1023 3765 1051 3818 in
1076 3762 1171 3817 Erfurt
1193 3761 1248 3814 und
1270 3760 1392 3830 erlaugte
1413 3758 1536 3812 dasclbst
1552 3757 1632 3811 1521

324 3849 369 3902 die
391 3847 626 3917 hiagisteruiirde,
645 3848 753 3901 womuf
771 3865 800 3901 cr
819 3847 926 3900 Rcktor
947 3847 995 3900 der
1025 3861 1112 3899 neuen
1136 3843 1222 3898 Bur-se
1252 3841 1351 3893 wirrde.
1402 3837 1477 3890 1528
1506 3839 1576 3909 ging
1605 3857 1638 3892 er

323 3946 385 3982 zum
406 3926 533 3980 Studium
555 3928 604 3980 der
624 3928 742 3982 Medizin
764 3928 836 3982 nach
857 3928 957 3981 Italien
980 3927 1035 3978 und
1056 3925 1148 3977 wurde
1169 3918 1637 3990 dannlteibarztdeslsaudgmfcn

323 4027 376 4064 von
404 4008 517 4062 llessen.
559 4007 612 4060 ulit
637 4009 741 4062 Hessus
767 4026 823 4062 war
849 4025 878 4062 er
903 4025 957 4078 eng
983 4005 1153 4060 hefreundet.
1195 4001 1259 4073 Vgl.
1282 3999 1395 4054 Krause.
1427 3997 1456 4052 E.
1480 3999 1588 4053 Hessus
1614 3997 1640 4066 i,
1790 4021 1791 4076 ᾗ

323 4087 382 4142 234
392 4088 421 4141 ff.
1790 4081 1791 4152 l

1790 4213 1791 4242 l

1790 4247 1791 4276 l

385 4164 399 4206 ²
420 4169 486 4223 Man
507 4171 614 4224 erfdhrt
635 4168 721 4236 nieht,
742 4138 833 4224 wohin
855 4167 1059 4238 Megabocchus
1080 4165 1185 4218 damals
1206 4129 1294 4216 roisen
1317 4159 1415 4214 sollte.

385 4243 581 4304 3J0hannnes
601 4250 758 4303 Marcellus.
800 4247 864 4318 Vgl.
888 4247 1008 4302 81:525
1029 4245 1056 4302 S.
1069 4245 1127 4296 308
1150 4243 1222 4296 Anm
1243 4242 1268 4296 2.

384 4323 500 4383 lunen
518 4329 607 4384 Horaz
636 4331 684 4399 Ep.
709 4330 745 4386 ll.
770 4329 794 4384 1.
816 4328 881 4382 233.
925 4326 1080 4380 DcrNarne
1095 4325 1161 4376 wird
1177 4319 1641 4393 hsufigvonllutiangebrauehr,

326 4427 370 4462 um
393 4410 474 4463 einen
495 4409 690 4480 Versstiimper
709 4428 742 4463 nu
765 4409 942 4464 bezeichnen.
1435 4467 1437 4470 ,

386 4485 399 4525 5
421 4490 471 4540 Ein
499 4507 552 4542 von
574 4487 667 4543 Catuli
687 4489 783 4548 XXII.
807 4489 842 4542 18
869 4488 1025 4542 erwiihnter
1051 4481 1251 4554 eingebildctor
1272 4480 1460 4550 Dichterliug,
1492 4481 1544 4536 dei·
1565 4501 1642 4556 geru

325 4567 445 4623 fremdes
467 4569 615 4625 Verdieost
635 4570 808 4624 schmiilerto.
849 4567 932 4621 Auch
954 4568 982 4620 in
1004 4565 1117 4620 Br.300
1138 4571 1269 4636 genennt.
