<?xml version="1.0" encoding="UTF-8"?>
<!DOCTYPE html PUBLIC "-//W3C//DTD XHTML 1.0 Transitional//EN"
    "http://www.w3.org/TR/xhtml1/DTD/xhtml1-transitional.dtd">
<html xmlns="http://www.w3.org/1999/xhtml" xml:lang="en" lang="en">
 <head>
  <title>
</title>
<meta http-equiv="Content-Type" content="text/html;charset=utf-8" />
  <meta name='ocr-system' content='tesseract 3.04.00' />
  <meta name='ocr-capabilities' content='ocr_page ocr_carea ocr_par ocr_line ocrx_word'/>
</head>
<body>
  <div class='ocr_page' id='page_1' title='image "./derbriefwechsel00sachgoog_0477.png"; bbox 0 0 3625 5192; ppageno 0'>
   <div class='ocr_carea' id='block_1_1' title="bbox 301 327 1238 395">
    <p class='ocr_par' dir='ltr' id='par_1_1' title="bbox 301 327 1238 395">
     <span class='ocr_line' id='line_1_1' title="bbox 301 327 1238 395; baseline -0.006 -11"><span class='ocrx_word' id='word_1_1' title='bbox 301 330 355 384; x_wconf 77' lang='lat'>408</span> <span class='ocrx_word' id='word_1_2' title='bbox 675 328 936 395; x_wconf 77' lang='lat' dir='ltr'>Geschlcbtsquollon</span> <span class='ocrx_word' id='word_1_3' title='bbox 953 329 1002 380; x_wconf 91' lang='lat' dir='ltr'>der</span> <span class='ocrx_word' id='word_1_4' title='bbox 1020 327 1093 380; x_wconf 81' lang='lat' dir='ltr'>Pron.</span> <span class='ocrx_word' id='word_1_5' title='bbox 1114 327 1238 380; x_wconf 85' lang='lat' dir='ltr'>Sachsen.</span> 
     </span>
    </p>
   </div>
   <div class='ocr_carea' id='block_1_2' title="bbox 297 472 1610 1884">
    <p class='ocr_par' dir='ltr' id='par_1_2' title="bbox 297 472 1610 1682">
     <span class='ocr_line' id='line_1_2' title="bbox 301 472 1609 560; baseline -0.004 -16"><span class='ocrx_word' id='word_1_6' title='bbox 301 479 408 544; x_wconf 90' lang='lat' dir='ltr'>dicere</span> <span class='ocrx_word' id='word_1_7' title='bbox 428 497 490 542; x_wconf 93' lang='lat' dir='ltr'>non</span> <span class='ocrx_word' id='word_1_8' title='bbox 514 495 652 560; x_wconf 90' lang='lat' dir='ltr'>possum,</span> <span class='ocrx_word' id='word_1_9' title='bbox 673 476 902 541; x_wconf 88' lang='lat' dir='ltr'>saltaverintne</span> <span class='ocrx_word' id='word_1_10' title='bbox 923 495 964 540; x_wconf 90' lang='lat' dir='ltr'>an</span> <span class='ocrx_word' id='word_1_11' title='bbox 984 475 1183 540; x_wconf 87' lang='lat' dir='ltr'>cantaverint</span> <span class='ocrx_word' id='word_1_12' title='bbox 1199 475 1336 539; x_wconf 80' lang='lat' dir='ltr'>vestales</span> <span class='ocrx_word' id='word_1_13' title='bbox 1354 493 1476 556; x_wconf 72' lang='lat' dir='ltr'>amnes.</span> <span class='ocrx_word' id='word_1_14' title='bbox 1521 472 1609 555; x_wconf 85' lang='lat' dir='ltr'>Hem,</span> 
     </span>
     <span class='ocr_line' id='line_1_3' title="bbox 302 576 1610 661; baseline -0.001 -18"><span class='ocrx_word' id='word_1_15' title='bbox 302 579 406 661; x_wconf 80' lang='lat' dir='ltr'>amice,</span> <span class='ocrx_word' id='word_1_16' title='bbox 436 579 542 643; x_wconf 88' lang='lat' dir='ltr'>dicere</span> <span class='ocrx_word' id='word_1_17' title='bbox 576 579 669 644; x_wconf 89' lang='lat' dir='ltr'>volni.</span> <span class='ocrx_word' id='word_1_18' title='bbox 725 578 854 643; x_wconf 80' lang='lat' dir='ltr'>Veteres</span> <span class='ocrx_word' id='word_1_19' title='bbox 883 587 989 642; x_wconf 85' lang='lat' dir='ltr'>tamen</span> <span class='ocrx_word' id='word_1_20' title='bbox 1020 597 1038 641; x_wconf 93' lang='lat' dir='ltr'>u</span> <span class='ocrx_word' id='word_1_21' title='bbox 1071 597 1127 661; x_wconf 89' lang='lat' dir='ltr'>pro</span> <span class='ocrx_word' id='word_1_22' title='bbox 1159 577 1168 640; x_wconf 92' lang='lat' dir='ltr'>i</span> <span class='ocrx_word' id='word_1_23' title='bbox 1202 576 1412 658; x_wconf 82' lang='lat' dir='ltr'><strong>usurpabant:</strong></span> <span class='ocrx_word' id='word_1_24' title='bbox 1456 577 1530 641; x_wconf 88' lang='lat' dir='ltr'>bino</span> <span class='ocrx_word' id='word_1_25' title='bbox 1561 589 1610 642; x_wconf 86' lang='lat' dir='ltr'>est</span> 
     </span>
     <span class='ocr_line' id='line_1_4' title="bbox 300 680 1609 765; baseline -0.003 -19"><span class='ocrx_word' id='word_1_26' title='bbox 300 682 497 765; x_wconf 79' lang='lat' dir='ltr'>Amphutrno</span> <span class='ocrx_word' id='word_1_27' title='bbox 519 682 684 746; x_wconf 89' lang='lat' dir='ltr'>Plautinus</span> <span class='ocrx_word' id='word_1_28' title='bbox 702 688 734 745; x_wconf 88' lang='lat' dir='ltr'>et</span> <span class='ocrx_word' id='word_1_29' title='bbox 755 681 883 745; x_wconf 89' lang='lat' dir='ltr'>Illurius</span> <span class='ocrx_word' id='word_1_30' title='bbox 911 689 943 745; x_wconf 90' lang='lat' dir='ltr'>et</span> <span class='ocrx_word' id='word_1_31' title='bbox 964 680 1110 745; x_wconf 87' lang='lat' dir='ltr'>Purrhus.</span> <span class='ocrx_word' id='word_1_32' title='bbox 1153 680 1289 758; x_wconf 84' lang='lat' dir='ltr'><strong>Quidam</strong></span> <span class='ocrx_word' id='word_1_33' title='bbox 1312 680 1453 743; x_wconf 89' lang='lat' dir='ltr'>dicturos</span> <span class='ocrx_word' id='word_1_34' title='bbox 1471 680 1609 760; x_wconf 55' lang='lat' dir='ltr'>„antica</span> 
     </span>
     <span class='ocr_line' id='line_1_5' title="bbox 300 781 1607 866; baseline -0.003 -18"><span class='ocrx_word' id='word_1_35' title='bbox 300 784 409 849; x_wconf 87' lang='lat' dir='ltr'>salve“</span> <span class='ocrx_word' id='word_1_36' title='bbox 432 782 514 846; x_wconf 85' lang='lat' dir='ltr'>dixit</span> <span class='ocrx_word' id='word_1_37' title='bbox 535 783 695 862; x_wconf 87' lang='lat' dir='ltr'>„amuca.“</span> <span class='ocrx_word' id='word_1_38' title='bbox 737 783 785 846; x_wconf 86' lang='lat' dir='ltr'>Ex</span> <span class='ocrx_word' id='word_1_39' title='bbox 796 803 858 864; x_wconf 87' lang='lat' dir='ltr'>qno</span> <span class='ocrx_word' id='word_1_40' title='bbox 868 802 958 845; x_wconf 87' lang='lat' dir='ltr'>muza</span> <span class='ocrx_word' id='word_1_41' title='bbox 969 783 1055 866; x_wconf 88' lang='lat' dir='ltr'>cepit</span> <span class='ocrx_word' id='word_1_42' title='bbox 1066 783 1328 866; x_wconf 90' lang='lat' dir='ltr'>appellaoionem,</span> <span class='ocrx_word' id='word_1_43' title='bbox 1350 802 1412 846; x_wconf 91' lang='lat' dir='ltr'>non</span> <span class='ocrx_word' id='word_1_44' title='bbox 1424 782 1496 846; x_wconf 91' lang='lat' dir='ltr'>dico</span> <span class='ocrx_word' id='word_1_45' title='bbox 1508 781 1607 846; x_wconf 85' lang='lat' dir='ltr'>llusa.</span> 
     </span>
     <span class='ocr_line' id='line_1_6' title="bbox 300 879 1609 968; baseline 0 -20"><span class='ocrx_word' id='word_1_46' title='bbox 300 886 386 950; x_wconf 88' lang='lat' dir='ltr'>Satis</span> <span class='ocrx_word' id='word_1_47' title='bbox 407 885 571 966; x_wconf 90' lang='lat' dir='ltr'>intelligis.</span> <span class='ocrx_word' id='word_1_48' title='bbox 613 884 708 966; x_wconf 79' lang='lat' dir='ltr'>Quid,</span> <span class='ocrx_word' id='word_1_49' title='bbox 728 885 810 950; x_wconf 89' lang='lat' dir='ltr'>bone</span> <span class='ocrx_word' id='word_1_50' title='bbox 833 879 891 963; x_wconf 81' lang='lat' dir='ltr'>vir,</span> <span class='ocrx_word' id='word_1_51' title='bbox 912 883 967 950; x_wconf 88' lang='lat' dir='ltr'>liet</span> <span class='ocrx_word' id='word_1_52' title='bbox 982 903 1052 948; x_wconf 90' lang='lat' dir='ltr'>curn</span> <span class='ocrx_word' id='word_1_53' title='bbox 1069 883 1288 968; x_wconf 85' lang='lat' dir='ltr'>diplomate?l</span> <span class='ocrx_word' id='word_1_54' title='bbox 1331 884 1524 966; x_wconf 88' lang='lat' dir='ltr'>Brengbirus</span> <span class='ocrx_word' id='word_1_55' title='bbox 1547 904 1609 948; x_wconf 93' lang='lat' dir='ltr'>non</span> 
     </span>
     <span class='ocr_line' id='line_1_7' title="bbox 300 985 1608 1066; baseline -0.001 -15"><span class='ocrx_word' id='word_1_56' title='bbox 300 988 404 1051; x_wconf 89' lang='lat' dir='ltr'>habet.</span> <span class='ocrx_word' id='word_1_57' title='bbox 446 987 596 1066; x_wconf 85' lang='lat' dir='ltr'>Deooxit,</span> <span class='ocrx_word' id='word_1_58' title='bbox 619 986 727 1050; x_wconf 88' lang='lat' dir='ltr'>amisit</span> <span class='ocrx_word' id='word_1_59' title='bbox 748 985 895 1065; x_wconf 88' lang='lat' dir='ltr'>multum,</span> <span class='ocrx_word' id='word_1_60' title='bbox 918 994 952 1050; x_wconf 89' lang='lat' dir='ltr'>ut</span> <span class='ocrx_word' id='word_1_61' title='bbox 973 986 1065 1052; x_wconf 91' lang='lat' dir='ltr'>nosti.</span> <span class='ocrx_word' id='word_1_62' title='bbox 1107 986 1215 1050; x_wconf 82' lang='lat' dir='ltr'>Soceri</span> <span class='ocrx_word' id='word_1_63' title='bbox 1238 994 1366 1050; x_wconf 87' lang='lat' dir='ltr'>mortem</span> <span class='ocrx_word' id='word_1_64' title='bbox 1389 986 1534 1051; x_wconf 80' lang='lat' dir='ltr'>sitienter</span> <span class='ocrx_word' id='word_1_65' title='bbox 1556 1007 1608 1050; x_wconf 86' lang='lat' dir='ltr'>ex-</span> 
     </span>
     <span class='ocr_line' id='line_1_8' title="bbox 299 1087 1609 1172; baseline -0.002 -18"><span class='ocrx_word' id='word_1_66' title='bbox 299 1096 416 1172; x_wconf 87' lang='lat' dir='ltr'>pectat.</span> <span class='ocrx_word' id='word_1_67' title='bbox 457 1089 580 1154; x_wconf 78' lang='lat' dir='ltr'>Mortuo</span> <span class='ocrx_word' id='word_1_68' title='bbox 604 1088 702 1153; x_wconf 89' lang='lat' dir='ltr'>lbona</span> <span class='ocrx_word' id='word_1_69' title='bbox 722 1088 813 1151; x_wconf 90' lang='lat' dir='ltr'>divos</span> <span class='ocrx_word' id='word_1_70' title='bbox 834 1089 902 1152; x_wconf 91' lang='lat' dir='ltr'>orit.</span> <span class='ocrx_word' id='word_1_71' title='bbox 945 1087 1029 1166; x_wconf 81' lang='lat' dir='ltr'>Quid</span> <span class='ocrx_word' id='word_1_72' title='bbox 1058 1088 1130 1152; x_wconf 87' lang='lat' dir='ltr'>istic</span> <span class='ocrx_word' id='word_1_73' title='bbox 1158 1087 1287 1170; x_wconf 85' lang='lat' dir='ltr'>agitur?</span> <span class='ocrx_word' id='word_1_74' title='bbox 1327 1087 1411 1166; x_wconf 80' lang='lat' dir='ltr'>Quid</span> <span class='ocrx_word' id='word_1_75' title='bbox 1439 1089 1541 1152; x_wconf 79' lang='lat' dir='ltr'>lactus</span> <span class='ocrx_word' id='word_1_76' title='bbox 1560 1099 1609 1153; x_wconf 83' lang='lat' dir='ltr'>est</span> 
     </span>
     <span class='ocr_line' id='line_1_9' title="bbox 299 1188 1607 1271; baseline -0.001 -16"><span class='ocrx_word' id='word_1_77' title='bbox 299 1191 481 1257; x_wconf 76' lang='lat' dir='ltr'>Gecusus?2</span> <span class='ocrx_word' id='word_1_78' title='bbox 523 1189 607 1268; x_wconf 85' lang='lat' dir='ltr'>Quid</span> <span class='ocrx_word' id='word_1_79' title='bbox 621 1189 765 1254; x_wconf 79' lang='lat' dir='ltr'>blaius‘?³</span> <span class='ocrx_word' id='word_1_80' title='bbox 806 1188 981 1254; x_wconf 89' lang='lat' dir='ltr'>Herebordi</span> <span class='ocrx_word' id='word_1_81' title='bbox 993 1189 1113 1268; x_wconf 88' lang='lat' dir='ltr'>literas,</span> <span class='ocrx_word' id='word_1_82' title='bbox 1135 1190 1162 1252; x_wconf 94' lang='lat' dir='ltr'>si</span> <span class='ocrx_word' id='word_1_83' title='bbox 1175 1189 1288 1271; x_wconf 89' lang='lat' dir='ltr'>placet,</span> <span class='ocrx_word' id='word_1_84' title='bbox 1305 1189 1449 1270; x_wconf 84' lang='lat' dir='ltr'>obsigna.</span> <span class='ocrx_word' id='word_1_85' title='bbox 1490 1189 1607 1254; x_wconf 86' lang='lat' dir='ltr'>Gecnsi</span> 
     </span>
     <span class='ocr_line' id='line_1_10' title="bbox 297 1289 1608 1374; baseline 0.001 -18"><span class='ocrx_word' id='word_1_86' title='bbox 297 1291 412 1356; x_wconf 90' lang='lat' dir='ltr'>librum</span> <span class='ocrx_word' id='word_1_87' title='bbox 431 1293 521 1356; x_wconf 84' lang='lat' dir='ltr'>brevi</span> <span class='ocrx_word' id='word_1_88' title='bbox 543 1292 715 1369; x_wconf 83' lang='lat' dir='ltr'>remittam,</span> <span class='ocrx_word' id='word_1_89' title='bbox 748 1291 822 1354; x_wconf 90' lang='lat' dir='ltr'>item</span> <span class='ocrx_word' id='word_1_90' title='bbox 845 1289 1013 1373; x_wconf 66' lang='lat' dir='ltr'>exempla*</span> <span class='ocrx_word' id='word_1_91' title='bbox 1035 1297 1106 1366; x_wconf 87' lang='lat' dir='ltr'>tua,</span> <span class='ocrx_word' id='word_1_92' title='bbox 1127 1309 1188 1372; x_wconf 82' lang='lat' dir='ltr'>que</span> <span class='ocrx_word' id='word_1_93' title='bbox 1212 1291 1330 1356; x_wconf 81' lang='lat' dir='ltr'>Ianus⁵</span> <span class='ocrx_word' id='word_1_94' title='bbox 1352 1292 1495 1374; x_wconf 82' lang='lat' dir='ltr'>perlegit.</span> <span class='ocrx_word' id='word_1_95' title='bbox 1538 1292 1608 1374; x_wconf 81' lang='lat' dir='ltr'>Ego</span> 
     </span>
     <span class='ocr_line' id='line_1_11' title="bbox 297 1391 1609 1474; baseline 0.002 -16"><span class='ocrx_word' id='word_1_96' title='bbox 297 1394 413 1460; x_wconf 86' lang='lat' dir='ltr'>faciam</span> <span class='ocrx_word' id='word_1_97' title='bbox 436 1394 504 1460; x_wconf 89' lang='lat' dir='ltr'>Deo</span> <span class='ocrx_word' id='word_1_98' title='bbox 527 1395 667 1474; x_wconf 88' lang='lat' dir='ltr'>volente,</span> <span class='ocrx_word' id='word_1_99' title='bbox 696 1401 730 1456; x_wconf 89' lang='lat' dir='ltr'>ut</span> <span class='ocrx_word' id='word_1_100' title='bbox 750 1393 846 1456; x_wconf 88' lang='lat' dir='ltr'>lanus</span> <span class='ocrx_word' id='word_1_101' title='bbox 866 1391 922 1456; x_wconf 89' lang='lat' dir='ltr'>fiat</span> <span class='ocrx_word' id='word_1_102' title='bbox 943 1393 1085 1457; x_wconf 88' lang='lat' dir='ltr'>notarius</span> <span class='ocrx_word' id='word_1_103' title='bbox 1106 1393 1236 1474; x_wconf 83' lang='lat' dir='ltr'>elegans</span> <span class='ocrx_word' id='word_1_104' title='bbox 1257 1401 1289 1456; x_wconf 88' lang='lat' dir='ltr'>et</span> <span class='ocrx_word' id='word_1_105' title='bbox 1309 1392 1497 1458; x_wconf 78' lang='lat' dir='ltr'>causidicus.</span> <span class='ocrx_word' id='word_1_106' title='bbox 1539 1395 1609 1460; x_wconf 88' lang='lat' dir='ltr'>Hac</span> 
     </span>
     <span class='ocr_line' id='line_1_12' title="bbox 297 1494 1607 1588; baseline 0.002 -27"><span class='ocrx_word' id='word_1_107' title='bbox 297 1497 381 1564; x_wconf 87' lang='lat' dir='ltr'>eninr</span> <span class='ocrx_word' id='word_1_108' title='bbox 404 1504 488 1561; x_wconf 88' lang='lat' dir='ltr'>etate</span> <span class='ocrx_word' id='word_1_109' title='bbox 509 1515 611 1577; x_wconf 86' lang='lat' dir='ltr'>genus</span> <span class='ocrx_word' id='word_1_110' title='bbox 632 1495 692 1559; x_wconf 90' lang='lat' dir='ltr'>boc</span> <span class='ocrx_word' id='word_1_111' title='bbox 710 1494 871 1559; x_wconf 90' lang='lat' dir='ltr'>hominum</span> <span class='ocrx_word' id='word_1_112' title='bbox 893 1494 1071 1559; x_wconf 89' lang='lat' dir='ltr'>babeturin</span> <span class='ocrx_word' id='word_1_113' title='bbox 1084 1495 1199 1576; x_wconf 87' lang='lat' dir='ltr'>precio.</span> <span class='ocrx_word' id='word_1_114' title='bbox 1241 1495 1359 1588; x_wconf 81' lang='lat' dir='ltr'>Scribe,</span> <span class='ocrx_word' id='word_1_115' title='bbox 1381 1495 1607 1563; x_wconf 78' lang='lat' dir='ltr'>anFulcinus⁶</span> 
     </span>
     <span class='ocr_line' id='line_1_13' title="bbox 298 1597 1078 1682; baseline 0.001 -20"><span class='ocrx_word' id='word_1_116' title='bbox 298 1597 428 1662; x_wconf 88' lang='lat' dir='ltr'>redierit</span> <span class='ocrx_word' id='word_1_117' title='bbox 450 1618 468 1662; x_wconf 91' lang='lat' dir='ltr'>e</span> <span class='ocrx_word' id='word_1_118' title='bbox 491 1597 607 1682; x_wconf 89' lang='lat' dir='ltr'>patria.</span> <span class='ocrx_word' id='word_1_119' title='bbox 1075 1623 1078 1630; x_wconf 50' lang='lat'><strong>⁴</strong></span> 
     </span>
    </p>

    <p class='ocr_par' dir='ltr' id='par_1_3' title="bbox 380 1697 1169 1781">
     <span class='ocr_line' id='line_1_14' title="bbox 380 1697 1169 1781; baseline -0.005 -17"><span class='ocrx_word' id='word_1_120' title='bbox 380 1698 472 1780; x_wconf 85' lang='lat' dir='ltr'>Vale,</span> <span class='ocrx_word' id='word_1_121' title='bbox 498 1699 662 1764; x_wconf 84' lang='lat' dir='ltr'>carissime</span> <span class='ocrx_word' id='word_1_122' title='bbox 684 1707 716 1763; x_wconf 89' lang='lat' dir='ltr'>et</span> <span class='ocrx_word' id='word_1_123' title='bbox 737 1697 908 1763; x_wconf 88' lang='lat' dir='ltr'>reverende</span> <span class='ocrx_word' id='word_1_124' title='bbox 929 1698 1169 1781; x_wconf 81' lang='lat' dir='ltr'>patertarnilias</span> 
     </span>
    </p>

    <p class='ocr_par' dir='ltr' id='par_1_4' title="bbox 378 1800 979 1884">
     <span class='ocr_line' id='line_1_15' title="bbox 378 1800 979 1884; baseline -0.002 -18"><span class='ocrx_word' id='word_1_125' title='bbox 378 1801 485 1868; x_wconf 89' lang='lat' dir='ltr'>Pridie</span> <span class='ocrx_word' id='word_1_126' title='bbox 505 1801 581 1867; x_wconf 89' lang='lat' dir='ltr'>ldus</span> <span class='ocrx_word' id='word_1_127' title='bbox 601 1802 804 1884; x_wconf 80' lang='lat' dir='ltr'>Septembres</span> <span class='ocrx_word' id='word_1_128' title='bbox 826 1800 979 1865; x_wconf 83' lang='lat' dir='ltr'>ltlDXlll.</span> 
     </span>
    </p>
   </div>
   <div class='ocr_carea' id='block_1_3' title="bbox 369 1924 801 1974">
    <p class='ocr_par' dir='ltr' id='par_1_5' title="bbox 369 1924 801 1974">
     <span class='ocr_line' id='line_1_16' title="bbox 369 1924 801 1974; baseline -0.002 0"><span class='ocrx_word' id='word_1_129' title='bbox 369 1927 551 1974; x_wconf 76' lang='lat' dir='ltr'>Handsehriltl.</span> <span class='ocrx_word' id='word_1_130' title='bbox 570 1925 651 1973; x_wconf 72' lang='lat' dir='ltr'>Plus</span> <span class='ocrx_word' id='word_1_131' title='bbox 670 1926 712 1973; x_wconf 83' lang='lat' dir='ltr'>fol.</span> <span class='ocrx_word' id='word_1_132' title='bbox 727 1924 801 1973; x_wconf 68' lang='lat'><strong>1291.</strong></span> 
     </span>
    </p>
   </div>
   <div class='ocr_carea' id='block_1_4' title="bbox 299 2085 1605 2177">
    <p class='ocr_par' dir='ltr' id='par_1_6' title="bbox 299 2085 1605 2177">
     <span class='ocr_line' id='line_1_17' title="bbox 299 2085 1605 2177; baseline 0.002 -15"><span class='ocrx_word' id='word_1_133' title='bbox 299 2093 703 2165; x_wconf 57' lang='lat' dir='ltr'>alabandensium</span> <span class='ocrx_word' id='word_1_134' title='bbox 726 2091 928 2159; x_wconf 65' lang='lat' dir='ltr'>bucardus.</span> <span class='ocrx_word' id='word_1_135' title='bbox 1040 2085 1300 2175; x_wconf 74' lang='lat' dir='ltr'>(Gothalol3.)</span> <span class='ocrx_word' id='word_1_136' title='bbox 1333 2092 1605 2177; x_wconf 74' lang='lat' dir='ltr'>Septenrberllt&#39;.</span> 
     </span>
    </p>
   </div>
   <div class='ocr_carea' id='block_1_5' title="bbox 369 2216 1547 2276">
    <p class='ocr_par' dir='ltr' id='par_1_7' title="bbox 369 2216 1547 2276">
     <span class='ocr_line' id='line_1_18' title="bbox 369 2216 1547 2276; baseline 0.002 -12"><span class='ocrx_word' id='word_1_137' title='bbox 369 2219 432 2266; x_wconf 82' lang='lat' dir='ltr'>blut.</span> <span class='ocrx_word' id='word_1_138' title='bbox 451 2219 573 2264; x_wconf 86' lang='lat' dir='ltr'>bedauert</span> <span class='ocrx_word' id='word_1_139' title='bbox 593 2217 728 2263; x_wconf 87' lang='lat' dir='ltr'>unendlich</span> <span class='ocrx_word' id='word_1_140' title='bbox 746 2217 790 2262; x_wconf 86' lang='lat' dir='ltr'>das</span> <span class='ocrx_word' id='word_1_141' title='bbox 809 2216 986 2276; x_wconf 76' lang='lat' dir='ltr'>Missgesehiclt</span> <span class='ocrx_word' id='word_1_142' title='bbox 1004 2217 1073 2263; x_wconf 80' lang='lat' dir='ltr'>eines</span> <span class='ocrx_word' id='word_1_143' title='bbox 1088 2216 1186 2276; x_wconf 80' lang='lat' dir='ltr'>jungeri</span> <span class='ocrx_word' id='word_1_144' title='bbox 1206 2216 1404 2276; x_wconf 79' lang='lat' dir='ltr'>Georgentlrnler</span> <span class='ocrx_word' id='word_1_145' title='bbox 1421 2218 1547 2266; x_wconf 82' lang='lat' dir='ltr'>bliinrhus.</span> 
     </span>
    </p>
   </div>
   <div class='ocr_carea' id='block_1_6' title="bbox 216 2315 1609 3200">
    <p class='ocr_par' dir='ltr' id='par_1_8' title="bbox 380 2315 1097 2396">
     <span class='ocr_line' id='line_1_19' title="bbox 380 2315 1097 2396; baseline -0.001 -16"><span class='ocrx_word' id='word_1_146' title='bbox 380 2315 562 2380; x_wconf 84' lang='lat' dir='ltr'>Musardo</span> <span class='ocrx_word' id='word_1_147' title='bbox 583 2315 768 2382; x_wconf 85' lang='lat' dir='ltr'>excellentis</span> <span class='ocrx_word' id='word_1_148' title='bbox 790 2315 914 2396; x_wconf 89' lang='lat' dir='ltr'>ingenii</span> <span class='ocrx_word' id='word_1_149' title='bbox 934 2315 1097 2396; x_wconf 84' lang='lat' dir='ltr'>magistro.</span> 
     </span>
    </p>

    <p class='ocr_par' dir='ltr' id='par_1_9' title="bbox 216 2413 1609 3200">
     <span class='ocr_line' id='line_1_20' title="bbox 380 2413 1606 2500; baseline 0 -18"><span class='ocrx_word' id='word_1_150' title='bbox 380 2422 411 2482; x_wconf 80' lang='lat' dir='ltr'>S.</span> <span class='ocrx_word' id='word_1_151' title='bbox 456 2417 570 2498; x_wconf 85' lang='lat' dir='ltr'>Doleo,</span> <span class='ocrx_word' id='word_1_152' title='bbox 597 2415 683 2496; x_wconf 88' lang='lat' dir='ltr'>quod</span> <span class='ocrx_word' id='word_1_153' title='bbox 703 2418 775 2499; x_wconf 91' lang='lat' dir='ltr'>pins</span> <span class='ocrx_word' id='word_1_154' title='bbox 796 2416 966 2482; x_wconf 83' lang='lat' dir='ltr'>sacerdos⁷</span> <span class='ocrx_word' id='word_1_155' title='bbox 988 2418 1157 2482; x_wconf 89' lang='lat' dir='ltr'>salutarem</span> <span class='ocrx_word' id='word_1_156' title='bbox 1185 2413 1320 2500; x_wconf 90' lang='lat' dir='ltr'>digitum</span> <span class='ocrx_word' id='word_1_157' title='bbox 1342 2419 1468 2483; x_wconf 85' lang='lat' dir='ltr'>sinistre</span> <span class='ocrx_word' id='word_1_158' title='bbox 1495 2439 1606 2484; x_wconf 90' lang='lat' dir='ltr'>manus</span> 
     </span>
     <span class='ocr_line' id='line_1_21' title="bbox 299 2519 1609 2612; baseline 0 -27"><span class='ocrx_word' id='word_1_159' title='bbox 299 2521 508 2586; x_wconf 87' lang='lat' dir='ltr'>detruncavit.</span> <span class='ocrx_word' id='word_1_160' title='bbox 549 2520 679 2585; x_wconf 82' lang='lat' dir='ltr'>Amavit</span> <span class='ocrx_word' id='word_1_161' title='bbox 699 2519 897 2601; x_wconf 88' lang='lat' dir='ltr'>Spalatinum</span> <span class='ocrx_word' id='word_1_162' title='bbox 922 2527 955 2612; x_wconf 80' lang='lat' dir='ltr'>nt</span> <span class='ocrx_word' id='word_1_163' title='bbox 981 2520 1035 2603; x_wconf 91' lang='lat' dir='ltr'>qni</span> <span class='ocrx_word' id='word_1_164' title='bbox 1055 2521 1193 2585; x_wconf 83' lang='lat' dir='ltr'>maxime</span> <span class='ocrx_word' id='word_1_165' title='bbox 1220 2531 1252 2586; x_wconf 88' lang='lat' dir='ltr'>et</span> <span class='ocrx_word' id='word_1_166' title='bbox 1273 2521 1413 2586; x_wconf 84' lang='lat' dir='ltr'>vicissim</span> <span class='ocrx_word' id='word_1_167' title='bbox 1441 2522 1609 2586; x_wconf 90' lang='lat' dir='ltr'>amabatur</span> 
     </span>
     <span class='ocr_line' id='line_1_22' title="bbox 300 2621 1605 2706; baseline 0.001 -19"><span class='ocrx_word' id='word_1_168' title='bbox 300 2631 333 2687; x_wconf 89' lang='lat' dir='ltr'>ut</span> <span class='ocrx_word' id='word_1_169' title='bbox 353 2623 490 2703; x_wconf 91' lang='lat' dir='ltr'>optimus</span> <span class='ocrx_word' id='word_1_170' title='bbox 511 2621 687 2704; x_wconf 89' lang='lat' dir='ltr'>discipulus</span> <span class='ocrx_word' id='word_1_171' title='bbox 707 2641 728 2685; x_wconf 89' lang='lat' dir='ltr'>a</span> <span class='ocrx_word' id='word_1_172' title='bbox 750 2632 935 2705; x_wconf 86' lang='lat' dir='ltr'>preceptore</span> <span class='ocrx_word' id='word_1_173' title='bbox 959 2641 1100 2706; x_wconf 85' lang='lat' dir='ltr'>syncero.</span> <span class='ocrx_word' id='word_1_174' title='bbox 1142 2623 1208 2688; x_wconf 83' lang='lat' dir='ltr'>Sub</span> <span class='ocrx_word' id='word_1_175' title='bbox 1231 2623 1411 2688; x_wconf 90' lang='lat' dir='ltr'>llerebordo</span> <span class='ocrx_word' id='word_1_176' title='bbox 1432 2645 1494 2688; x_wconf 93' lang='lat' dir='ltr'>non</span> <span class='ocrx_word' id='word_1_177' title='bbox 1518 2625 1605 2688; x_wconf 92' lang='lat' dir='ltr'>remi-</span> 
     </span>
     <span class='ocr_line' id='line_1_23' title="bbox 299 2723 1607 2807; baseline 0.001 -18"><span class='ocrx_word' id='word_1_178' title='bbox 299 2725 341 2789; x_wconf 91' lang='lat' dir='ltr'>sit</span> <span class='ocrx_word' id='word_1_179' title='bbox 361 2724 571 2789; x_wconf 89' lang='lat' dir='ltr'>intencionem</span> <span class='ocrx_word' id='word_1_180' title='bbox 592 2723 735 2789; x_wconf 89' lang='lat' dir='ltr'>discendi</span> <span class='ocrx_word' id='word_1_181' title='bbox 749 2733 933 2807; x_wconf 87' lang='lat' dir='ltr'>tantumque</span> <span class='ocrx_word' id='word_1_182' title='bbox 945 2725 1085 2807; x_wconf 82' lang='lat' dir='ltr'>proiecit,</span> <span class='ocrx_word' id='word_1_183' title='bbox 1110 2733 1143 2790; x_wconf 88' lang='lat' dir='ltr'>ut</span> <span class='ocrx_word' id='word_1_184' title='bbox 1164 2736 1248 2790; x_wconf 89' lang='lat' dir='ltr'>esset</span> <span class='ocrx_word' id='word_1_185' title='bbox 1268 2726 1351 2788; x_wconf 91' lang='lat' dir='ltr'>inter</span> <span class='ocrx_word' id='word_1_186' title='bbox 1370 2727 1500 2806; x_wconf 80' lang='lat' dir='ltr'>equales</span> <span class='ocrx_word' id='word_1_187' title='bbox 1520 2729 1607 2791; x_wconf 88' lang='lat' dir='ltr'>velut</span> 
     </span>
     <span class='ocr_line' id='line_1_24' title="bbox 298 2826 1609 2910; baseline 0.002 -18"><span class='ocrx_word' id='word_1_188' title='bbox 298 2827 443 2892; x_wconf 83' lang='lat' dir='ltr'>eximius.</span> <span class='ocrx_word' id='word_1_189' title='bbox 487 2826 551 2892; x_wconf 87' lang='lat' dir='ltr'>larn</span> <span class='ocrx_word' id='word_1_190' title='bbox 572 2827 672 2892; x_wconf 89' lang='lat' dir='ltr'>sacris</span> <span class='ocrx_word' id='word_1_191' title='bbox 698 2827 872 2892; x_wconf 90' lang='lat' dir='ltr'>maioribus</span> <span class='ocrx_word' id='word_1_192' title='bbox 894 2828 1037 2891; x_wconf 88' lang='lat' dir='ltr'>initiatus</span> <span class='ocrx_word' id='word_1_193' title='bbox 1065 2826 1143 2891; x_wconf 91' lang='lat' dir='ltr'>nibil</span> <span class='ocrx_word' id='word_1_194' title='bbox 1171 2828 1258 2910; x_wconf 91' lang='lat' dir='ltr'>prius</span> <span class='ocrx_word' id='word_1_195' title='bbox 1285 2827 1395 2894; x_wconf 86' lang='lat' dir='ltr'>habuit</span> <span class='ocrx_word' id='word_1_196' title='bbox 1422 2848 1517 2910; x_wconf 86' lang='lat' dir='ltr'>qnam</span> <span class='ocrx_word' id='word_1_197' title='bbox 1546 2838 1609 2894; x_wconf 88' lang='lat' dir='ltr'>eot-</span> 
     </span>
     <span class='ocr_line' id='line_1_25' title="bbox 216 2917 1607 3013; baseline 0.003 -22"><span class='ocrx_word' id='word_1_198' title='bbox 216 2949 227 2964; x_wconf 76' lang='lat'><em>⁴</em></span> <span class='ocrx_word' id='word_1_199' title='bbox 300 2929 378 2992; x_wconf 90' lang='lat' dir='ltr'>tidie</span> <span class='ocrx_word' id='word_1_200' title='bbox 407 2927 476 2992; x_wconf 87' lang='lat' dir='ltr'>Deo</span> <span class='ocrx_word' id='word_1_201' title='bbox 504 2929 580 3011; x_wconf 88' lang='lat' dir='ltr'>pani</span> <span class='ocrx_word' id='word_1_202' title='bbox 605 2928 786 2993; x_wconf 83' lang='lat' dir='ltr'>sacrificare</span> <span class='ocrx_word' id='word_1_203' title='bbox 810 2947 849 2992; x_wconf 87' lang='lat' dir='ltr'>ac</span> <span class='ocrx_word' id='word_1_204' title='bbox 877 2929 1020 2993; x_wconf 90' lang='lat' dir='ltr'>divinum</span> <span class='ocrx_word' id='word_1_205' title='bbox 1048 2929 1188 2994; x_wconf 88' lang='lat' dir='ltr'>lambere</span> <span class='ocrx_word' id='word_1_206' title='bbox 1216 2917 1433 3010; x_wconf 82' lang='lat' dir='ltr'>sanguinem,¹</span> <span class='ocrx_word' id='word_1_207' title='bbox 1449 2931 1607 3013; x_wconf 84' lang='lat' dir='ltr'>persoluto</span> 
     </span>
     <span class='ocr_line' id='line_1_26' title="bbox 300 3031 1607 3114; baseline 0.003 -20"><span class='ocrx_word' id='word_1_208' title='bbox 300 3051 374 3094; x_wconf 86' lang='lat' dir='ltr'>vero</span> <span class='ocrx_word' id='word_1_209' title='bbox 396 3050 495 3112; x_wconf 88' lang='lat' dir='ltr'>penso</span> <span class='ocrx_word' id='word_1_210' title='bbox 517 3031 680 3114; x_wconf 91' lang='lat' dir='ltr'>religionis</span> <span class='ocrx_word' id='word_1_211' title='bbox 702 3031 827 3094; x_wconf 88' lang='lat' dir='ltr'>transiit</span> <span class='ocrx_word' id='word_1_212' title='bbox 844 3031 886 3095; x_wconf 89' lang='lat' dir='ltr'>ab</span> <span class='ocrx_word' id='word_1_213' title='bbox 908 3031 1001 3096; x_wconf 89' lang='lat' dir='ltr'>rebus</span> <span class='ocrx_word' id='word_1_214' title='bbox 1012 3031 1131 3095; x_wconf 93' lang='lat' dir='ltr'>divinis</span> <span class='ocrx_word' id='word_1_215' title='bbox 1142 3031 1183 3094; x_wconf 88' lang='lat' dir='ltr'>ad</span> <span class='ocrx_word' id='word_1_216' title='bbox 1194 3032 1385 3096; x_wconf 87' lang='lat' dir='ltr'>cultissimas</span> <span class='ocrx_word' id='word_1_217' title='bbox 1397 3033 1607 3114; x_wconf 88' lang='lat' dir='ltr'>prot&#39;essiones</span> 
     </span>
     <span class='ocr_line' id='line_1_27' title="bbox 299 3131 1607 3200; baseline 0.004 -4"><span class='ocrx_word' id='word_1_218' title='bbox 299 3139 370 3196; x_wconf 88' lang='lat' dir='ltr'>tuas</span> <span class='ocrx_word' id='word_1_219' title='bbox 391 3141 455 3196; x_wconf 89' lang='lat' dir='ltr'>tarn</span> <span class='ocrx_word' id='word_1_220' title='bbox 477 3151 597 3196; x_wconf 87' lang='lat' dir='ltr'>morum</span> <span class='ocrx_word' id='word_1_221' title='bbox 618 3132 785 3196; x_wconf 86' lang='lat' dir='ltr'>maiestate</span> <span class='ocrx_word' id='word_1_222' title='bbox 806 3131 1008 3196; x_wconf 88' lang='lat' dir='ltr'>venerabilis.</span> <span class='ocrx_word' id='word_1_223' title='bbox 1053 3133 1168 3196; x_wconf 87' lang='lat' dir='ltr'>Verum</span> <span class='ocrx_word' id='word_1_224' title='bbox 1186 3133 1245 3197; x_wconf 91' lang='lat' dir='ltr'>hoc</span> <span class='ocrx_word' id='word_1_225' title='bbox 1267 3133 1521 3200; x_wconf 80' lang='lat' dir='ltr'>honestissimum</span> <span class='ocrx_word' id='word_1_226' title='bbox 1542 3137 1607 3200; x_wconf 87' lang='lat' dir='ltr'>vite</span> 
     </span>
    </p>
   </div>
   <div class='ocr_carea' id='block_1_7' title="bbox 193 3221 1607 3318">
    <p class='ocr_par' dir='ltr' id='par_1_10' title="bbox 193 3221 1607 3318">
     <span class='ocr_line' id='line_1_28' title="bbox 193 3221 1607 3318; baseline 0.005 -22"><span class='ocrx_word' id='word_1_227' title='bbox 193 3229 203 3246; x_wconf 74' lang='lat'><em>⁶</em></span> <span class='ocrx_word' id='word_1_228' title='bbox 298 3233 491 3313; x_wconf 87' lang='lat' dir='ltr'>institutum,</span> <span class='ocrx_word' id='word_1_229' title='bbox 522 3232 575 3315; x_wconf 91' lang='lat' dir='ltr'>qui</span> <span class='ocrx_word' id='word_1_230' title='bbox 607 3252 732 3314; x_wconf 89' lang='lat' dir='ltr'>semper</span> <span class='ocrx_word' id='word_1_231' title='bbox 753 3240 896 3296; x_wconf 90' lang='lat' dir='ltr'>sanetum</span> <span class='ocrx_word' id='word_1_232' title='bbox 927 3252 1007 3316; x_wconf 88' lang='lat' dir='ltr'>opus</span> <span class='ocrx_word' id='word_1_233' title='bbox 1038 3233 1101 3316; x_wconf 87' lang='lat' dir='ltr'>piis</span> <span class='ocrx_word' id='word_1_234' title='bbox 1122 3221 1258 3313; x_wconf 86' lang='lat' dir='ltr'>invidet,</span> <span class='ocrx_word' id='word_1_235' title='bbox 1289 3235 1480 3318; x_wconf 79' lang='lat' dir='ltr'>cacodemon</span> <span class='ocrx_word' id='word_1_236' title='bbox 1512 3239 1607 3303; x_wconf 91' lang='lat' dir='ltr'>inter-</span> 
     </span>
    </p>
   </div>
   <div class='ocr_carea' id='block_1_8' title="bbox 247 3331 1607 3934">
    <p class='ocr_par' dir='ltr' id='par_1_11' title="bbox 247 3331 1607 3934">
     <span class='ocr_line' id='line_1_29' title="bbox 299 3331 1607 3421; baseline 0.006 -24"><span class='ocrx_word' id='word_1_237' title='bbox 299 3336 447 3400; x_wconf 83' lang='lat' dir='ltr'>turbavit.</span> <span class='ocrx_word' id='word_1_238' title='bbox 490 3334 622 3400; x_wconf 85' lang='lat' dir='ltr'>Mandat</span> <span class='ocrx_word' id='word_1_239' title='bbox 642 3353 752 3398; x_wconf 90' lang='lat' dir='ltr'>censor</span> <span class='ocrx_word' id='word_1_240' title='bbox 773 3331 883 3398; x_wconf 84' lang='lat' dir='ltr'>fulcire</span> <span class='ocrx_word' id='word_1_241' title='bbox 904 3335 1090 3418; x_wconf 88' lang='lat' dir='ltr'>topiarium,</span> <span class='ocrx_word' id='word_1_242' title='bbox 1119 3336 1316 3419; x_wconf 88' lang='lat' dir='ltr'>obtemperat</span> <span class='ocrx_word' id='word_1_243' title='bbox 1339 3338 1422 3421; x_wconf 90' lang='lat' dir='ltr'>patri</span> <span class='ocrx_word' id='word_1_244' title='bbox 1448 3338 1545 3418; x_wconf 88' lang='lat' dir='ltr'>filins,</span> <span class='ocrx_word' id='word_1_245' title='bbox 1575 3349 1607 3405; x_wconf 89' lang='lat' dir='ltr'>et</span> 
     </span>
     <span class='ocr_line' id='line_1_30' title="bbox 298 3436 1607 3521; baseline 0.004 -19"><span class='ocrx_word' id='word_1_246' title='bbox 298 3457 372 3502; x_wconf 88' lang='lat' dir='ltr'>ecee</span> <span class='ocrx_word' id='word_1_247' title='bbox 393 3436 467 3502; x_wconf 89' lang='lat' dir='ltr'>dum</span> <span class='ocrx_word' id='word_1_248' title='bbox 488 3437 595 3521; x_wconf 89' lang='lat' dir='ltr'>palum</span> <span class='ocrx_word' id='word_1_249' title='bbox 616 3437 740 3501; x_wconf 89' lang='lat' dir='ltr'>dolaret</span> <span class='ocrx_word' id='word_1_250' title='bbox 760 3445 964 3518; x_wconf 88' lang='lat' dir='ltr'>acueretque,</span> <span class='ocrx_word' id='word_1_251' title='bbox 991 3437 1152 3502; x_wconf 88' lang='lat' dir='ltr'>aberravit</span> <span class='ocrx_word' id='word_1_252' title='bbox 1175 3440 1255 3502; x_wconf 89' lang='lat' dir='ltr'>ictus</span> <span class='ocrx_word' id='word_1_253' title='bbox 1281 3439 1314 3502; x_wconf 95' lang='lat' dir='ltr'>in</span> <span class='ocrx_word' id='word_1_254' title='bbox 1337 3439 1454 3505; x_wconf 80' lang='lat' dir='ltr'>Christi</span> <span class='ocrx_word' id='word_1_255' title='bbox 1477 3442 1607 3507; x_wconf 85' lang='lat' dir='ltr'>cultoris</span> 
     </span>
     <span class='ocr_line' id='line_1_31' title="bbox 298 3539 1605 3623; baseline 0.004 -20"><span class='ocrx_word' id='word_1_256' title='bbox 298 3540 448 3604; x_wconf 89' lang='lat' dir='ltr'>christum</span> <span class='ocrx_word' id='word_1_257' title='bbox 470 3539 617 3603; x_wconf 88' lang='lat' dir='ltr'>indicem.</span> <span class='ocrx_word' id='word_1_258' title='bbox 642 3539 686 3603; x_wconf 86' lang='lat'>-0</span> <span class='ocrx_word' id='word_1_259' title='bbox 708 3559 815 3603; x_wconf 86' lang='lat' dir='ltr'>cecam</span> <span class='ocrx_word' id='word_1_260' title='bbox 828 3539 1075 3623; x_wconf 88' lang='lat' dir='ltr'>providentiam!</span> <span class='ocrx_word' id='word_1_261' title='bbox 1096 3561 1115 3606; x_wconf 97' lang='lat' dir='ltr'>o</span> <span class='ocrx_word' id='word_1_262' title='bbox 1137 3541 1236 3606; x_wconf 87' lang='lat' dir='ltr'>iustas</span> <span class='ocrx_word' id='word_1_263' title='bbox 1247 3541 1403 3608; x_wconf 89' lang='lat' dir='ltr'>Heracliti</span> <span class='ocrx_word' id='word_1_264' title='bbox 1421 3543 1605 3620; x_wconf 80' lang='lat' dir='ltr'>lachrimas!</span> 
     </span>
     <span class='ocr_line' id='line_1_32' title="bbox 247 3639 1606 3717; baseline 0.008 -15"><span class='ocrx_word' id='word_1_265' title='bbox 247 3684 252 3695; x_wconf 90' lang='lat'><strong>.</strong></span> <span class='ocrx_word' id='word_1_266' title='bbox 298 3639 398 3717; x_wconf 84' lang='lat' dir='ltr'>Quem</span> <span class='ocrx_word' id='word_1_267' title='bbox 421 3661 482 3704; x_wconf 93' lang='lat' dir='ltr'>non</span> <span class='ocrx_word' id='word_1_268' title='bbox 504 3659 597 3705; x_wconf 88' lang='lat' dir='ltr'>casus</span> <span class='ocrx_word' id='word_1_269' title='bbox 618 3641 678 3704; x_wconf 87' lang='lat' dir='ltr'>iste</span> <span class='ocrx_word' id='word_1_270' title='bbox 697 3641 900 3706; x_wconf 83' lang='lat' dir='ltr'>vehementer</span> <span class='ocrx_word' id='word_1_271' title='bbox 911 3642 1133 3707; x_wconf 75' lang='lat' dir='ltr'>contristaret?</span> <span class='ocrx_word' id='word_1_272' title='bbox 1174 3643 1224 3708; x_wconf 92' lang='lat' dir='ltr'>Me</span> <span class='ocrx_word' id='word_1_273' title='bbox 1236 3652 1319 3716; x_wconf 88' lang='lat' dir='ltr'>certe</span> <span class='ocrx_word' id='word_1_274' title='bbox 1331 3645 1491 3712; x_wconf 89' lang='lat' dir='ltr'>luctuosus</span> <span class='ocrx_word' id='word_1_275' title='bbox 1512 3668 1606 3713; x_wconf 88' lang='lat' dir='ltr'>even-</span> 
     </span>
     <span class='ocr_line' id='line_1_33' title="bbox 297 3741 1607 3831; baseline 0.009 -27"><span class='ocrx_word' id='word_1_276' title='bbox 297 3749 348 3807; x_wconf 88' lang='lat' dir='ltr'>tus</span> <span class='ocrx_word' id='word_1_277' title='bbox 378 3743 583 3808; x_wconf 84' lang='lat' dir='ltr'>mestitudine</span> <span class='ocrx_word' id='word_1_278' title='bbox 608 3763 671 3807; x_wconf 93' lang='lat' dir='ltr'>non</span> <span class='ocrx_word' id='word_1_279' title='bbox 697 3742 821 3825; x_wconf 85' lang='lat' dir='ltr'>vulgari</span> <span class='ocrx_word' id='word_1_280' title='bbox 853 3743 1004 3808; x_wconf 85' lang='lat' dir='ltr'>contudit.</span> <span class='ocrx_word' id='word_1_281' title='bbox 1058 3745 1121 3809; x_wconf 76' lang='lat' dir='ltr'>Sed</span> <span class='ocrx_word' id='word_1_282' title='bbox 1155 3741 1232 3827; x_wconf 87' lang='lat' dir='ltr'>quid</span> <span class='ocrx_word' id='word_1_283' title='bbox 1262 3747 1429 3829; x_wconf 87' lang='lat' dir='ltr'>proficiunt</span> <span class='ocrx_word' id='word_1_284' title='bbox 1458 3750 1607 3831; x_wconf 83' lang='lat' dir='ltr'>querele?</span> 
     </span>
     <span class='ocr_line' id='line_1_34' title="bbox 298 3843 1606 3934; baseline 0.009 -27"><span class='ocrx_word' id='word_1_285' title='bbox 298 3843 430 3909; x_wconf 80' lang='lat' dir='ltr'>Factum</span> <span class='ocrx_word' id='word_1_286' title='bbox 451 3845 602 3910; x_wconf 83' lang='lat' dir='ltr'>infectum</span> <span class='ocrx_word' id='word_1_287' title='bbox 623 3845 690 3909; x_wconf 82' lang='lat' dir='ltr'>lieri</span> <span class='ocrx_word' id='word_1_288' title='bbox 702 3846 812 3926; x_wconf 85' lang='lat' dir='ltr'>nequit</span> <span class='ocrx_word' id='word_1_289' title='bbox 861 3846 1083 3912; x_wconf 68' lang='lat' dir='ltr'>adhibeantur</span> <span class='ocrx_word' id='word_1_290' title='bbox 1105 3851 1244 3912; x_wconf 87' lang='lat' dir='ltr'>tomenta</span> <span class='ocrx_word' id='word_1_291' title='bbox 1255 3850 1411 3932; x_wconf 90' lang='lat' dir='ltr'>splenium</span> <span class='ocrx_word' id='word_1_292' title='bbox 1433 3861 1551 3934; x_wconf 74' lang='lat' dir='ltr'>cerata,</span> <span class='ocrx_word' id='word_1_293' title='bbox 1572 3863 1606 3919; x_wconf 91' lang='lat' dir='ltr'>ut</span> 
     </span>
    </p>
   </div>
   <div class='ocr_carea' id='block_1_9' title="bbox 359 4073 1297 4627">
    <p class='ocr_par' dir='ltr' id='par_1_12' title="bbox 359 4073 820 4150">
     <span class='ocr_line' id='line_1_35' title="bbox 359 4073 820 4150; baseline 0.004 -18"><span class='ocrx_word' id='word_1_294' title='bbox 359 4073 549 4150; x_wconf 75' lang='lat' dir='ltr'>lvg1a.a.</span> <span class='ocrx_word' id='word_1_295' title='bbox 572 4077 616 4133; x_wconf 89' lang='lat' dir='ltr'>Br.</span> <span class='ocrx_word' id='word_1_296' title='bbox 629 4078 687 4133; x_wconf 77' lang='lat' dir='ltr'>aot</span> <span class='ocrx_word' id='word_1_297' title='bbox 706 4099 734 4137; x_wconf 81' lang='lat' dir='ltr'>u,</span> <span class='ocrx_word' id='word_1_298' title='bbox 754 4080 820 4135; x_wconf 80' lang='lat'><strong>309.</strong></span> 
     </span>
    </p>

    <p class='ocr_par' dir='ltr' id='par_1_13' title="bbox 361 4153 610 4230">
     <span class='ocr_line' id='line_1_36' title="bbox 361 4153 610 4230; baseline 0.012 -18"><span class='ocrx_word' id='word_1_299' title='bbox 361 4153 375 4195; x_wconf 79' lang='lat'>2</span> <span class='ocrx_word' id='word_1_300' title='bbox 394 4156 460 4230; x_wconf 82' lang='lat' dir='ltr'>vgl.</span> <span class='ocrx_word' id='word_1_301' title='bbox 481 4156 528 4216; x_wconf 88' lang='lat' dir='ltr'>Br.</span> <span class='ocrx_word' id='word_1_302' title='bbox 542 4158 610 4215; x_wconf 81' lang='lat'>315.</span> 
     </span>
    </p>

    <p class='ocr_par' dir='ltr' id='par_1_14' title="bbox 360 4230 1180 4298">
     <span class='ocr_line' id='line_1_37' title="bbox 360 4230 1180 4298; baseline 0.009 -7"><span class='ocrx_word' id='word_1_303' title='bbox 360 4230 376 4276; x_wconf 79' lang='lat'>³</span> <span class='ocrx_word' id='word_1_304' title='bbox 394 4237 466 4292; x_wconf 81' lang='lat' dir='ltr'>Eine</span> <span class='ocrx_word' id='word_1_305' title='bbox 486 4256 539 4293; x_wconf 88' lang='lat' dir='ltr'>nur</span> <span class='ocrx_word' id='word_1_306' title='bbox 558 4239 620 4296; x_wconf 88' lang='lat' dir='ltr'>hier</span> <span class='ocrx_word' id='word_1_307' title='bbox 641 4241 782 4296; x_wconf 77' lang='lat' dir='ltr'>erwtthnte</span> <span class='ocrx_word' id='word_1_308' title='bbox 804 4239 930 4296; x_wconf 82' lang='lat' dir='ltr'>Erfurtsr</span> <span class='ocrx_word' id='word_1_309' title='bbox 950 4241 1180 4298; x_wconf 81' lang='lat' dir='ltr'>Persiinlichkeit</span> 
     </span>
    </p>

    <p class='ocr_par' dir='ltr' id='par_1_15' title="bbox 359 4313 1264 4472">
     <span class='ocr_line' id='line_1_38' title="bbox 359 4313 1264 4390; baseline 0.007 -18"><span class='ocrx_word' id='word_1_310' title='bbox 359 4313 374 4355; x_wconf 75' lang='lat'>4</span> <span class='ocrx_word' id='word_1_311' title='bbox 394 4318 458 4390; x_wconf 80' lang='lat' dir='ltr'>Vgl.</span> <span class='ocrx_word' id='word_1_312' title='bbox 476 4318 521 4375; x_wconf 89' lang='lat' dir='ltr'>Br.</span> <span class='ocrx_word' id='word_1_313' title='bbox 534 4319 591 4374; x_wconf 79' lang='lat'>259</span> <span class='ocrx_word' id='word_1_314' title='bbox 611 4319 638 4377; x_wconf 89' lang='lat' dir='ltr'>S.</span> <span class='ocrx_word' id='word_1_315' title='bbox 650 4319 708 4374; x_wconf 83' lang='lat'>343</span> <span class='ocrx_word' id='word_1_316' title='bbox 730 4321 842 4378; x_wconf 66' lang='lat' dir='ltr'>Amal</span> <span class='ocrx_word' id='word_1_317' title='bbox 866 4320 949 4376; x_wconf 73' lang='lat' dir='ltr'>aowin</span> <span class='ocrx_word' id='word_1_318' title='bbox 970 4321 1016 4376; x_wconf 84' lang='lat' dir='ltr'>Br.</span> <span class='ocrx_word' id='word_1_319' title='bbox 1038 4321 1096 4376; x_wconf 81' lang='lat'>264</span> <span class='ocrx_word' id='word_1_320' title='bbox 1118 4325 1175 4378; x_wconf 89' lang='lat' dir='ltr'>und</span> <span class='ocrx_word' id='word_1_321' title='bbox 1197 4323 1264 4385; x_wconf 80' lang='grc'>269,</span> 
     </span>
     <span class='ocr_line' id='line_1_39' title="bbox 361 4391 967 4472; baseline 0.003 -19"><span class='ocrx_word' id='word_1_322' title='bbox 361 4391 484 4454; x_wconf 74' lang='lat' dir='ltr'>5Janus</span> <span class='ocrx_word' id='word_1_323' title='bbox 503 4399 635 4467; x_wconf 87' lang='lat' dir='ltr'>Urbicus,</span> <span class='ocrx_word' id='word_1_324' title='bbox 655 4400 778 4456; x_wconf 86' lang='lat' dir='ltr'>Mutians</span> <span class='ocrx_word' id='word_1_325' title='bbox 799 4401 938 4457; x_wconf 80' lang='lat' dir='ltr'>Famulus.</span> <span class='ocrx_word' id='word_1_326' title='bbox 963 4465 967 4472; x_wconf 35' lang='grc' dir='ltr'>Ι</span> 
     </span>
    </p>

    <p class='ocr_par' dir='ltr' id='par_1_16' title="bbox 363 4472 861 4551">
     <span class='ocr_line' id='line_1_40' title="bbox 363 4472 861 4551; baseline 0.002 -16"><span class='ocrx_word' id='word_1_327' title='bbox 363 4472 460 4551; x_wconf 79' lang='lat' dir='ltr'>⁶ng</span> <span class='ocrx_word' id='word_1_328' title='bbox 482 4478 596 4534; x_wconf 67' lang='lat' dir='ltr'>Beate</span> <span class='ocrx_word' id='word_1_329' title='bbox 617 4479 643 4535; x_wconf 82' lang='lat'>8.</span> <span class='ocrx_word' id='word_1_330' title='bbox 656 4478 714 4533; x_wconf 89' lang='grc'>406</span> <span class='ocrx_word' id='word_1_331' title='bbox 736 4481 819 4536; x_wconf 87' lang='lat' dir='ltr'>Anm.</span> <span class='ocrx_word' id='word_1_332' title='bbox 834 4481 861 4536; x_wconf 82' lang='lat'>3.</span> 
     </span>
    </p>

    <p class='ocr_par' dir='ltr' id='par_1_17' title="bbox 360 4553 1297 4627">
     <span class='ocr_line' id='line_1_41' title="bbox 360 4553 1297 4627; baseline 0.007 -14"><span class='ocrx_word' id='word_1_333' title='bbox 360 4553 372 4596; x_wconf 81' lang='grc'><strong>7</strong></span> <span class='ocrx_word' id='word_1_334' title='bbox 393 4558 448 4618; x_wconf 87' lang='lat' dir='ltr'>Die</span> <span class='ocrx_word' id='word_1_335' title='bbox 466 4559 648 4616; x_wconf 77' lang='lat' dir='ltr'>Franlrinrtcr</span> <span class='ocrx_word' id='word_1_336' title='bbox 665 4561 847 4617; x_wconf 76' lang='lat' dir='ltr'>Handsehrift</span> <span class='ocrx_word' id='word_1_337' title='bbox 867 4569 955 4618; x_wconf 89' lang='lat' dir='ltr'>nennt</span> <span class='ocrx_word' id='word_1_338' title='bbox 973 4564 1023 4620; x_wconf 92' lang='lat' dir='ltr'>ihn</span> <span class='ocrx_word' id='word_1_339' title='bbox 1043 4565 1088 4622; x_wconf 79' lang='lat' dir='ltr'>do.</span> <span class='ocrx_word' id='word_1_340' title='bbox 1110 4565 1297 4627; x_wconf 83' lang='lat' dir='ltr'>Hockirehen.</span> 
     </span>
    </p>
   </div>
   <div class='ocr_carea' id='block_1_10' title="bbox 0 0 1818 5192">
    <p class='ocr_par' dir='ltr' id='par_1_18' title="bbox 0 0 1818 5192">
     <span class='ocr_line' id='line_1_42' title="bbox 0 0 1818 5192; baseline 0 1"><span class='ocrx_word' id='word_1_341' title='bbox 0 0 1818 5192; x_wconf 95' lang='lat' dir='ltr'> </span> 
     </span>
    </p>
   </div>
  </div>
 </body>
</html>
