3625 5192
696 328 784 385 Briele
802 331 924 387 Mutiaus
942 334 983 391 15,
1461 332 1497 386 23

194 499 303 544 omnes
331 480 521 545 medicorum
551 479 696 563 potiones
717 487 748 544 et
768 480 940 565 catapotia.
981 480 1108 559 Nescio,
1128 480 1205 563 quid
1226 481 1297 563 alii,
1329 502 1389 565 ego
1414 491 1500 548 certe

192 583 310 646 rustica
347 582 477 665 negotia
514 583 639 665 (paucis
673 584 829 666 exceptis)
862 582 996 648 houcsta
1033 590 1066 647 et
1094 583 1224 649 minime
1258 583 1388 648 sordida
1427 604 1499 650 esse

190 685 333 749 arbitror.
382 684 526 749 Fareant
557 684 616 748 tihi
648 684 766 749 rustica
792 684 942 749 numina*
963 684 1073 766 Flora,
1106 685 1198 761 Nais,
1231 686 1347 766 Oreas,
1375 687 1500 771 Napee,

190 788 309 870 Dryas,
341 787 425 867 Pan,
454 786 576 865 Fauni,
606 787 776 870 Satyrisci,
804 786 920 866 Sileni,
940 786 1034 851 Pales
1061 795 1094 851 et
1117 786 1181 851 duo
1214 788 1322 869 magni
1350 796 1500 871 parentes

188 889 314 972 Jupiter
345 896 435 971 pater
461 896 493 953 et
517 888 627 953 Tellus
659 894 773 969 mater,
809 888 906 953 Ceres
934 895 967 953 et
987 888 1094 955 Venus
1121 898 1154 954 et
1181 890 1333 973 Priapus,
1365 890 1498 974 Robigo,

190 991 337 1075 Lympha
357 997 389 1055 et
410 990 510 1055 bonus
534 990 681 1056 Eventus.
724 991 785 1055 llic
805 990 884 1055 deus
906 990 1034 1057 ultimus
1058 1009 1182 1057 summa
1208 992 1328 1075 pietate
1348 992 1499 1058 colendus

190 1102 248 1168 cst,
269 1092 418 1176 quoniam
448 1092 516 1157 sine
544 1112 690 1157 successu
716 1098 748 1156 et
774 1094 855 1158 bono
877 1099 992 1157 eventu
1014 1092 1131 1158 frustra
1150 1094 1341 1160 laboramus.
1384 1094 1499 1158 Verum

190 1196 232 1261 de
254 1196 304 1259 his
325 1198 431 1280 plura,
457 1214 552 1278 quum
573 1213 636 1259 una
658 1194 757 1259 valles
786 1202 818 1258 et
838 1194 938 1260 saltus
959 1195 1209 1279 peragrabimus.
1252 1196 1300 1275 „0
1323 1196 1498 1261 fortunatos

190 1298 320 1361 nimium
355 1298 460 1363 suasi
493 1297 576 1361 bona
602 1296 707 1361 norint
731 1296 942 1379 agricolasl“1
984 1296 1042 1360 Est
1064 1316 1143 1389 unns
1171 1296 1249 1361 dens
1279 1304 1311 1362 et
1336 1298 1498 1382 una-dea,

191 1399 248 1465 ssd
270 1407 342 1465 sunt
364 1399 463 1463 multa
484 1399 529 1464 uti
550 1399 681 1463 nuurina
704 1399 750 1464 ita
771 1406 803 1463 et
824 1402 961 1477 nourina,
983 1386 1120 1482 erempli
1140 1400 1259 1481 gratia:
1280 1400 1414 1483 Jupiter,
1433 1400 1499 1479 b‘ol,

189 1503 315 1587 Apollo,
344 1502 456 1577 llosee,
478 1500 632 1582 Christro,
659 1502 759 1583 Luna,
784 1501 888 1580 Ceres,
913 1501 1114 1585 Proserpina,
1140 1501 1260 1582 Tellus,
1280 1501 1391 1565 Maria.
1433 1500 1498 1565 Sed

191 1604 250 1668 hcc
270 1623 348 1667 care
368 1602 527 1668 enuncies,
564 1606 644 1667 Sunt
663 1604 748 1668 enim
770 1604 958 1668 occultanda
973 1604 1100 1695 silentio
1114 1612 1265 1685 mnqrram
1277 1602 1497 1668 Eleusioarum

190 1706 320 1771 dearum
342 1706 501 1788 mysteria.
544 1704 702 1771 Utendum
724 1713 772 1771 est
797 1705 914 1771 l'abulis
934 1714 1030 1787 atoue
1056 1706 1249 1789 enigmatum
1272 1705 1497 1789 integumentis

191 1809 223 1871 in
246 1828 279 1872 re
300 1828 400 1875 sacra.
441 1808 489 1871 Tu
513 1808 603 1887 love,
626 1806 684 1872 hoc
706 1816 754 1873 est
773 1809 892 1891 optimo
913 1808 1051 1875 maximo
1072 1808 1146 1890 deo,
1174 1808 1312 1893 propitio
1333 1814 1498 1887 crrntemne

191 1911 306 1975 tacitus
336 1911 412 1975 deos
441 1912 603 1977 minutos.b
652 1910 753 1988 Quum
786 1910 890 1976 lovem
922 1912 1062 1992 nomino,
1099 1911 1256 1975 Christum
1290 1909 1434 1993 intelligo
1465 1917 1497 1974 et

190 2031 298 2076 verum
327 2012 436 2077 Deum.
480 2014 566 2078 Satis
593 2014 633 2077 de
658 2013 709 2077 his
737 2013 866 2078 nimium
894 2013 1143 2096 assurgentibus.
1185 2013 1278 2078 Nunc
1308 2012 1399 2089 audi,
1432 2032 1495 2075 non

191 2114 263 2180 dico
284 2114 410 2179 Homeri
433 2115 571 2197 Sirenas,
592 2114 648 2180 sed
669 2116 828 2197 agrariam
852 2116 973 2181 Musam
994 2114 1156 2180 insidiosis
1177 2124 1210 2181 et
1230 2114 1398 2198 impudicis
1413 2114 1495 2179 Sire-

191 2216 275 2281 nulis
308 2218 495 2283 sanctiorem
532 2225 564 2282 et
592 2217 818 2283 candidiorem.
865 2219 999 2283 Carruca
1043 2218 1140 2283 hahct
1166 2236 1236 2281 eam
1265 2216 1496 2300 symphoniam,

192 2339 286 2401 quam
307 2321 364 2385 der
384 2318 530 2408 Schultcs
549 2320 582 2383 in
604 2319 675 2385 dem
697 2320 822 2385 dorlfe.²

311 2451 418 2515 Prisco
438 2451 499 2516 ritu
522 2452 784 2533 quemadmodum
904 2452 1063 2517 Musarum
1086 2450 1201 2533 hospes
1222 2450 1326 2531 unice,

272 2573 372 2618 rerum
395 2560 575 2617 cunctarum
597 2553 737 2619 decimas

272 2656 430 2740 proposcit
451 2654 528 2720 deus
549 2654 711 2737 Hercules,

271 2759 317 2821 ita
338 2756 433 2822 Ceres
452 2756 575 2838 liugom
599 2776 713 2839 parens

272 2859 375 2942 prima
395 2878 542 2923 coronam
564 2861 705 2943 spiceam

272 2960 333 3025 sibi
357 2960 472 3025 asserit
494 2960 656 3043 primicias

271 3070 305 3126 ut
326 3062 490 3127 mulctram
512 3068 663 3127 montana
683 3063 777 3129 Pales

272 3174 304 3229 et
325 3184 419 3230 uvam
441 3164 585 3229 Bacchus
604 3164 767 3247 pensilem.

311 3276 411 3339 Huius
433 3275 562 3360 pietatis
583 3295 657 3356 ergo

270 3377 413 3443 dicamus
433 3379 540 3442 animo
560 3384 652 3459 grato

270 3499 417 3544 coronam
439 3479 521 3543 alme
544 3480 650 3544 Cereri

270 3589 388 3645 textam
410 3582 451 3645 de
473 3581 650 3665 spicilegio,

270 3684 354 3765 quod
375 3684 476 3768 copiis
497 3684 677 3766 agrestibus

271 3786 393 3851 Urbani
414 3804 525 3868 gazam
548 3786 673 3850 auxerit

272 3894 304 3952 et
325 3906 364 3951 ne
389 3893 538 3969 queratur
558 3886 733 3967 Hercules,c

272 3988 401 4061 Urbano
422 3989 534 4053 damus
554 3986 705 4054 decimas.

260 4107 272 4133 ²
289 4114 315 4159 F
328 4112 419 4160 muuia.

252 4322 262 4365 ¹
282 4326 380 4397 Vergil
400 4324 493 4398 Georg
513 4326 542 4379 ll
563 4324 740 4379 tos-459.

866 2554 995 2620 Urbane
1015 2554 1058 2617 mi
1080 2552 1253 2633 carissime,

865 2656 1025 2737 congestis
1043 2656 1076 2719 in
1098 2654 1240 2719 horreolo

864 2758 1015 2841 maniplis
1036 2756 1179 2821 trituram
1201 2757 1274 2835 leci,

865 2861 989 2925 excussi
1010 2858 1261 2929 conciunculam,

866 2962 954 3031 l'estis
975 2960 1002 3026 si
1022 2960 1158 3025 cantilas
1178 2960 1292 3037 choris,

866 3064 997 3145 dignam
1020 3064 1103 3127 inter
1125 3062 1289 3126 unanimes

866 3165 1006 3247 fidosque
1027 3164 1278 3231 contubernales.

907 3276 1049 3360 Belprati
1070 3274 1128 3339 dos
1147 3274 1328 3355 multiiuga:

866 3379 927 3443 celi
948 3377 1068 3459 gaudet
1088 3377 1250 3459 temperie,

866 3480 908 3545 ad
931 3479 1070 3545 radicem
1091 3478 1207 3542 montis
1227 3478 1322 3541 situm

866 3582 942 3647 solis
962 3589 1104 3645 exortum
1125 3578 1289 3663 prospicit,

864 3690 1007 3748 movetur
1028 3703 1083 3748 aer
1106 3680 1220 3765 spiritu

863 3784 956 3849 vitali
977 3792 1009 3848 et
1028 3786 1165 3849 innoxio.

865 3886 978 3952 Testes
999 3893 1072 3950 snut
1092 3887 1143 3952 vel
1163 3885 1285 3951 senetio

865 3989 916 4054 vel
937 3989 1047 4055 villica
1067 3988 1200 4071 grandis
1221 3994 1308 4053 natu.

507 4097 520 4135 ¹³
537 4114 563 4159 1¹¹
576 4112 699 4161 mimutos.
778 4104 789 4133 ⁰
809 4112 938 4163 uersutus.

250 4402 355 4461 tuine
384 4408 490 4461 damme
516 4408 579 4461 sehr
605 4405 745 4461 bekannte
768 4404 901 4476 hlelodic,
927 4406 979 4459 wie
1001 4424 1064 4460 man
1088 4425 1137 4461 aus
1158 4406 1235 4461 eincr
1256 4404 1342 4460 Stella
1362 4404 1391 4457 in
1413 4402 1494 4458 Buta-

186 4488 276 4542 bachs
304 4486 466 4541 Auctarium
502 4486 577 4559 (Vgl.
604 4486 764 4541 Zeitschrilt
797 4488 845 4543 des
875 4486 1046 4561 Bergischeu
1071 4485 1362 4556 Gescbichtsvereins,
1396 4482 1445 4539 Bd.
1468 4484 1495 4553 7,

185 4566 297 4637 8283)
319 4567 467 4625 schlieseen
489 4584 573 4624 musa
