3625 5192
311 354 364 420 366
656 348 924 434 ,(’ἰωοίιίὠθιιγιιείῐθη
943 352 992 421 der
1009 352 1120 421 Prorinz
1137 350 1259 421 sathan.

321 525 323 528 ’
392 514 423 578 S.
465 513 584 595 Relegi,
606 513 746 594 Urbane,
766 513 937 578 Bucolicn¹
960 514 1010 579 vel
1031 516 1135 597 potius
1155 514 1277 579 invidie
1297 514 1488 597 testimonia,
1507 508 1616 581 neseio

310 616 400 681 cuins
418 615 512 681 Cordi
534 615 626 681 Rieii.
668 616 774 681 Subiit
799 616 853 681 ille
878 635 990 681 censor
1009 616 1128 680 indicio
1156 636 1225 682 meo
1251 617 1388 683 stultioie
1409 624 1503 700 atque
1531 638 1614 683 arro·

311 720 426 801 gancie
446 719 575 799 crimen,
596 716 670 783 dnm
691 718 859 803 sophorum
874 718 1000 811 invidie·
1016 719 1456 792 servienssuamiaetapoiam
1477 718 1633 785 alienam'

311 818 451 885 notando
473 819 608 901 detegit,
629 840 692 885 non
708 820 812 885 minus
833 806 1003 904 culpabilis
1023 840 1117 902 quarn
1140 821 1269 886 Proteus
1278 822 1301 901 ²,
1323 822 1351 885 si
1369 821 1454 887 furor
1473 821 1617 904 poeticus

311 922 438 1007 eulpam
460 921 579 987 habere
601 930 712 1006 potest.
754 922 832 1000 Quis
854 932 1016 1005 poetarum
1038 924 1201 1005 suiipsius
1222 924 1347 1004 integer
1366 927 1398 986 et
1417 924 1617 1008 incorruptus

303 1032 360 1091 est
387 1023 519 1090 censor?
567 1022 772 1108 Deprehendi
803 1025 835 1089 in
865 1025 1011 1099 omnibus
1037 1024 1213 1108 praenotare
1248 1031 1280 1088 et
1310 1045 1401 1090 nemo
1432 1044 1494 1089 non
1529 1023 1618 1107 cupit
1663 1102 1667 1109 ι

312 1146 420 1201 onrnes
439 1126 635 1192 antecedere.
676 1126 727 1191 Ita
746 1126 796 1208 lit,
823 1138 858 1190 ut
878 1127 921 1191 ab
942 1126 1134 1191 Aristarchis
1159 1127 1207 1191 vel
1230 1126 1327 1191 etiam
1347 1127 1459 1190 nronris
1479 1126 1617 1191 carbone

312 1235 466 1294 notentur.
504 1227 684 1311 Interrogat
699 1250 755 1313 per
772 1230 906 1293 ironiam
924 1228 1059 1294 Cordus:
1084 1228 1196 1311 „Quid
1217 1229 1327 1309 referb,
1345 1218 1428 1289 οὐδὲν
1445 1224 1533 1312 ἄγαν,
1554 1228 1616 1307 dic,

311 1330 388 1413 quid
409 1333 506 1414 γνῶθι
525 1324 668 1391 σεαυτὸνο
688 1330 855 1414 profuit“‘?
895 1329 963 1395 Hoc
984 1350 1023 1395 ex
1044 1330 1213 1412 sophorum
1233 1330 1356 1393 invidia
1377 1330 1542 1413 prolatum,
1564 1330 1617 1412 qui

312 1433 422 1497 dolent
448 1439 480 1497 et
498 1433 638 1514 graviter
660 1433 763 1497 ferunt
794 1433 862 1496 suis
883 1431 1140 1497 cavillationibus
1169 1451 1280 1513 grecas
1306 1439 1338 1496 et
1367 1432 1483 1496 latinas
1508 1431 1618 1497 literas

312 1535 431 1616 ubique
450 1535 591 1616 gentium
613 1534 763 1615 prelatas.
804 1533 873 1615 Ego
895 1534 1059 1599 veritatem
1082 1533 1258 1613 honorabo,
1280 1553 1355 1615 que,
1380 1541 1414 1596 nt
1433 1532 1546 1596 ΡΙιιιο3
1572 1532 1617 1596 in-

312 1638 396 1718 quit,
423 1636 562 1702 omnium
582 1637 652 1700 fons
672 1642 723 1699 est
743 1642 776 1700 et
795 1630 885 1717 origo
906 1634 1069 1715 bonorum,
1091 1636 1179 1701 euius
1199 1655 1259 1717 ego
1281 1654 1350 1699 sum
1371 1635 1618 1713 amantissimus,

313 1745 348 1802 ut
369 1740 469 1819 nosti,
494 1738 640 1827 quanvis
666 1744 765 1802 tutum
788 1756 849 1801 non
877 1738 920 1802 sit
943 1740 1150 1820 pronunciare
1176 1736 1257 1801 inter
1283 1736 1412 1801 amicos.
1452 1735 1620 1800 Traditum

220 1827 224 1836 ¹
312 1842 396 1907 eninr
418 1849 467 1906 est
488 1840 663 1921 antiquitus
683 1838 776 1924 φίλων
795 1833 893 1918 κριτὴς
914 1832 956 1921 μὴ
975 1838 1064 1923 γίνου.
1107 1838 1198 1902 Nune
1219 1837 1432 1921 adiugulum.

543 1962 658 2027 Liride
675 1961 788 2043 Corde,
809 1980 912 2043 rogas,
936 1968 1086 2043 quantuni
1108 1962 1184 2025 nrihi
1206 1956 1466 2044 γνιθθισεαιιτὸν(1

421 2066 427 2077 “
468 2150 472 2156 1
504 2064 666 2131 Proinerit.
709 2064 838 2129 Multum
859 2083 1039 2145 magnaque
1061 2062 1146 2128 dona
1166 2064 1246 2127 tulit.

505 2166 597 2245 Quod
619 2174 716 2246 satur,
736 2184 789 2229 ere
809 2165 929 2246 gravis,
950 2165 1033 2247 quod
1053 2160 1122 2229 sunr
1141 2164 1273 2229 vestitus
1292 2163 1334 2228 ad
1357 2184 1503 2256 unguem!

505 2272 679 2351 Acceptum
700 2264 824 2347 studiis,
845 2266 1080 2345 livioeecorde,
1102 2266 1176 2331 iero.
1284 2300 1286 2303 ·

506 2370 658 2450 Quotus,
679 2368 805 2433 ridiculi
824 2377 940 2449 sector,
965 2375 1038 2433 sunt
1062 2366 1344 2449 dogmataoordi?

505 2472 616 2538 Omnis
636 2471 728 2535 homo
748 2470 854 2550 currit,
875 2469 979 2534 nullus
1000 2469 1116 2535 asellus
1138 2469 1229 2533 honro
1252 2470 1330 2535 eet.

505 2574 616 2641 Omnis
638 2573 730 2638 bomo
749 2573 846 2662 enuit
867 2569 929 2637 non
951 2571 1015 2651 dat,
1037 2570 1120 2653 quod
1141 2575 1237 2655 γνῶθι
1257 2566 1411 2653 cessetur,

506 2675 646 2741 Fastidit
664 2674 788 2740 steriles
807 2672 891 2737 culta
911 2673 1041 2737 iuventa
1062 2673 1219 2755 strophae.

395 2802 486 2867 Nihil
503 2802 619 2880 verius,
641 2798 722 2864 nihil
740 2798 871 2879 &arins
891 2797 955 2861 dici
978 2806 1089 2881 potest.

395 2906 437 2969 ht
455 2914 490 2969 nt
510 2926 530 2969 s
550 2902 710 2986 gravitate
730 2899 773 2965 sd
793 2900 896 2966 lacon
917 2898 1007 2964 dicta·
1025 2898 1270 2978 descendamus,
1301 2898 1375 2963 audi
1399 2919 1462 2962 rem
1485 2918 1558 2963 rero
1570 2900 1620 2966 ,si-

315 3008 489 3073 millimnm.
529 3005 688 3070 intrarunt
707 3010 834 3083 agreste
849 3000 1027 3085 euopoliurn
1045 3000 1107 3072 duo
1124 3000 1257 3065 studiosi
1274 3000 1355 3065 alter
1366 3000 1523 3081 Vinensis,
1541 3001 1622 3065 alter

315 3109 556 3196 Erphurdianus
572 3104 761 3171 bacularins.
799 3102 937 3167 Affertur
954 3102 1021 3169 vini
1038 3110 1176 3171 sextans.
1206 3102 1339 3183 bibitur,
1357 3102 1434 3167 fiunt
1445 3102 1621 3167 hilariores.
1705 3160 1707 3164 .

318 3212 464 3278 inscribit
485 3209 540 3274 ille
560 3208 646 3292 prior
666 3207 748 3272 bene
768 3205 930 3269 institutus
952 3205 1081 3288 parieti:
1109 3200 1208 3286 ,,Ἕριν
1227 3204 1337 3285 μίσειιί,
1364 3205 1519 3288 posterior
1538 3205 1621 3269 rnale

315 3315 417 3380 literis
434 3312 643 3391 inauguratus
662 3314 772 3389 utpote
788 3305 1179 3389 sophistes-barbasoulus,
1200 3306 1285 3387 quod
1306 3305 1386 3371 nibil
1407 3305 1494 3370 aliud
1511 3307 1619 3370 sciret:

315 3414 446 3499 „Omnis
462 3412 554 3476 borno
564 3410 687 3474 currit“.
716 3409 799 3473 Oasn
815 3407 1136 3487 intervenit-edituus,
1147 3408 1234 3489 legit,
1250 3407 1424 3472 admiratur
1432 3414 1465 3472 et
1477 3406 1621 3491 predicat

200 3557 211 3579 .
315 3515 519 3604 audientibus
529 3511 655 3576 rusticis
665 3529 792 3592 grecum
803 3510 936 3575 titulum.
964 3509 1050 3574 idern
1064 3510 1196 3593 exponit
1206 3510 1333 3573 axioma
1344 3511 1517 3593 protritum.
1539 3510 1619 3573 Tum

316 3619 502 3685 rusticorum
519 3613 613 3677 turba
624 3611 791 3677 Vinensem
811 3611 1008 3677 bacularinm
1023 3629 1103 3697 cena
1119 3612 1259 3693 gratuita
1275 3619 1306 3675 et
1322 3612 1439 3675 viatico
1460 3611 1621 3694 prosequi-

316 3730 367 3787 tur
388 3727 423 3784 ut
435 3717 567 3800 dignum
582 3713 675 3779 laude
700 3723 732 3778 et
750 3714 869 3797 premio
890 3714 1046 3793 iuvenem,
1061 3714 1192 3777 alterum
1211 3732 1285 3777 vero
1303 3712 1460 3777 mendacii
1481 3711 1622 3794 damnat,

317 3822 437 3895 irridet,
456 3816 599 3901 explodit
613 3825 647 3881 ut
663 3816 817 3881 uranum.
849 3816 977 3898 „Nos“‚
1000 3816 1154 3897 inquiunt,
1174 3864 1191 3893 „
1199 3814 1344 3880 sedemus
1355 3821 1386 3879 et
1403 3821 1434 3878 tn
1456 3812 1623 3880 confirmas

316 3918 769 3990 omnemhorninerncurrere⁴‘.
791 3917 947 3995 Quocirca
956 3918 1058 3981 laetus
1070 3917 1200 3999 peritior
1208 3915 1324 3981 deinde
1336 3915 1622 4000 scripsit:‚,Nullus

317 4026 427 4091 asinus
442 4028 491 4087 est
506 4021 625 4085 homo“.
655 4019 728 4084 Pari
748 4018 882 4084 inscicia
897 4026 930 4083 et
946 4017 1153 4083 deliramento
1168 4018 1326 4083 notabilis.
1357 4018 1436 4081 Vale
1453 4027 1484 4082 et
1500 4017 1599 4105 selue.

389 4132 561 4179 Handscurinl
579 4130 665 4177 F818
683 4130 725 4176 sol.
739 4128 840 4176 uuer-
853 4128 933 4175 rosv.
961 4128 1037 4176 Godr.
1057 4128 1081 4174 b.
1099 4128 1133 4173 Tu
1152 4128 1175 4175 S.
1193 4128 1242 4174 rot
1261 4144 1307 4174 von
1319 4128 1406 4187 Rclogi
1420 4127 1457 4173 bis
1470 4128 1606 4177 honorabo.

388 4220 399 4246 ⁸
418 4225 452 4269 ra
469 4223 616 4284 philantiam
681 4215 743 4267 ⁰ue
761 4222 845 4267 refert.
898 4214 909 4239 ⁰
928 4222 954 4266 u
967 4212 993 4265 et
1012 4208 1094 4267 αὐτὸν.
1119 4277 1122 4284 Ι

381 4376 478 4451 lvgr.
500 4379 554 4434 den
574 4377 687 4447 rorigen
708 4375 795 4436 Brief,
877 4372 890 4415 ²
913 4374 950 4431 So
976 4382 1063 4430 nennt
1084 4374 1191 4429 blutian
1212 4373 1265 4429 deu
1287 4374 1414 4441 Tilonin‚
1443 4374 1495 4429 wie
1516 4374 1623 4429 Kranae

319 4461 404 4516 sehon
415 4459 517 4527 richtig
530 4457 724 4524 bomerkthnt,
734 4474 829 4528 wcgen
840 4454 1028 4527 deshiiuligeu
1039 4454 1286 4510 Numenrrechsels.
1328 4450 1396 4511 ⁸De
1410 4457 1461 4527 leg.
1472 4454 1505 4511 V.
1518 4454 1576 4507 730
1592 4452 1623 4509 B.

317 4528 463 4602 Ἀλήθεια
497 4525 535 4602 δὴ
567 4526 691 4591 πάνπων
717 4527 771 4612 μὲν
796 4528 926 4615 ἀγαθῶν
953 4534 1032 4601 θεοῖς
1058 4526 1191 4611 ἡγεῖται,
1225 4522 1347 4589 πάντων
1379 4520 1414 4591 δὲ
1448 4522 1622 4611 ἀνθρώποις.

319 4617 334 4661 ⁴
354 4621 417 4696 Vgl.
438 4621 508 4676 iiber
528 4620 603 4675 disse
623 4616 704 4672 Siitze
724 4616 802 4688 Prie,
821 4616 886 4675 dod.
907 4616 1062 4672 'Prutfetter
1081 4632 1135 4669 von
1155 4614 1291 4673 Eisenach
1311 4614 1396 4677 ΜΒ,
