3625 5192
731 313 822 373 nass
841 318 962 375 Matiana
980 318 1040 375 eor.
1484 278 1539 376 ιιι

228 463 304 546 pati.
357 464 443 529 Saue
478 456 575 529 multo
616 468 754 532 maxime
783 467 939 533 Friderici
972 468 1091 541 verhaf’
1125 490 1175 534 me
1208 468 1387 534 oonthrtaut
1424 472 1536 550 optimi

228 565 392 648 principis,
414 586 494 649 quae
516 576 588 631 srrnt
608 569 726 633 oraculi
751 588 863 646 penes
873 589 925 634 me
946 570 1029 635 looo:
1055 571 1144 651 „Wir
1166 571 1279 635 wolleu
1300 571 1336 635 Iu
1363 574 1410 637 uit
1430 573 1535 639 lasseu

228 667 404 731 hinniehn“
406 670 536 747 ,cuius
567 677 600 733 tu
629 669 863 754 hierophantas.
917 671 980 735 sed
1012 692 1160 753 magnam
1192 673 1233 738 de
1263 694 1314 738 me
1344 694 1379 738 es
1408 674 1537 739 meritus

226 770 379 850 gratiam,
405 770 519 867 immo·
529 771 705 852 ingentem,
734 791 829 852 quam
856 773 914 838 tihi
944 774 1057 837 rel'erre
1089 774 1217 855 quidem
1247 752 1316 839 Deo
1344 777 1537 842 eoncedente

221 890 373 953 ⁴possum3
403 878 436 936 at
463 860 600 956 principi
625 892 686 935 nou
708 892 836 956 possum
863 881 947 937 certe
966 874 1006 937 oh
1028 875 1277 955 magnitudinem
1300 878 1537 943 elementissimi
1619 914 1621 919 .

225 974 323 1038 animi
346 993 424 1055 erga
443 995 493 1039 rue
511 975 576 1049 sui,
598 994 691 1056 quem
713 994 769 1059 per
790 976 956 1058 epistolam
979 976 1135 1041 ineffabili
1157 997 1213 1041 sua
1235 977 1377 1043 bonitate
1400 980 1544 1063 ipsemet·
1606 1056 1612 1066 Ι

228 1076 370 1139 mihimet
398 1076 461 1160 ipsi
490 1075 644 1155 ostendit,
673 1084 705 1140 et
732 1076 921 1159 Spoletinus
947 1078 989 1141 ab
1018 1097 1073 1141 ore
1100 1078 1277 1143 Bernhardi
1304 1079 1344 1144 de
1365 1080 1535 1163 Hirsl'eld2,

226 1173 412 1264 principalis
441 1178 642 1259 orubioularii,
666 1198 791 1261 quoque
812 1179 970 1263 promisit.
999 1186 1093 1261 tuque
1121 1182 1183 1244 iam
1207 1180 1328 1264 pridem
1351 1181 1461 1247 diviua
1487 1203 1535 1249 res
1559 1174 1570 1216 ¹·

225 1300 343 1362 sponsa
368 1280 464 1365 plane
487 1265 661 1345 confirmas.
709 1280 759 1345 Ne
780 1282 878 1363 igitur
903 1282 1025 1345 interea
1044 1303 1104 1345 nou
1127 1302 1270 1364 agerem,
1295 1281 1379 1364 quod
1399 1284 1480 1353 toret
1501 1285 1533 1350 in

225 1383 400 1465 principem
436 1382 642 1465 gratitudinis
676 1382 843 1461 iudicium,
879 1384 1028 1449 constitui
1065 1403 1184 1448 mecum
1221 1385 1272 1448 vel
1305 1384 1533 1467 aliquantulum

225 1485 362 1549 muneris
393 1484 437 1564 ei,
469 1486 529 1549 etsi
563 1476 726 1549 minimum
761 1493 1002 1583 repraesentare
1034 1486 1137 1567 magis
1167 1504 1262 1568 quam
1292 1487 1419 1552 omniuo
1454 1488 1533 1553 nihil

224 1576 345 1651 offerro.
389 1587 423 1649 ln
448 1595 512 1649 tam
542 1586 639 1681 igitur
666 1587 754 1651 brevi
782 1576 932 1669 temporis
961 1597 1118 1652 momento
1140 1595 1230 1653 tauta
1251 1587 1325 1653 licet
1346 1588 1558 1665 constrictus·

224 1684 369 1753 molestia
395 1695 427 1751 et
456 1696 520 1751 tam
546 1676 741 1770 importabili
767 1706 893 1771 pressus
919 1706 1008 1767 eura,
1044 1695 1150 1753 tameo
1184 1687 1225 1752 ad
1261 1690 1417 1755 laudem·
1413 1691 1533 1775 inclyti

222 1790 314 1854 ducis
342 1789 494 1855 Friderici
522 1790 722 1872 notionisque
750 1808 827 1853 suae
854 1790 955 1853 vitam
981 1790 1180 1855 Constantini
1207 1793 1314 1873 magui
1325 1793 1348 1873 ³,
1380 1770 1533 1858 maiorum

223 1911 349 1957 suorum
367 1892 543 1976 propinqui,
565 1912 584 1957 e
599 1894 714 1973 graeco
730 1892 763 1955 in
776 1892 908 1955 latinum
921 1891 1067 1957 transtuli
1084 1912 1153 1955 eum
1176 1894 1374 1977 prestatione
1395 1894 1531 1961 honoria.

224 1993 303 2057 llmn
332 1994 475 2057 libellum
509 1992 761 2077 chalcographus
793 1992 899 2057 adhuc
935 2012 1034 2075 usque
1067 1992 1161 2057 hodie
1197 2002 1273 2079 typo
1304 1996 1457 2079 imprimit
1490 1996 1532 2061 ad

223 2094 383 2160 nundinas
422 2095 583 2178 proximas
618 2092 951 2175 Francophordienses
983 2112 1097 2173 venum
1129 2094 1287 2161 ducturus.
1345 2096 1438 2161 Unde
1469 2118 1531 2163 nou

222 2196 352 2263 dubium
379 2208 440 2275 est,
468 2196 509 2260 ad
537 2207 567 2262 te
595 2196 670 2278 quin
698 2204 758 2260 eat.
809 2196 877 2276 Ego
903 2196 1020 2259 curabo
1050 2196 1233 2280 diligenter,
1259 2205 1294 2262 ut
1319 2198 1532 2264 illustrissimo

223 2299 295 2363 duoi
322 2301 365 2365 ab
394 2300 534 2383 emporio
560 2299 709 2365 mittatur.
760 2297 852 2375 Quod
881 2306 987 2363 auteur
1009 2300 1294 2365 caesareanorum
1315 2299 1398 2364 male
1420 2300 1461 2365 de
1482 2320 1531 2366 me

222 2402 350 2481 sentire,
369 2402 508 2484 prolecto
530 2420 591 2465 non
612 2420 722 2465 omnes
742 2401 788 2464 ita
808 2400 957 2475 sentiunt,
979 2401 1034 2464 sed
1059 2403 1147 2483 torte,
1169 2420 1298 2483 quorum
1320 2403 1362 2467 ab
1383 2422 1436 2467 oro
1459 2412 1532 2467 runt
1558 2426 1564 2435 ·

221 2503 320 2568 ubera
337 2504 500 2569 subtracta
518 2503 651 2567 oonsilio
672 2522 742 2566 meo
763 2504 859 2566 etiam
880 2521 931 2566 me
951 2502 1125 2583 ignorante.
1168 2504 1379 2595 Atehoduml
1421 2504 1530 2587 quiin

221 2606 369 2671 domibus
389 2626 498 2689 regum
520 2612 602 2684 suut,
624 2604 771 2669 mollibus
792 2605 995 2668 vestiunturi.
1039 2604 1110 2669 Nou
1129 2606 1189 2670 erit
1204 2606 1281 2670 mihi
1297 2626 1395 2689 grave
1406 2607 1530 2671 illorum
1626 2654 1628 2657 -

221 2728 389 2775 susurrum.
438 2709 486 2771 Τιι
514 2716 598 2772 recte
624 2714 720 2787 atque
741 2726 815 2771 vere
836 2726 937 2771 meam
963 2708 1176 2772 innocentiam
1201 2708 1372 2773 defendisti
1393 2708 1433 2774 de
1454 2728 1531 2773 auro

222 2810 366 2887 ludaico,
392 2810 477 2893 qood
503 2824 666 2891 nunquam·
691 2809 808 2893 cupivi.
857 2808 953 2889 Nullo
981 2810 1065 2873 euim
1088 2810 1173 2874 vitae
1193 2829 1283 2875 meae
1309 2818 1449 2894 tempore
1480 2810 1529 2876 vel

113 2950 119 2965 ·
221 2933 330 2978 aurum
359 2914 409 2977 vel
434 2920 598 2995 argentum
629 2919 684 2975 aut
710 2912 794 2975 aeris
823 2910 958 2975 alieuius
979 2919 1136 2975 monetam
1158 2932 1177 2975 a
1199 2910 1315 2975 ludaeo
1337 2912 1389 2976 vel
1412 2912 1530 2977 ludaea

222 3013 273 3080 vel
298 3018 405 3081 eorum
433 3015 501 3079 loeo
524 3034 563 3078 ao
589 3013 716 3079 nornine
742 3022 883 3093 uuquam
913 3011 1022 3093 accepi
1052 3032 1153 3094 neque
1182 3033 1238 3096 per
1265 3033 1315 3077 me
1342 3032 1443 3095 neque
1474 3034 1530 3097 per
1607 3094 1609 3099 ,

221 3118 316 3181 alium
342 3135 521 3198 quenquam
547 3134 650 3198 neque
675 3115 821 3198 accipere
847 3116 984 3198 speravi.
1027 3114 1117 3191 Quod
1139 3116 1171 3177 in
1194 3114 1292 3179 Oculo
1313 3106 1470 3198 speculari
1490 3116 1529 3180 de

221 3219 387 3285 mendacio
405 3218 607 3303 Peperioorni
630 3217 725 3281 XXll
747 3218 854 3300 palam
869 3225 1038 3281 attestatos
1059 3236 1136 3295 sum,
1159 3216 1254 3299 idque
1271 3216 1366 3280 nullis
1379 3215 1531 3285 hactenus

224 3354 311 3365 ..a-.-..

284 3424 293 3467 ¹
316 3428 430 3498 Worte,
454 3429 560 3483 welche
580 3428 723 3483 Friedrich
744 3447 778 3482 zu
798 3424 947 3483 hlutiaur
928 3432 1071 3499 geiirrssert
1091 3426 1147 3483 hat
1190 3428 1255 3499 vgt.
1277 3428 1330 3481 den
1352 3426 1380 3479 in
1402 3424 1484 3480 Anm.
1509 3426 1526 3479 2

221 3509 247 3565 S.
268 3506 327 3563 390
347 3510 533 3581 angefrihrten
554 3508 635 3563 Brief
651 3508 798 3578 Spalatins.

282 3586 371 3644 ²Rat
395 3590 551 3645 Friedriohs
576 3591 624 3643 des
644 3590 774 3656 Weison‚
797 3589 916 3643 welcher
941 3589 985 3643 boi
1012 3589 1155 3643 Mutian
1147 3608 1175 3642 ιιι
1202 3588 1314 3643 nieht
1307 3586 1449 3659 geringern
1471 3583 1528 3639 An·

219 3671 304 3725 seheu
325 3672 414 3727 stand.

281 3745 513 3805 3Constantinus
535 3749 653 3820 Magnus
674 3750 860 3804 Romanorum
887 3752 1037 3820 imperator
1058 3746 1167 3804 Ioanne
1184 3749 1320 3804 Reuohliu
1345 3748 1349 3811 Ι
1374 3745 1527 3801 Phoroeusi

220 3830 378 3901 interprete.
429 3830 531 3883 1231.
556 3830 586 3883 in
612 3826 658 3883 40.
706 3830 853 3901 Tuhingae
886 3832 960 3901 apud
993 3830 1129 3885 Thomum
1157 3830 1339 3885 Anshelmum
1371 3826 1524 3882 Badensem

220 3928 313 3965 meuse
335 3910 472 3981 Augusto.
514 3911 595 3964 Auno
617 3910 654 3963 tl
676 3910 710 3963 D.
730 3910 810 3966 Xlll.

278 3986 456 4045 ⁴Mtttthiiuo
478 3990 525 4056 11,
546 3990 572 4044 8.
612 3990 707 4044 erkas
729 3990 756 4057 l,
778 3990 823 4044 25.

278 4065 373 4125 ὁἙόΙ.
394 4071 456 4127 XL
503 4071 558 4125 Die
587 4070 672 4123 XXII
697 4072 854 4125 vnnarhait
879 4070 928 4125 hat
952 4071 1001 4124 der
1026 4070 1144 4141 getaufft
1170 4070 1218 4123 ind
1246 4068 1289 4123 uff
1311 4069 1386 4122 mich
1413 4068 1528 4121 erdacht

218 4168 254 4204 an
274 4150 337 4205 dem
359 4135 409 4205 IX.
437 4151 499 4204 blat
523 4151 596 4205 seins
621 4151 897 4217 sehmaohbiichlius‚
927 4150 978 4204 alls
1004 4152 1040 4204 ob
1067 4151 1112 4203 ich
1132 4168 1186 4203 ron
1207 4150 1260 4203 deu
1282 4148 1364 4203 iudeu
1387 4154 1454 4203 eth
1473 4148 1528 4203 solt
1569 4222 1572 4231 .

127 4264 130 4269 -
218 4248 385 4302 genommen
406 4231 507 4299 haben,
527 4230 615 4285 fuir
593 4248 633 4285 ιιι
653 4232 728 4285 rnnd
749 4232 861 4286 wider
852 4250 882 4285 ru
903 4248 933 4284 ze
955 4230 1110 4299 schreiheu‚
1130 4230 1181 4284 mit
1201 4231 1249 4285 der
1267 4230 1395 4300 gleiohen
1414 4240 1526 4295 norrea,

219 4311 263 4364 die
290 4309 374 4365 iudan
399 4310 510 4365 werffeu
532 4312 608 4365 mich
633 4311 707 4365 hoch
727 4310 782 4377 uff,
809 4301 927 4366 dassclb
941 4329 1003 4365 uem
1026 4312 1054 4363 in
1076 4310 1117 4364 nit
1140 4310 1263 4377 rruudor,
1291 4310 1364 4364 daun
1385 4324 1447 4363 wer·
1461 4307 1526 4362 ineu

218 4390 304 4459 dieut,
323 4392 386 4445 dem
407 4391 507 4445 dienen
533 4391 573 4445 sic
594 4391 693 4459 wider,
713 4391 851 4446 hesunder
871 4410 902 4445 so
924 4408 953 4444 ea
975 4396 1071 4445 ottwas
1092 4391 1176 4444 wider
1198 4390 1243 4444 die
1265 4388 1424 4443 cristenlich
1445 4387 1525 4442 kir'oh

218 4488 252 4525 zu
270 4471 393 4525 nachtail
410 4471 542 4528 kommeu
557 4472 624 4526 oder
633 4472 747 4526 narchen
763 4490 836 4543 mog,
858 4472 909 4526 wie
932 4490 961 4525 er
980 4472 1029 4527 das
1049 4472 1120 4525 auch
1142 4464 1173 4523 zii
1195 4471 1298 4524 anderu
1319 4469 1412 4523 leuteu
1435 4470 1525 4522 miiut·

217 4550 274 4608 lich
301 4552 399 4628 gcredt
423 4552 476 4611 soll
502 4552 603 4611 habeo.
645 4550 702 4612 ror
729 4570 784 4613 war
807 4571 865 4614 nun
887 4551 944 4611 hab
968 4552 1014 4609 ich
1035 4550 1101 4608 iueu
1122 4551 1168 4609 nie
1189 4550 1291 4611 tanen
1311 4549 1402 4607 dieust
1420 4549 1525 4627 gethou
