3625 5192
318 352 353 409 28
689 355 949 425 Geschiobtsquellen
969 356 1017 409 der
1033 356 1108 441 Prov.
1125 354 1250 411 Snchsen.

318 505 462 587 equitare
488 505 651 571 nobiscum
676 506 847 570 constituit.
889 504 1041 569 Gravitas
1061 523 1180 587 magna
1199 506 1300 569 virtus
1325 511 1390 586 eat,
1417 506 1501 570 banc
1522 510 1627 569 molen

319 608 352 672 in
374 625 455 689 equo
477 606 562 672 nullo
584 606 676 672 modo
699 607 833 692 probare
854 626 996 691 possum,
1025 606 1081 670 sed
1102 626 1210 690 pugno
1236 607 1415 673 calcaribus
1435 614 1468 672 et
1488 607 1628 687 verbere,

321 717 353 773 ut
374 709 522 773 alacriter
542 709 697 773 decurrat.
741 709 776 773 ln
798 709 888 773 asino
910 707 1142 772 molendinario
1170 708 1351 774 tarditatem
1373 709 1491 775 crebris
1512 710 1628 775 ictibus

318 811 477 875 asinarius
501 810 646 893 castigat.
694 810 749 875 Sin
780 810 812 875 in
845 830 921 877 sene
948 830 1010 875 non
1043 830 1167 894 semper
1196 812 1340 895 gravitas
1370 810 1533 892 laudator,
1565 811 1627 876 nisi

320 912 411 978 bonis
437 912 550 977 ceteris
577 912 698 977 adiuta.
737 914 780 976 At
801 932 875 977 vero
896 913 985 977 dices
1005 911 1102 975 alram
1125 930 1195 977 esse
1217 930 1336 977 morum
1370 912 1466 977 aliam
1487 914 1628 999 corporis

318 1014 516 1097 gravitatem.
560 1013 706 1079 Concedo
738 1021 770 1078 et
797 1014 880 1080 hanc
912 1014 971 1079 tibi
1000 1014 1164 1099 permitto,
1195 1014 1283 1080 illam
1314 1014 1482 1099 Spalatino
1512 1016 1627 1080 tribuo.

320 1118 431 1200 Neque
456 1124 487 1181 te
513 1136 706 1199 magnopere
727 1123 876 1181 moveant
902 1118 1041 1181 investes
1067 1136 1148 1198 gene
1179 1123 1235 1181 aut
1255 1116 1402 1182 humilior
1422 1124 1545 1182 statura
1572 1128 1628 1183 ant

319 1219 376 1283 illa
401 1218 441 1283 de
469 1218 531 1284 fide
562 1218 693 1299 questio.
736 1218 815 1296 Quis
842 1218 962 1283 hircum
989 1218 1136 1302 promissi
1164 1218 1292 1283 barbitii
1324 1220 1391 1283 inre
1415 1217 1532 1284 dixerit
1556 1238 1627 1285 esse

319 1320 537 1405 sapientern¹l
577 1321 656 1400 Quis
677 1341 738 1386 non
761 1322 864 1404 magis
886 1321 1003 1387 coleret
1022 1320 1179 1384 eruditum
1201 1340 1475 1404 pygmenmquam
1498 1319 1628 1387 rudissi-

320 1442 403 1487 mum
424 1430 612 1506 gygantum,
635 1443 728 1506 quum
751 1423 915 1509 presertim
938 1443 1000 1487 oon
1025 1422 1119 1487 robur
1139 1423 1171 1486 in
1192 1421 1360 1504 magistro,
1384 1423 1441 1488 sed
1463 1423 1626 1489 literatura

321 1526 491 1607 queratur?
535 1527 585 1590 An
619 1526 750 1607 ignoras
780 1526 871 1610 parvi
902 1524 1042 1609 corporis
1073 1542 1142 1589 esse
1179 1543 1337 1606 gemmas,
1373 1526 1563 1606 margaritas
1594 1531 1626 1590 et

320 1628 555 1711 preciosissima
575 1630 719 1712 queque?
761 1628 850 1693 Satis
870 1636 963 1692 notus
983 1633 1033 1691 eat
1051 1625 1224 1691 versiculus
1244 1625 1333 1691 ille2:

592 1744 746 1827 „Ingenio
767 1744 873 1828 pollet,
894 1744 946 1808 cni
967 1743 1031 1807 vim
1052 1750 1166 1806 natura
1185 1742 1344 1822 negavitf‘

320 1877 353 1932 et
373 1868 488 1933 dieitur
507 1869 615 1935 nescio
635 1868 677 1934 de
697 1888 772 1952 qno:

592 1985 744 2069 „Ingenio
765 2001 907 2067 pugnax,
927 2000 1057 2066 corpore
1078 2001 1196 2065 parvus
1216 1984 1312 2046 erat“

401 2100 437 2163 Si
462 2100 503 2165 ob
529 2099 563 2164 id
592 2099 791 2184 Spalatinum
824 2097 978 2181 despicis,
1008 2096 1094 2179 quod
1121 2098 1185 2182 ipsi
1213 2099 1317 2163 minus
1342 2099 1430 2164 celsa
1456 2100 1626 2181 contigerit

320 2207 451 2281 statura,
471 2202 545 2267 vide
568 2222 606 2267 ne
629 2203 722 2267 simul
743 2220 793 2265 me
813 2200 905 2285 parvi
927 2198 1058 2284 pendas,
1079 2199 1129 2264 cui
1150 2199 1214 2264 rlno
1234 2219 1350 2282 magna
1372 2201 1526 2267 beneficia
1537 2202 1627 2267 dedit

321 2302 507 2368 immortalis
534 2303 635 2385 Dens,
661 2310 694 2367 ut
715 2322 816 2369 essem
845 2301 978 2367 idonens
1005 2302 1099 2367 rebus
1125 2302 1387 2368 administrandis
1413 2310 1445 2368 et
1470 2304 1626 2369 astudiis

321 2404 482 2469 literarum
504 2405 587 2469 haud
612 2424 771 2487 quaquam
792 2423 931 2470 aversus.
973 2401 1064 2482 Quod
1085 2412 1190 2469 antem
1219 2411 1251 2469 te
1276 2405 1379 2470 iactas
1400 2407 1441 2470 ob
1462 2405 1625 2488 antiquam

321 2505 517 2586 fidelitatem,
538 2508 662 2589 aginrus
684 2507 741 2570 libi
764 2506 886 2588 gratias
907 2513 939 2570 et
959 2505 1126 2571 laudamus
1147 2513 1179 2571 et
1201 2514 1306 2588 patres
1327 2516 1450 2573 nostros
1471 2509 1503 2572 io
1524 2508 1625 2573 celum

321 2608 510 2689 extollimus,
532 2607 616 2691 quod
637 2608 725 2671 nulla
746 2609 811 2673 sint
832 2607 1062 2690 ingratitudine
1078 2608 1244 2674 notabiles.
1291 2610 1341 2673 Tu
1363 2610 1462 2675 verba
1481 2610 1625 2675 dissemi-

322 2711 416 2789 nasti,
439 2729 549 2775 aurum
572 2710 737 2793 collegisti,
768 2730 823 2792 pro
846 2709 1052 2774 Alexandr0³
1072 2708 1235 2777 demortuo
1258 2730 1372 2795 panem
1394 2720 1425 2776 et
1446 2712 1553 2775 vinum
1575 2732 1625 2776 ac-

320 2812 443 2895 cepisti.
493 2811 629 2893 Fecisti,
656 2811 734 2876 mibi
762 2810 869 2887 crede,
897 2813 976 2877 satis
1002 2812 1129 2877 uberem
1152 2812 1362 2894 vindemiam,
1387 2813 1466 2878 satis
1491 2815 1626 2878 t'ruetno-

320 2935 388 2979 sam
410 2933 553 2995 messem,
576 2914 717 2995 relinque
739 2914 811 2977 buie
832 2914 939 2978 iuveni
962 2914 1074 2979 saltem
1096 2914 1341 2980 racemationem
1363 2922 1395 2980 et
1414 2914 1625 2999 spicilegium.

321 3018 454 3083 Cautum
482 3024 530 3080 est
555 3016 639 3081 enim
665 3016 736 3098 lege
758 3015 914 3096 Mcsaica,
943 3036 983 3081 ne
1011 3016 1083 3098 quis
1109 3036 1220 3099 agrum
1248 3036 1336 3081 suum
1365 3024 1462 3081 totum
1489 3018 1626 3101 penitus·

321 3139 382 3201 qne
411 3118 598 3191 demeteret,
633 3117 689 3183 sed
715 3118 890 3201 portionem
917 3118 1057 3200 aliquam
1083 3117 1239 3199 egestosis
1273 3120 1472 3200 relinqueret.
1525 3118 1627 3183 liuius

321 3221 449 3301 legista
472 3219 619 3286 sacerdos
640 3220 785 3285 oblivisci
807 3238 869 3284 non
882 3218 981 3285 debes
999 3226 1031 3284 et
1049 3220 1076 3285 si
1094 3220 1134 3284 ob
1155 3226 1271 3285 etatem
1292 3220 1500 3299 oblivisceris,
1522 3240 1580 3285 nos
1596 3229 1627 3285 te

320 3323 581 3388 commonemus.“
632 3322 794 3387 Hactenus
824 3330 874 3399 tu,
904 3321 1049 3401 Urbane,
1088 3342 1158 3387 cnm
1190 3322 1296 3387 vetulo
1328 3322 1415 3402 gallo
1448 3320 1627 3387 contendes.

320 3425 422 3504 Nune,
444 3444 484 3489 ne
507 3443 661 3490 moremur
683 3430 739 3489 aut
759 3432 790 3489 te
811 3426 866 3488 aut
885 3422 1036 3489 abbatem
1058 3430 1115 3489 aut
1136 3422 1286 3507 prodesse
1307 3423 1357 3487 eui
1380 3423 1452 3488 volo
1463 3442 1504 3487 ne
1513 3424 1626 3502 obsim,

320 3527 430 3591 demus
452 3526 542 3608 equis
564 3528 668 3591 t'renos
690 3534 721 3591 et
743 3526 774 3591 in
795 3526 961 3591 cenobium
982 3528 1105 3591 alacres
1117 3526 1322 3609 pervolemus.
1358 3525 1437 3590 Vale
1454 3532 1487 3590 et
1497 3525 1627 3608 ignosce

320 3629 403 3694 iocis
425 3634 458 3693 et
478 3628 613 3693 cavillis.
653 3629 791 3712 Raptim.

390 3788 570 3836 Hundsclrristl.
592 3788 611 3833 l*
631 3788 662 3835 35
683 3788 724 3835 sol.
739 3786 897 3835 arv—uer.
935 3786 1010 3833 Gedr.
1029 3786 1053 3832 b.
1070 3786 1104 3832 Tu
1126 3788 1149 3833 S.
1164 3781 1284 3833 86-37.
1313 3786 1367 3832 l'om
1390 3786 1489 3846 Aujanq
1507 3786 1543 3833 uta
1561 3802 1625 3834 corn·

319 3859 440 3905 mandore
458 3858 572 3918 gravaris
591 3858 639 3903 rsrrd
661 3874 706 3904 rore
724 3860 758 3904 Ae
778 3872 837 3903 vero
856 3856 924 3904 dicus
941 3856 978 3903 bis
995 3856 1187 3916 lmudquuqunrn
1206 3870 1315 3903 aversus.

320 4151 337 4206 fi
383 4069 394 4111 ¹
417 4073 480 4146 Vgl.
503 4072 652 4145 Apuleius,
681 4072 923 4143 bletamorphosen
945 4071 1003 4143 xl,
1021 4072 1054 4125 8:
1085 4076 1114 4125 ot
1144 4070 1252 4125 hircino
1283 4070 1404 4124 barbitio
1427 4070 1625 4142 philosophum

339 4160 443 4225 rugaret.

383 4250 397 4295 2
417 4254 531 4311 Catonis
550 4256 670 4313 disticha
688 4257 717 4311 ll
737 4274 762 4311 v.
785 4256 833 4313 28.
874 4253 948 4309 Statt
968 4253 1080 4325 ingenio
1101 4253 1188 4308 heisst
1208 4272 1239 4309 es
1258 4253 1384 4309 consilio.

380 4352 657 4416 ³Wahrsebeinlieh
679 4360 724 4416 ein
746 4357 968 4431 Georgenthaler
986 4355 1099 4411 libneh.

873 4576 1074 4587 -——-——-o
