3625 5192
668 371 758 429 Brieie
777 371 898 429 Matiene
916 373 977 430 Sil.
994 371 1054 432 372.
1480 372 1511 426 31

209 530 241 588 et
260 541 368 588 euram
391 530 616 608 presumptum,
636 523 743 589 datum
767 522 1039 588 videlicetiuisset
1059 529 1124 590 toto
1137 523 1212 589 erbe
1224 531 1378 588 terrarum
1395 521 1529 610 inelyte

210 627 421 710 prevideneie.
463 626 527 691 Sed
550 626 585 692 iit
604 648 690 692 more
711 607 858 708 quodam,
879 633 913 690 nt
934 625 1037 702 ilium,
1059 627 1108 690 eui
1132 627 1214 690 maie
1237 626 1389 704 succedit,
1411 623 1514 689 minus

210 727 389 812 providisse
410 729 594 808 indicemus,
617 730 763 810 quamvis
781 729 848 792 ime
860 728 987 790 nitatur.
1030 727 1089 792 iiie
1110 728 1222 792 estiiie
1232 727 1369 792 Schaliis
1380 729 1401 807 ¹,
1421 745 1513 808 quem

209 831 240 894 in
263 830 363 894 iiteris
385 831 427 895 ad
451 837 481 895 te
503 832 577 894 oiim
600 832 724 912 notavi,
751 829 889 914 perfidus
915 839 946 896 et
976 849 1144 914 arrogans,
1173 837 1207 893 ut
1233 831 1297 894 fere
1327 834 1400 894 sunt
1421 829 1510 894 Hers

206 931 380 998 ieidienses
400 941 432 996 et
447 933 582 999 Latiam.
624 933 727 1016 Ausus
750 938 798 998 est
820 932 946 998 cuidam
963 933 1123 1015 Georgius
1145 931 1342 996 subscribere
1361 951 1423 996 non
1445 931 1514 996 sine

207 1036 342 1100 intamia
362 1036 393 1099 in
416 1042 537 1119 petrem
561 1035 788 1100 Hartmannnm
816 1035 952 1117 „Gieicb
982 1056 1017 1100 se
1038 1055 1123 1099 wern
1147 1036 1199 1100 die
1221 1035 1307 1116 Sigei
1336 1033 1393 1100 des
1413 1031 1514 1098 Stiiits

208 1137 395 1202 onbiiiieber
414 1137 749 1221 gestaitubergeben.“
790 1137 881 1202 Hane
897 1138 1010 1202 falsam
1023 1145 1054 1202 et
1064 1137 1246 1204 ementitam
1267 1135 1513 1220 publicationem

208 1239 332 1303 invadit
344 1238 558 1304 Hartmannus
578 1227 712 1303 veritate
733 1241 765 1303 in
786 1239 924 1304 inedium
938 1239 1070 1323 prolata.
1113 1239 1214 1322 Urget
1233 1239 1312 1304 dnos
1333 1238 1514 1303 monachus.

207 1341 380 1406 Prosternit
399 1341 723 1406 mendaciaSebaliis.
766 1341 805 1405 Et
828 1349 904 1425 puto
925 1342 957 1404 in
980 1342 1039 1404 hoe
1061 1359 1177 1422 genere
1198 1340 1278 1405 nibil
1302 1341 1398 1406 scribi
1421 1359 1513 1423 posse

206 1444 370 1508 nervosius
385 1451 423 1524 et
443 1445 581 1524 gravius.
625 1443 659 1508 in
681 1443 781 1508 attera
801 1442 938 1525 epistola
966 1479 1006 1490 -
1035 1443 1115 1506 dues
1136 1443 1220 1508 enim
1248 1441 1383 1507 exhibeo
1409 1443 1512 1524 legen-

207 1547 325 1609 das-
347 1547 524 1612 continetur
534 1546 725 1630 simplicitas
736 1546 911 1626 legatorum
919 1547 942 1625 ³,
964 1546 1017 1608 die
1039 1545 1187 1626 engeieit
1208 1565 1269 1626 gen
1291 1544 1378 1609 tuida
1400 1545 1513 1610 komen

207 1649 285 1714 sein,
327 1647 427 1714 Multa
446 1649 506 1714 seit
523 1647 734 1726 Hereberdus,
754 1653 898 1712 versutus
920 1655 951 1712 et
969 1647 1164 1712 callidusest
1179 1645 1388 1730 Utisbergius.
1430 1647 1514 1710 Noni

207 1749 305 1834 probe
326 1758 500 1831 utrumque.
542 1749 614 1815 Non
636 1758 742 1814 tumen
764 1750 871 1814 omnia
891 1750 1003 1814 seiont.
1044 1749 1262 1814 Perdidissent
1278 1756 1354 1814 sect
1374 1749 1515 1814 ciuitatis
1602 1765 1611 1778 ·

206 1854 350 1931 salntem,
371 1853 398 1918 si
418 1853 449 1916 iu
476 1872 587 1917 manus
609 1853 761 1917 nobilium
781 1851 977 1918 incidissent.
1018 1852 1183 1936 Aspiravit
1204 1851 1372 1916 temeritati
1398 1851 1514 1914 eeieste

207 1956 378 2039 presidium
409 1961 441 2019 et
463 1956 593 2020 instanti
622 1954 763 2038 periculo
785 1954 897 2028 Cretes
918 1956 1119 2020 securitatem
1141 1953 1287 2020 reddidit.
1339 1953 1387 2018 lta
1409 1952 1512 2017 fraudi

205 2077 267 2121 non
289 2057 349 2121 tuit
369 2058 474 2121 stultis
494 2054 671 2121 crateribus
683 2055 731 2120 ira
742 2055 929 2122 nobilitatis.
971 2055 1038 2120 Hec
1058 2056 1171 2120 meiius
1192 2061 1359 2122 narrantur
1380 2054 1512 2142 aCrete.

205 2160 253 2222 'Pu
275 2160 450 2224 occultabis
478 2179 558 2240 rem,
584 2178 623 2224 ne
650 2159 765 2224 civitas
792 2159 852 2222 tibi
877 2165 909 2223 et
932 2159 994 2224 tuis
1022 2159 1099 2225 velit
1126 2177 1196 2226 esse
1218 2158 1366 2237 inimica,
1394 2156 1451 2222 sed
1472 2158 1514 2220 sit

205 2263 315 2343 pocius
345 2261 485 2344 propitia
518 2267 549 2326 et
575 2260 700 2326 fautrix.
757 2260 915 2326 Promittit
948 2269 1053 2326 noster
1087 2261 1141 2326 ilie
1168 2261 1292 2342 legatus
1318 2257 1455 2341 grandia
1482 2266 1514 2323 et

205 2365 329 2428 iocum⁴
348 2364 486 2428 inieiieis
508 2363 668 2428 Bubetani
695 2363 848 2448 presumit
875 2361 935 2425 boc
961 2365 1118 2446 pret'atns,
1147 2363 1174 2427 si
1195 2362 1289 2444 vetit,
1311 2363 1377 2426 iore
1406 2369 1438 2426 ut
1459 2359 1514 2424 fiat

205 2483 373 2531 successor.
416 2465 537 2530 Eadem
559 2467 679 2532 iratus
701 2468 808 2530 iactat.
850 2464 978 2542 Quanta
1001 2464 1058 2530 bec
1086 2463 1233 2530 insania?
1273 2466 1357 2528 Ante
1379 2463 1512 2547 pretinm

204 2569 292 2632 canit
313 2567 462 2650 hymnum
480 2567 621 2632 victorie.
664 2566 745 2632 iliud
767 2574 914 2650 expecto,
942 2565 1066 2648 qualem
1087 2566 1128 2631 lis
1151 2567 1193 2630 sit
1215 2566 1332 2630 exitum
1355 2563 1512 2630 habitura.

206 2671 349 2753 Litigant
370 2670 530 2734 debitores
550 2689 619 2734 curn
642 2668 861 2748 creditoribus,
883 2687 1000 2750 negare
1021 2675 1135 2732 sortem
1158 2687 1220 2732 non
1240 2673 1380 2752 pessunt,
1402 2685 1513 2732 usuras

207 2792 281 2837 vero
302 2792 364 2837 non
388 2772 519 2838 reddere
541 2771 635 2837 iidem
659 2773 772 2836 bonam
794 2770 939 2836 intirmat.
982 2771 1123 2836 Tametsi
1147 2769 1360 2834 secernente
1387 2788 1461 2834 eras
1482 2776 1515 2832 et

121 2893 127 2904 ’
205 2874 323 2958 tempta
346 2894 408 2938 non
431 2874 558 2954 babeat,
580 2873 662 2938 adeo
683 2874 775 2938 deam
798 2873 910 2936 Fidem
935 2872 1102 2954 negligunt
1123 2873 1280 2937 mortales.
1323 2871 1410 2935 Vaie.

286 2977 346 3041 Die
368 2977 463 3041 Ievis.

274 3105 455 3169 danismam.
474 3121 552 3170 nter
575 3123 617 3170 nr.
630 3117 823 3168 iser-raes.

268 3399 367 3476 ¹ng
391 3402 435 3458 Br.
449 3404 507 3458 309
530 3402 557 3460 S.
567 3403 625 3458 338
648 3401 769 3459 ΛΜΞ.

265 3501 395 3576 ²Geerg
414 3523 468 3562 von
486 3503 724 3573 Weitersbauseu,
745 3503 925 3576 Praepositae
946 3521 999 3558 ron
1020 3503 1183 3558 Fratrensee.

266 3601 282 3646 ³
301 3605 367 3678 tgr.
385 3605 431 3663 Br.
443 3607 503 3662 365
522 3605 549 3662 S.
561 3606 608 3662 24.

266 3704 364 3763 ⁴Den
376 3707 479 3764 Posteri
500 3711 549 3764 hat
569 3709 715 3764 Hereberd
739 3727 790 3763 ron
811 3710 861 3763 der
871 3709 998 3764 Martben
1022 3709 1099 3764 nieht
1118 3709 1199 3781 lange
1220 3709 1292 3764 nach
1304 3708 1406 3762 diesem
1419 3707 1512 3762 Brieie

206 3790 235 3843 in
255 3792 305 3844 der
324 3790 399 3844 'ibat
419 3791 552 3844 erbsiten.

269 3887 283 3931 ὅ
306 3891 547 3946 Webrseheiniicb
569 3890 689 3946 Geriech
710 3909 764 3946 ven
785 3893 836 3946 der
855 3891 984 3946 Murthen
1005 3891 1070 3980 (vgb
1092 3891 1139 3946 Br.
1154 3891 1212 3944 229
1234 3891 1260 3946 S.
1276 3891 1333 3946 307
1356 3891 1437 3946 Amo.
1452 3891 1491 3959 7).

268 3988 281 4030 θ
304 3995 357 4048 Die
378 3994 503 4047 Erfurter
523 3993 658 4047 Gemeine
680 3995 756 4048 batte
777 3994 821 4048 die
843 3993 1029 4064 Besitznngen
1051 3974 1099 4047 der
1118 3993 1282 4064 getiebeoen
1300 3993 1432 4048 Patriaier
1454 3995 1512 4048 ein·

208 4093 339 4145 gangen,
358 4092 490 4145 wegegen
508 4075 584 4128 diese
600 4075 795 4144 protestierten
818 4075 873 4127 und
894 4074 1058 4128 aiimiibiieb
1080 4075 1246 4144 geriebtlieh
1267 4075 1413 4128 austratem.
1455 4074 1512 4128 Das

207 4173 261 4208 von
283 4154 427 4210 Herebord
447 4173 471 4207 v.
492 4155 516 4208 d.
539 4154 667 4208 Marthen
688 4153 821 4208 verfasste
842 4153 1001 4208 Grrtsehten
1026 4155 1094 4226 (rgl.
1116 4153 1159 4208 Br.
1177 4153 1230 4206 301
1254 4153 1282 4210 S.
1299 4154 1356 4207 387
1379 4156 1461 4209 Anrn.
1479 4154 1511 4224 3)

209 4235 319 4289 beziebt
339 4235 398 4289 sieh
420 4233 471 4289 anf
490 4235 565 4289 diese
586 4233 818 4305 Angelegenbeit.

758 4487 959 4498 ——---
