3625 5192
303 335 357 386 412
675 330 935 404 Geschichtsquellen
953 339 1003 391 der
1022 338 1096 394 Prov.
1115 337 1238 391 Sachsen.

304 481 499 564 pontificem,
530 493 564 548 ut
594 485 722 550 stultum
748 486 958 568 preiudicium
983 492 1194 567 consequatur
1223 487 1378 551 saniorem
1412 488 1616 551 sentenciam.

305 584 405 649 Cesar
439 586 603 650 silcncinm
643 587 843 668 imperavit1.
900 589 991 671 Papa
1027 587 1116 653 dedit
1152 588 1394 671 disceptatorem
1432 589 1617 673 episcopum

307 686 525 752 Basiliensem.
574 689 621 752 Ex
656 710 717 772 quo
738 698 842 773 potest
867 691 991 773 colligi,
1018 709 1112 772 quam
1141 691 1183 754 sit
1211 709 1286 753 cara
1312 691 1397 756 salus
1417 698 1451 754 et
1475 691 1620 772 dignitas

228 834 233 842 .
306 788 376 851 Iani
400 789 553 855 Rerrchliu
572 792 734 875 capitibus
755 793 929 857 orthodoxe
950 791 1033 856 fidei.
1076 793 1158 856 Eaut
1179 794 1276 874 igitur
1298 792 1389 856 lividi
1416 813 1563 858 censores
1585 793 1618 858 in

234 947 237 951 ,
307 893 476 955 maximam
497 893 613 957 malam
635 913 768 959 crucem.
809 895 927 960 Cesare
951 903 982 959 et
1003 895 1109 960 Leone
1129 894 1254 962 decimo
1273 895 1422 978 propitiis
1448 895 1619 983 minutulos

307 993 384 1056 istos
404 995 634 1060 cacodemones
660 994 750 1060 flocci
772 996 957 1078 pendamus,
1002 997 1131 1062 hatrare
1153 1004 1285 1080 possunt
1312 1007 1345 1062 ut
1368 1017 1464 1063 canes
1487 997 1617 1073 rabiosi,

305 1096 449 1161 mordere
466 1116 528 1160 nou
547 1107 687 1180 possunt,
710 1099 786 1180 quia
798 1099 939 1164 edentuli
952 1106 1033 1164 sunt.
1075 1099 1201 1176 Quanto
1215 1100 1391 1182 sapientior
1405 1106 1453 1164 est
1466 1100 1619 1170 Petreius.

306 1197 360 1278 qui
386 1199 432 1262 sic
448 1201 594 1280 exaravit
615 1200 648 1262 in
669 1202 822 1283 epistola:
843 1201 948 1282 „Ideo
974 1203 1167 1266 sentenciam
1195 1220 1257 1265 non
1278 1202 1360 1276 fero,
1390 1202 1467 1283 qrria
1488 1221 1550 1266 non
1572 1203 1618 1266 in-

306 1298 464 1380 telligo?“‚
503 1301 587 1378 Quid
609 1304 692 1366 euim
720 1304 894 1386 improbius
920 1322 1014 1385 quarn
1043 1303 1164 1367 indicta
1195 1323 1293 1367 causa
1320 1305 1500 1387 quempiam
1530 1303 1618 1368 darn-

307 1402 403 1465 nare‘?
445 1403 516 1467 Non
546 1404 727 1486 intelligunt
758 1406 810 1468 isti
841 1406 924 1470 simii
953 1412 984 1469 et
1011 1415 1116 1469 tamen
1136 1405 1295 1474 indicant.
1339 1405 1427 1470 Nihil
1455 1412 1619 1468 assumunt
1661 1461 1668 1470 ,
1703 1407 1705 1411 ’

306 1503 346 1566 de
359 1523 426 1585 sno,
443 1505 499 1570 sed
518 1507 758 1579 rerbaAmoldi
776 1515 947 1572 resumunt.
978 1507 1081 1590 lnepti
1097 1506 1219 1572 scilicet
1236 1509 1417 1573 imitatores.
1447 1509 1618 1589 Augustini

306 1608 446 1687 regulam
474 1608 636 1674 adducunt
663 1609 737 1673 olim
759 1609 838 1673 mihi
855 1610 978 1675 lectam.
1020 1610 1099 1692 Legi
1122 1610 1205 1673 euim
1227 1611 1334 1674 omnia
1355 1610 1534 1691 Augustini,
1556 1629 1618 1692 que

305 1715 416 1772 extant
440 1730 539 1793 opera
564 1718 596 1775 et
624 1711 755 1775 iunctim
781 1711 870 1777 edita
896 1713 1194 1778 circumferuntura
1217 1709 1414 1790 bibliopolis,
1435 1707 1519 1790 qnod
1545 1707 1615 1771 sim-

306 1811 446 1895 pliciter,
474 1833 536 1877 non
563 1822 749 1896 arroganter
775 1814 893 1879 dictum
923 1815 1028 1879 velim.
1070 1814 1133 1880 Sed
1164 1813 1221 1877 illa
1243 1812 1353 1894 regula
1373 1810 1415 1874 ad
1437 1810 1617 1876 Platonicos

305 1915 436 1978 refertur
465 1915 517 1980 vel
548 1915 653 1999 potius
680 1915 878 1993 hlanicheos,
913 1935 992 1998 quos
1018 1916 1166 1980 Aurelius
1200 1915 1291 1980 initio
1326 1933 1382 1978 sue
1419 1912 1617 1977 credulitatis

277 2073 280 2081 .
305 2016 497 2082 imitabatur.
543 2017 602 2082 Est
627 2025 659 2083 et
681 2017 761 2083 illud
781 2020 815 2084 in
836 2019 992 2084 Amoldo:
1020 2019 1123 2100 „Cum
1147 2039 1186 2084 ex
1208 2015 1314 2082 verbis
1335 2016 1462 2080 incaute
1484 2015 1616 2098 prolatis

304 2137 381 2200 sepe
401 2138 487 2183 error
507 2121 626 2184 oriatur
645 2126 676 2184 et
697 2120 818 2186 heresis
826 2123 844 2152 “
852 2123 875 2202 ⁸²,
898 2121 982 2203 quod
1001 2141 1039 2185 en
1051 2121 1244 2204 Hieronymo
1265 2138 1335 2183 meo
1346 2119 1546 2198 desumptum
1557 2124 1615 2181 est.

305 2220 452 2304 Denique
480 2221 560 2288 nihil
591 2222 660 2301 hic,
685 2224 767 2304 qnod
798 2243 860 2289 non
888 2231 965 2288 ante
985 2222 1125 2288 Arnoldo
1153 2223 1194 2286 sit
1222 2221 1381 2304 provisum
1409 2226 1441 2283 et
1468 2219 1613 2301 positum.

304 2323 446 2388 Tametsi
466 2344 529 2388 non
551 2338 633 2408 apte.
676 2324 761 2401 Quid
783 2325 867 2390 enim
892 2325 1097 2390 barbasculus
1118 2331 1150 2389 et
1170 2324 1262 2388 homo
1284 2322 1428 2406 sophista
1447 2327 1616 2406 componat

304 2424 398 2490 lande
419 2425 572 2506 dignum?
613 2427 780 2491 hlutuum¹'
802 2427 880 2492 muli
905 2429 1068 2492 scabuut3.
1111 2427 1246 2490 Colonos
1273 2424 1385 2488 tbrdal
1416 2425 1557 2505 seqnitur
1584 2433 1616 2487 et

304 2529 405 2608 mugit
443 2527 502 2592 hoc
540 2527 647 2595 modo:
687 2529 824 2609 „Totius
858 2549 983 2612 qnoque
1014 2528 1189 2594 venerandi
1222 2527 1347 2608 collegii
1389 2526 1614 2590 excellentissi-

303 2649 422 2693 nrorunr
454 2631 616 2700 doctorum
651 2631 829 2712 theologice
860 2632 1021 2696 facultatis
1058 2631 1154 2695 studii
1193 2628 1392 2694 Coloniensis
1424 2627 1614 2704 contratrum

304 2743 400 2812 atque
428 2734 583 2798 fautorum
613 2741 785 2798 nostrorum
815 2735 848 2797 iu
875 2753 967 2799 evum
996 2733 1252 2798 colendoruml‘t
1304 2730 1406 2794 Audis
1436 2729 1615 2794 blandicias

305 2835 448 2899 insulsas.
504 2835 560 2900 Est
591 2837 692 2925 eciam
729 2839 825 2901 t'rater
860 2843 966 2901 vester
999 2837 1096 2900 lanus'
1120 2834 1282 2900 Rcuohlin.
1340 2833 1430 2898 Hunc
1458 2832 1614 2911 occiditis,

303 2937 410 3019 impii,
439 2943 473 3000 ut
503 2937 595 3002 livori
625 2946 730 3003 vestro
764 2940 979 3003 satisfaciatis.
1027 2938 1192 3003 Profertisc
1219 2937 1321 3020 ipsius
1348 2935 1613 3020 protastacionenr

293 3048 336 3103 -et
362 3039 427 3102 vim
455 3041 661 3121 grammatice
693 3049 748 3105 aut
779 3041 890 3122 logice.
941 3041 1010 3106 Ohe
1044 3041 1129 3105 lesu!
1178 3039 1289 3116 Qualis
1325 3039 1457 3103 cecitas!
1510 3037 1614 3102 Parva

304 3148 449 3225 captant,
479 3161 596 3222 magua
623 3163 684 3207 non
709 3143 881 3209 observant
907 3143 1008 3206 instar
1037 3149 1236 3219 venatorum,
1268 3141 1322 3222 qui
1352 3160 1409 3223 pro
1442 3138 1614 3220 lepusculis

303 3243 434 3327 capiunt
462 3244 652 3325 erinaceosl,
679 3263 719 3308 ne
747 3245 840 3308 vacui
868 3243 996 3309 domum
1021 3243 1162 3308 redeant.
1204 3241 1288 3319 Quid
1319 3241 1469 3307 tandem?
1510 3241 1614 3308 Hodie

303 3347 501 3411 cantavimus
538 3346 617 3411 duos
648 3346 812 3425 Ervaldos,
845 3347 963 3411 Christi
994 3353 1104 3426 testes,
1135 3343 1367 3410 collaudantes:
1399 3343 1613 3426 „llbstergete

303 3448 391 3513 Deus
411 3467 534 3513 omnem
557 3448 760 3512 lachrimams
778 3448 819 3512 ab
843 3448 944 3513 oculis
962 3433 1140 3512 sanctorum
1163 3455 1195 3511 et
1215 3447 1278 3511 iam
1306 3466 1368 3509 uon
1396 3447 1456 3509 erit
1475 3446 1614 3528 amplius

303 3569 406 3632 nequo
426 3549 528 3613 luctus
549 3569 651 3632 neque
671 3549 798 3629 clamor,
819 3550 875 3613 scd
896 3569 955 3614 uec
973 3548 1161 3624 ullusdolor,
1183 3549 1352 3631 qnoniamg
1374 3549 1481 3631 priora
1500 3549 1613 3612 transi-

304 3652 424 3717 crnnt.“
465 3651 815 3716 Transivitlleuohliuh
837 3672 893 3735 per
915 3653 1031 3734 ignem,
1053 3650 1110 3716 sed
1131 3651 1238 3715 illesus
1260 3653 1612 3732 permaneteternunn.

303 3754 390 3836 lgnis
402 3760 507 3818 autem
518 3754 786 3835 theologistarunr,
809 3753 911 3832 idest,
925 3753 1047 3817 invidia
1056 3770 1216 3834 uunquam
1230 3753 1440 3834 extinguetur.
1470 3752 1540 3816 Nou
1553 3752 1613 3816 erit

302 3857 404 3921 luctus
421 3863 452 3920 et
463 3854 721 3920 clamoretdolor
733 3855 764 3919 in
776 3854 868 3919 domo
880 3855 961 3934 Iani,
982 3854 1175 3919 sanctissimi
1189 3855 1288 3936 patris
1301 3855 1408 3934 nostri,
1431 3853 1485 3934 qui
1497 3853 1612 3919 diviui-

373 3974 436 4026 ³Te
456 3981 548 4025 mulum
643 3963 706 4023 ”Ta
730 3979 803 4026 torta.
883 3971 947 4024 οΤκ
969 3979 1018 4025 Pro
1042 3977 1121 4024 furtis.
1192 3960 1251 4022 ‘¹1⁴'
1268 3976 1400 4022 erinacius.
1482 3969 1545 4022 ‘'Ta
1568 3975 1611 4022 ab·
1668 3989 1677 4012 ⁴

302 4056 404 4110 storgat.
487 4033 549 4095 ‘Ta
566 4050 709 4109 lacrymam.
789 4042 854 4093 gTu
872 4063 954 4108 quum.
1035 4033 1047 4069 ¹¹
1068 4049 1102 4094 Ta
1124 4047 1270 4108 perignem
1295 4047 1425 4094 Reuchlin.
1505 4030 1567 4093 ¹Te
1584 4047 1611 4094 iu

302 4126 438 4168 aetornum.

325 4353 330 4362 ·
364 4333 376 4378 ¹
396 4337 460 4410 Vgl.
481 4337 528 4394 Br.
551 4336 619 4394 303.

362 4414 377 4458 ²
397 4419 459 4490 Vgl.
479 4419 524 4473 die
545 4417 666 4492 Bellage.

362 4494 463 4571 ³vg1.
484 4497 622 4570 Enasmus,
644 4499 753 4572 Adagia
769 4519 797 4572 p.
821 4496 888 4555 266.

357 4574 474 4634 4Siehe
493 4579 540 4635 die
559 4578 681 4657 Beilage.
