3625 5192
665 358 754 414 Briefe
772 358 892 415 Matiane
910 358 935 415 8.
955 358 980 411 9.
1444 354 1477 407 13

169 526 205 597 a.
227 524 475 597 ll.an1lrhan.
999 524 1143 612 (liotha.
1175 522 1340 592 Sommcr
1360 521 1477 608 lette.)

240 650 300 699 blut.
320 652 471 697 llborsendot
490 652 545 698 dem
565 652 624 699 Urb.
644 652 683 698 ein
704 650 782 697 Werlt
799 650 982 709 Wimplreliupa
1002 650 1053 696 urrd
1075 651 1160 708 urgelit
1179 649 1232 695 sich
1249 648 1276 694 in
1297 648 1345 693 den
1364 652 1476 707 grhssten

168 721 416 783 Lobeserbebnngsu
435 723 478 767 dos
489 724 588 783 Aulona,
607 723 662 768 dem
675 722 751 781 Spnl,
770 721 911 779 ahgeaohon
921 736 978 767 vom
992 723 1073 778 Alter,
1091 720 1117 766 iu
1132 720 1207 779 jeder
1220 719 1362 777 lionichuug
1373 719 1477 777 glelclre.

168 792 326 839 Schliosnllch
345 792 459 839 wiinscht
479 808 513 851 er,
534 794 590 839 dnus
608 794 652 839 dcr
672 792 724 838 hot
743 792 826 837 diesen
848 792 912 837 trech
931 792 1100 849 (ioorgcuthal
1119 791 1196 837 aiche,

251 912 400 995 Spectato
433 918 466 975 el·
488 912 664 977 venerabili
693 912 821 976 domino
845 912 982 976 Henrieo
1006 910 1166 975 Urbano
1192 928 1263 991 suo,
1289 908 1418 973 cellario
1445 908 1477 971 in

168 1015 253 1078 valle
273 1014 340 1079 divi
362 1014 478 1096 equitis
502 1014 641 1096 (leorgii,

249 1116 415 1181 Eruditom
437 1115 594 1181 hominem
614 1116 778 1182 Urbanum
800 1136 889 1181 suum
900 1115 1062 1180 Mutianus
1081 1114 1142 1179 hoc
1162 1114 1329 1178 chartaceo
1350 1131 1479 1177 munere

168 1219 288 1283 salutat
308 1228 340 1283 et
361 1225 469 1299 rogat,
496 1226 531 1283 ut
552 1218 687 1284 libenter
704 1220 805 1301 legas.
846 1220 958 1301 Neque
979 1224 1071 1281 autor
1092 1216 1288 1298 irreligiosus
1308 1222 1357 1281 est
1376 1234 1479 1299 neque

168 1340 248 1405 opus
273 1319 481 1404 prophanum.
523 1320 723 1387 Sanctissimi
744 1322 805 1386 viri
831 1322 920 1405 piam
939 1326 972 1385 et
992 1320 1206 1385 Christianam
1230 1319 1479 1384 lucubrationem

169 1423 253 1487 houd
268 1442 448 1507 aspernare,
470 1431 561 1488 autor
574 1424 643 1508 ipse
657 1424 747 1489 latini
759 1422 878 1488 ordinis
894 1421 987 1486 dulce
1002 1422 1099 1487 decus
1115 1429 1163 1487 est
1173 1430 1268 1505 atque
1281 1420 1479 1505 presidium1,

169 1525 312 1609 preditus
338 1525 483 1590 doctrina
510 1526 615 1591 solida
636 1530 668 1591 et
688 1527 830 1607 exculta,
857 1524 994 1589 donatus
1021 1544 1043 1589 a
1065 1494 1263 1643 Dedameno
1286 1531 1318 1589 et
1339 1524 1478 1605 eleganti

169 1627 308 1708 ingenio.
349 1626 391 1690 ut
411 1632 445 1690 ut
468 1632 500 1690 tu
523 1627 614 1692 homo
640 1628 809 1711 religiosus
830 1627 1026 1708 integerrimi
1049 1626 1108 1690 viri
1129 1645 1231 1691 mores
1261 1626 1387 1709 penitus
1408 1643 1479 1690 noe

170 1748 235 1807 cos,
258 1728 336 1794 seito
351 1728 552 1793 lacobum²
574 1748 676 1795 meum
698 1730 856 1794 hominem
878 1748 949 1793 esee
968 1727 1318 1793 valdeeoutencioeum.
1360 1729 1479 1795 Rides?

172 1832 359 1915 Vituperare
380 1850 429 1894 rue
452 1836 559 1914 putas,
582 1850 673 1913 quem
696 1832 788 1897 unice
809 1830 927 1895 laudo‘l
968 1830 1069 1910 nunt,
1095 1850 1208 1912 otioso,
1230 1831 1386 1912 qttoruoclo
1407 1852 1478 1896 con-

170 1934 329 1998 tencioeus
354 1932 411 1997 sit:
450 1952 519 1997 cum
552 1932 705 1998 divitibus
732 1938 922 2018 paupertate
954 1938 1071 2009 certat,
1101 1951 1171 1995 cum
1205 1932 1388 1996 ambicionis
1406 1935 1479 1999 sinr-

170 2035 331 2119 plicitatc,
360 2054 430 2099 euru
456 2035 608 2119 improbis
629 2042 661 2100 ct
688 2035 863 2101 audacibus
890 2034 1010 2118 pudore
1038 2032 1269 2100 elmodenia·
1309 2035 1481 2101 Contendit

170 2139 268 2203 etiem
296 2158 365 2201 eum
388 2138 534 2203 barbaris
558 2138 682 2220 eloquio
710 2136 827 2211 nitido,
856 2156 926 2203 curn
948 2136 1068 2201 invidis
1093 2143 1126 2201 et
1146 2137 1290 2203 osoribus
1310 2137 1478 2203 latinorum

171 2240 375 2319 humanitate,
397 2237 524 2314 officiis,
550 2239 792 2305 mansuetudine
812 2246 844 2305 et
863 2258 934 2303 ctum
956 2239 1150 2305 clarissimus
1174 2239 1217 2304 sit
1237 2240 1398 2304 literarum
1418 2248 1477 2304 atrr-

171 2342 235 2407 diis
256 2348 289 2406 et
311 2341 502 2421 innocentia,
523 2340 604 2405 nibil
626 2348 730 2406 tamen
752 2340 814 2405 sibi
835 2345 974 2422 arrogat,
993 2339 1048 2405 sed
1068 2341 1176 2405 onmia
1196 2340 1307 2405 divino
1327 2341 1481 2407 beneficio

162 2444 420 2527 'relentaceepta
458 2444 545 2509 Bene
565 2444 652 2523 lacit,
673 2444 817 2525 quisquis
840 2444 961 2521 illeeet,
983 2442 1037 2522 qui
1052 2442 1254 2507 uouinllator
1267 2444 1480 2527 opinionibuS,

172 2566 234 2611 non
256 2565 291 2611 se
311 2553 343 2611 et
367 2564 425 2610 sua
445 2544 576 2611 nituium
598 2552 694 2623 amat,
714 2566 776 2611 non
800 2546 928 2609 inanem
951 2545 1038 2627 vulgi
1061 2545 1194 2627 glorium
1214 2552 1402 2630 aucupatur,
1424 2548 1481 2612 sed

172 2650 226 2731 qui
254 2649 334 2715 bene
356 2648 445 2713 vivit.
488 2648 566 2727 Quis
587 2654 692 2713 autem
713 2647 893 2727 benevivit,
915 2647 976 2712 uisi
999 2647 1052 2730 qui
1076 2648 1166 2711 bouis
1182 2648 1289 2724 animi,
1312 2649 1481 2714 virtutibus

172 2752 314 2817 seilicetb
342 2756 374 2815 et
404 2750 557 2831 doctrina,
594 2750 673 2814 bene
702 2749 820 2815 utitur?
867 2750 953 2814 bene
974 2757 1078 2815 autem
1103 2748 1153 2813 his
1182 2750 1227 2813 uti
1256 2770 1348 2815 nemo
1370 2757 1482 2834 potest,

172 2854 235 2919 nisi
255 2854 310 2935 qni
332 2852 432 2917 Deum
454 2860 487 2917 ut
512 2860 674 2936 parentent
704 2852 812 2935 diligit
840 2859 871 2917 et
894 2859 1054 2917 reveretur
1079 2856 1112 2915 ut
1134 2850 1304 2918 dominum.
1346 2853 1405 2917 Cui
1425 2873 1482 2917 nos

172 2956 280 3021 omnia
307 2962 415 3021 nostro
442 2962 592 3038 tanquam
617 2955 816 3021 adventiciac
847 2961 878 3021 ct
904 2956 1083 3022 dontinioa‘¹
1110 2954 1269 3020 debemus.
1317 2954 1406 3019 Nihil
1433 2968 1482 3019 cst

172 3060 256 3124 enim
283 3064 362 3123 teste
391 3059 550 3143 apostolo,
581 3058 665 3141 qrrocl
695 3078 757 3123 nou
786 3046 1011 3142 acceperimus.
1053 3056 1117 3123 Sed
1139 3076 1193 3121 eur·
1213 3063 1353 3121 autorem
1376 3057 1481 3137 laudo,

172 3180 366 3243 quemeuunr
388 3180 466 3244 opus
488 3160 743 3244 satiepredicat?
785 3160 827 3225 lli
849 3160 1115 3225 liatcrllrbane
1135 3164 1167 3223 et
1189 3158 1327 3239 domiue,
1348 3180 1418 3224 eum
1439 3159 1480 3223 de

244 3278 307 3331 “Ta
328 3285 449 3331 molestia.
521 3268 586 3331 ”Pe
606 3286 694 3332 salvet.
765 3278 829 3329 ‘Ta
849 3284 998 3335 adventura.
1070 3268 1136 3328 d'l'z
1154 3283 1249 3331 divino.

239 3528 249 3571 ¹
272 3533 339 3589 Hor.
360 3530 449 3588 Carni.
470 3532 572 3605 1‚1‚e.

237 3630 251 3674 ²
273 3636 327 3691 Am
350 3636 446 3691 Raude
468 3635 532 3691 lieet
552 3654 615 3691 mun
633 3655 685 3692 vou
706 3636 865 3692 deurselben
880 3634 1292 3709 Schrcibchimphcliugum.
1333 3638 1396 3692 Von
1417 3636 1479 3691 dem

174 3716 342 3771 beriihmten
359 3717 544 3771 Humnuisten
566 3718 622 3772 und
633 3716 759 3771 Altvutcr
780 3719 828 3771 des
846 3718 997 3773 deutschen
1010 3718 1209 3788 Schulwesens,
1229 3720 1280 3773 wic
1297 3719 1346 3772 ihu
1362 3717 1480 3773 trclfeud

173 3797 234 3850 sein
258 3804 386 3851 neuestcr
405 3796 545 3869 Biogrnph
562 3797 716 3865 (Bernhard
739 3795 878 3853 Sclrnarz:
900 3798 987 3853 lacolr
1001 3798 1201 3869 Wimpheling,
1221 3800 1271 3853 der
1288 3800 1414 3853 Altuatcr
1432 3800 1482 3853 dea

172 3877 326 3931 deutschen
350 3876 550 3947 Schulwesena,
572 3878 665 3933 Gotho
689 3878 779 3949 tutet
801 3884 896 3946 neunt,
919 3879 980 3933 siud
1002 3879 1039 3931 im
1061 3880 1147 3934 dabre
1165 3878 1241 3933 1505
1261 3880 1320 3934 urei
1340 3878 1479 3933 Schriften

173 3957 353 4024 erschieucn,
376 3958 500 4012 ulimlieh
524 3958 551 4028 1)
574 3958 787 4026 Adolescentia,
809 3958 839 4030 ⁶2)
861 3958 991 4029 Epitonre
1012 3977 1103 4013 rerum
1126 3960 1362 4027 l'lerrnanicarurn,
1383 3955 1414 4030 3)
1436 3959 1480 4011 Dc

174 4038 342 4108 integritate.
385 4037 443 4091 Ans
464 4039 526 4093 dem
551 4039 747 4109 vorliegenden
768 4038 861 4094 Rriefe
883 4040 920 4093 iat
942 4039 1021 4093 nieht
1039 4057 1072 4093 zu
1093 4040 1273 4109 eutuchmeu,
1302 4040 1405 4093 welche
1425 4057 1479 4093 von

172 4117 258 4171 ilrnen
287 4116 397 4172 Mutine
429 4119 533 4173 seiuem
554 4119 681 4173 Freuude
712 4120 850 4173 zuscudet.
901 4120 965 4191 Vgl.
996 4121 1066 4175 iiber
1088 4119 1280 4191 Wimpheling
1306 4120 1379 4174 atech
1408 4120 1479 4173 Paul

174 4196 381 4252 Wiskonatoff:
402 4198 458 4253 Iac.
476 4198 676 4271 Wimphcling.
718 4198 782 4254 Solu
805 4198 901 4254 Leben
923 4201 980 4253 und
1005 4201 1081 4255 aeine
1103 4199 1252 4273 Schriften,
1276 4200 1371 4255 Berlin
1396 4197 1478 4253 1867.

172 4276 253 4333 Nach
275 4278 376 4332 beiden
401 4277 579 4349 Blographcu
599 4280 648 4333 bat
670 4279 864 4351 Wirnpheling
885 4279 962 4332 1468
984 4280 1029 4333 die
1052 4281 1224 4336 [intromittet
1243 4280 1339 4335 Erfurt
1356 4280 1481 4349 besucht,

174 4358 230 4411 und
252 4376 281 4412 es
303 4358 339 4411 iet
359 4358 444 4413 daher
464 4358 565 4413 hbchst
586 4360 829 4433 uuhmeheffllich,
859 4360 923 4414 class
943 4378 973 4413 er
994 4360 1046 4413 urit
1065 4362 1129 4415 deur
1159 4362 1187 4413 iu
1208 4360 1253 4414 clic
1273 4360 1399 4413 Erfurtcr
1420 4360 1480 4413 Ma·

170 4438 257 4491 trihel
290 4436 388 4491 Oatcrn
414 4438 490 4491 1468
518 4438 769 4511 aufgcuornmeneu
790 4440 909 4495 lacobus
929 4439 996 4494 Coei
1029 4442 1064 4494 de
1090 4441 1241 4497 Slec·n.=rtadt
1272 4440 1409 4494 identiacb
1435 4441 1479 4493 ist.

170 4516 237 4573 Sein
257 4516 475 4573 Familienname
499 4524 572 4574 wilre
598 4522 735 4575 demuach
770 4521 859 4575 Koch.
913 4522 945 4575 ln
966 4522 1016 4575 der
1036 4520 1331 4575 Bacularienmatrilcel
1352 4521 1418 4574 wird
1449 4538 1479 4575 er

170 4598 213 4653 als
234 4598 425 4669 Friburgcneia
446 4618 495 4668 cae.
513 4600 681 4669 bucularius)
702 4600 874 4673 oulgeliihrt.
