3625 5192
692 346 783 403 Bricie
800 345 920 401 Mutinae
940 344 981 401 74,
1440 344 1489 401 107

186 495 287 561 sorum
307 515 407 578 usque
426 494 602 579 adportam
614 495 779 575 Collinam,
801 496 855 561 ubi
875 514 897 558 a
917 494 1065 580 pontifice
1077 493 1167 575 virgo
1188 492 1310 559 incesta
1331 492 1365 559 in
1384 512 1491 559 caver·

187 618 259 665 nam
281 599 519 663 subterraneam
540 597 723 663 demittitur.
764 598 843 663 lnde
863 601 950 663 losse
960 596 1070 661 tellure
1081 597 1228 681 repletur,
1251 597 1282 661 in
1304 614 1367 679 qna
1386 603 1490 662 tamen

188 708 238 765 est
257 708 375 767 stratus
396 700 495 765 lectus
515 706 548 763 et
567 700 697 765 lucerna
716 700 833 765 ardens
854 708 886 765 et
907 699 1017 781 panis,
1037 698 1097 775 lac,
1117 698 1229 778 oleum,
1250 719 1292 765 ne
1310 700 1392 763 t'arne
1413 700 1490 765 mori

186 803 341 869 videatur.
383 801 431 867 lla
450 801 504 867 die
526 801 685 869 silentium
707 808 740 867 et
751 802 898 867 mesticia
917 802 949 867 in
975 808 1042 865 rota
1061 801 1138 867 urbe
1161 807 1218 867 est.
1260 800 1307 865 Ex
1327 801 1493 884 qncdatur

186 904 324 989 intelligi
343 902 515 971 Vestalium
536 904 697 986 punitores
716 904 814 971 fnisse
835 902 1010 987 pontifices.
1052 902 1143 981 Quod
1166 923 1206 969 ne
1226 902 1284 968 tibi
1307 904 1420 969 rnirnnr
1441 904 1493 987 sit,

186 1008 261 1074 andi
293 1006 473 1073 Cornelium
505 1007 652 1073 Tacitum
681 1006 722 1071 de
749 1006 918 1073 Germanis
954 1005 1070 1071 nostris
1102 1004 1325 1071 scribentem1:
1356 1006 1492 1089 „Neque

186 1109 440 1177 animadvertere
460 1128 563 1191 neque
585 1108 706 1175 vincire
727 1128 830 1192 neque
852 1110 1019 1175 verberare
1040 1108 1168 1191 quidem
1189 1108 1250 1173 nisi
1275 1108 1493 1175 sacerdotibus

186 1212 402 1297 permissum.“
444 1212 480 1275 In
501 1217 610 1277 nost-ra
630 1210 783 1293 religione
803 1210 952 1277 nonlicet
962 1209 1097 1276 antistiti
1110 1210 1278 1277 verberare
1296 1218 1328 1275 et
1348 1209 1493 1293 culpatur

184 1315 319 1381 clericus
340 1333 511 1397 percussor.
553 1313 674 1377 Tamen
696 1334 763 1379 mos
784 1320 896 1394 tenct⁸,
917 1321 951 1378 ut
972 1332 1079 1378 sacros
1100 1312 1200 1395 virgis
1215 1313 1340 1379 cedant.
1381 1312 1493 1397 ltaque

188 1416 447 1501 archiepiscopus
466 1415 670 1498 lloguntinus
689 1416 839 1482 abbatem
857 1414 955 1480 lentis
976 1414 1147 1481 lleiuardib
1164 1414 1239 1480 olim
1259 1416 1292 1483 in
1313 1416 1496 1483 ambulacro

186 1518 323 1583 illuriani
344 1518 455 1602 templi
476 1517 982 1603 apudErpbur·diamverberibus
999 1518 1176 1601 castigasse
1198 1517 1338 1583 uictuma
1379 1518 1492 1585 Durat

185 1622 302 1704 quein
324 1620 465 1687 cenobiis
491 1639 530 1687 ea
556 1621 764 1697 consuetudo,
785 1640 849 1702 qua
869 1622 897 1685 si
925 1620 969 1685 uti
998 1620 1116 1687 vellent
1136 1621 1278 1687 Crutiatc
1306 1621 1495 1704 sacerdotes,

186 1724 304 1789 rediret
322 1722 412 1804 sorte,
432 1742 527 1805 quam
548 1722 668 1805 diligis,
691 1730 782 1807 partu
801 1724 915 1789 levata.
958 1722 1022 1789 Sed
1044 1742 1202 1789 carcerem
1223 1724 1377 1789 minatnr⁰
1398 1730 1495 1789 teme

187 1826 290 1892 rarius
308 1824 575 1891 Themariensisi.
613 1825 725 1891 Nescit
746 1825 890 1891 sulficere
910 1826 979 1891 Deo
1009 1825 1252 1891 lacrimosam
1274 1826 1494 1909 penitenciam.

188 1928 336 2013 septies·
358 1927 445 1993 cadit
464 1928 565 1993 iustus
585 1934 617 1993 et
637 1927 783 2009 resurgit,
803 1928 892 1993 llcvit
907 1928 1027 2005 Petrus,
1047 1926 1270 1993 flevitllartbe
1290 1948 1391 2005 soror,
1412 1928 1495 1995 dixit

188 2028 312 2111 David,
333 2030 458 2095 adulter
493 2036 525 2095 et
559 2029 733 2110 homicida,
759 2029 944 2115 „peccavi“
976 2036 1008 2095 ct
1044 2030 1210 2096 confestim
1253 2030 1432 2099 misericors
1463 2038 1495 2098 ct

189 2132 355 2197 miserator
380 2131 525 2197 dominus
551 2139 716 2217 peccatum
743 2132 888 2207 abstulit,
923 2132 977 2215 qui
1006 2133 1033 2197 si
1064 2131 1208 2216 protinus
1234 2132 1386 2199 scelernm
1414 2134 1496 2199 ultor

189 2241 287 2313 esset,
311 2252 414 2315 neque
435 2232 560 2297 Petrum
581 2241 614 2297 et
638 2232 771 2299 Paulum
796 2232 929 2298 haberet
952 2232 1089 2299 ecclesia
1114 2252 1216 2317 neque
1242 2253 1300 2299 nos
1328 2234 1495 2300 miserrimi

189 2343 372 2420 peccatores
392 2336 593 2401 viveremns‘.
636 2335 704 2401 Etsi
725 2344 848 2401 mortua
868 2337 952 2401 iacet
974 2336 1006 2400 in
1022 2336 1189 2421 sepulchro
1201 2337 1313 2403 nelarii
1336 2337 1496 2420 facinoris,

190 2445 295 2503 tamen
317 2445 349 2503 et
370 2437 518 2503 fetentem
539 2438 707 2502 suscitabit
728 2439 773 2503 uti
785 2434 949 2503 Lazarum.
991 2438 1062 2503 Non
1076 2438 1283 2503 vultmcrtem
1300 2439 1496 2522 peccatricis,

191 2539 246 2606 sed
269 2548 303 2605 ut
321 2560 382 2622 quc
403 2548 495 2623 raptu
514 2540 666 2623 perierat,
693 2540 868 2623 penitentia
888 2545 1099 2605 conservetur.
1140 2540 1270 2605 Abolita
1293 2546 1341 2605 est
1367 2540 1418 2605 lex
1441 2542 1497 2609 illa

189 2650 282 2708 vetus
308 2643 341 2707 in
375 2642 456 2708 atrio
483 2641 641 2707 libertatis
667 2642 748 2723 fixa,
779 2662 844 2726 qna
871 2641 1089 2724 sanciebatur,
1122 2647 1154 2706 ut
1187 2643 1333 2724 probrum
1361 2644 1496 2727 virginis

190 2745 331 2811 Vestalis
354 2746 460 2829 capite
480 2745 659 2828 puniretur,
680 2744 747 2826 vir,
767 2746 821 2827 orti
842 2764 913 2810 eam
935 2745 1173 2825 incestavisset,
1195 2743 1379 2809 verberibus
1405 2764 1497 2811 neca-

189 2857 282 2913 retur.
325 2847 397 2911 Ncn
419 2847 532 2912 damus
549 2846 672 2912 oculum
694 2866 751 2931 pro
771 2846 875 2923 oculo,
901 2847 1028 2912 denum
1050 2866 1107 2931 pro
1127 2846 1237 2928 dente,
1258 2847 1342 2912 utin
1363 2847 1496 2913 Exodo*

189 2952 315 3032 legitur.
367 2950 434 3014 Lex
458 2949 522 3014 Xll
552 2950 729 3014 tabularum
761 2958 794 3015 ut
823 2950 959 3015 obscura
994 2949 1136 3031 duraque
1165 2948 1260 3013 ninris
1297 2968 1497 3033 nequaqnam

190 3052 344 3117 consistit.
387 3051 466 3130 Quis
485 3051 570 3117 enim
594 3052 718 3134 ignorat
740 3051 826 3133 leges
844 3051 945 3115 solere
966 3052 1079 3115 mutari
1092 3048 1148 3135 plo
1163 3058 1337 3135 temporum
1358 3051 1498 3117 rnoribus

190 3160 223 3220 et
245 3175 302 3236 pro
322 3174 424 3219 rernm
444 3154 640 3237 publicarum
661 3154 831 3237 generibus
842 3161 873 3217 ct
895 3173 951 3236 prc
969 3153 1139 3218 utilitatum
1158 3152 1349 3237 presentium
1371 3154 1497 3218 rationi-

190 3258 272 3322 bus?
314 3258 413 3336 „Octo
434 3275 554 3338 genera
576 3274 728 3339 penarum
750 3257 781 3320 in
803 3255 929 3337 legibus
951 3274 1020 3319 esse
1042 3255 1153 3320 scribit
1173 3256 1311 3319 Tullius:
1340 3253 1499 3337 damnum,

190 3359 329 3439 vincula,
348 3358 490 3437 verbera,
511 3359 671 3439 talionem,
693 3359 914 3442 ignominiam,
935 3358 1080 3437 exilium,
1103 3365 1242 3439 mortem,
1264 3358 1498 3423 servitutem“⁵.

190 3463 262 3539 Quo
282 3462 327 3526 uti
348 3462 416 3527 vult
437 3462 622 3527 temerarius
642 3462 784 3528 ianitor?
830 3460 1016 3524 Redimetne
1042 3460 1177 3543 prolbge
1202 3460 1329 3543 culpam
1354 3461 1499 3543 nummis,

190 3584 234 3630 an
255 3564 433 3630 vincietur?
474 3565 543 3629 Nec
566 3565 700 3648 reperio,
722 3584 784 3646 qno
805 3571 900 3648 pacto
923 3562 1024 3645 possit
1044 3559 1248 3645 impudicicia
1270 3562 1420 3639 retaliari,
1441 3561 1497 3626 sed

191 3673 265 3751 post
287 3668 345 3732 hoc
366 3666 485 3731 videro.
527 3669 579 3731 An
600 3666 760 3731 auriculas
779 3664 960 3750 amputabit
978 3672 1032 3728 aut
1043 3664 1075 3727 in
1087 3662 1183 3729 exilio
1206 3664 1284 3727 mori
1304 3668 1360 3727 aut
1380 3662 1498 3729 servire

263 3807 326 3859 ²Tz
344 3814 449 3861 obtinet.
519 3799 586 3859 ”Ta
607 3812 751 3859 Reiulmrdi.
820 3804 885 3857 ‘Ta
903 3811 1019 3857 minatus.
1090 3792 1155 3854 “Te
1173 3810 1344 3869 lacrymosam.
1424 3802 1498 3856 “Dte

198 3883 277 3930 ll'ortc
293 3884 389 3944 Septies
408 3885 476 3931 rodit
495 3890 522 3932 et
539 3885 646 3943 resurgit
664 3883 720 3930 sicud
738 3884 764 3929 ta
784 3883 810 3928 lr'
823 3882 969 3930 wiederlaclt.
1042 3864 1051 3903 s
1069 3880 1094 3925 Β·
1107 3880 1283 3927 vivereremus.

254 4105 410 4179 1Taoitus,
431 4109 581 4165 Germania
603 4112 629 4169 t.
657 4129 748 4181 neque
774 4109 992 4165 animadvertere
1022 4128 1113 4180 noque
1139 4108 1258 4180 vincire,
1290 4126 1325 4163 ne
1353 4108 1498 4165 verberare

192 4190 306 4261 quidem
328 4191 382 4245 nisi
403 4192 591 4247 sacerdotibus
612 4192 784 4263 permissum.

253 4265 268 4309 ²
290 4270 352 4342 Vgl.
370 4271 416 4326 W.
435 4271 465 4327 E.
484 4272 619 4327 Teutaelii
640 4273 865 4342 supplementum
886 4270 1174 4327 historiachthuuac
1196 4270 1345 4325 secundum
1367 4270 1401 4325 dc
1422 4270 1498 4324 vario

192 4350 265 4405 arcis
283 4351 416 4421 urbisque
445 4358 526 4407 statu.
537 4392 560 4405 ..
581 4352 764 4418 Ienae1702,
786 4371 812 4422 p.
826 4352 891 4406 573.

253 4425 271 4549 Ξ
288 4430 365 4566 ggd
366 4450 428 4566 :2112
432 4434 507 4565 1dessnl
525 4432 746 4504 Georgentlraler
765 4432 825 4487 Abt
844 4438 978 4487 ernannte
997 4431 1161 4503 Priipositus
1180 4432 1229 4489 des
1249 4430 1467 4489 Kreuaklcsters.

255 4585 271 4633 θ
290 4591 472 4669 Augustinus,
503 4592 547 4651 De
567 4592 680 4651 civitate
700 4593 762 4652 Dei.
794 4594 857 4656 Lib.
868 4592 948 4668 XXI,
961 4593 1006 4653 11.
