3625 5192
648 346 738 420 unere
755 344 876 418 murrum
893 364 953 416 coc.
974 339 1032 414 soi.
1444 360 1496 412 acc
1518 367 1523 376 ·

189 506 308 601 Aperte
328 537 390 582 non
413 521 516 600 potest
535 516 666 596 corrigi,
694 509 771 596 quia
790 499 911 595 respuit
930 527 1048 572 verum.
1094 497 1244 575 Latebter
1271 510 1436 590 docemus,
1464 518 1497 575 ut

187 620 337 685 admittat
356 626 388 685 ct
410 619 500 682 litum
522 618 614 681 melle
634 605 762 681 sorbeat
772 613 956 678 antidotum.
999 612 1120 688 Quodsi
1140 632 1201 676 non
1223 614 1419 696 purgabitur,
1440 618 1498 680 sed

188 722 377 804 medicinam
399 741 456 804 pro
483 719 555 783 cibo
576 719 734 793 conficiet,
765 717 906 782 sinemus
928 714 1084 778 hominen
1108 721 1253 796 egrotare
1283 722 1314 778 et
1334 715 1497 799 superbire

188 843 258 889 cnm
276 844 333 888 suo
354 823 479 886 damno.
522 821 677 902 Sigilliler
697 820 783 884 dolet
809 839 830 882 a
857 837 892 881 se
914 822 1089 901 promotum
1109 835 1179 880 csse
1199 823 1263 880 tam
1286 817 1402 882 clatum
1425 819 1496 881 doc-

187 933 295 990 torem.
341 924 379 988 Id
405 924 483 988 mibi
510 924 607 988 frater
635 923 705 987 eius
731 941 829 1005 supra
853 919 1035 984 nominatus
1063 919 1214 982 narravit.
1266 920 1346 983 Sunt
1373 921 1496 1000 etalii,

150 1065 155 1074 ·
187 1026 302 1109 quibus
323 1026 398 1090 odio
419 1032 467 1090 est
488 1025 656 1088 iactancia.
696 1023 862 1104 Utcunque
884 1021 942 1102 sit,
969 1019 1046 1084 milri
1066 1020 1249 1085 carissimus
1269 1027 1317 1086 est
1338 1029 1370 1086 et
1390 1024 1496 1088 iucun-

187 1127 354 1206 dissimus,
372 1126 448 1208 quia
465 1126 562 1190 semel
583 1126 615 1188 in
637 1126 780 1189 intimam
802 1131 948 1206 receptus
970 1122 1158 1186 amiciciam.
1188 1123 1392 1192 ,Ooosuncia
1413 1135 1496 1191 tran-

188 1230 357 1312 quillitatis
378 1228 502 1306 retinet,
522 1247 600 1310 quos
619 1229 747 1310 recepit.
788 1225 932 1290 Facilius
953 1226 1088 1288 amioum
1109 1225 1242 1307 obiurgo
1262 1244 1357 1306 quam
1377 1227 1498 1292 desero.

189 1332 282 1396 Addo
302 1331 503 1413 Campegum.
556 1329 586 1393 ls
613 1347 714 1411 nuper
733 1329 775 1393 ad
796 1348 847 1393 me
866 1326 1132 1410 simplicitcrhcc
1153 1328 1291 1409 scripsit,
1320 1347 1381 1409 quc
1408 1330 1497 1413 legis.

188 1435 290 1500 Probe
310 1433 406 1498 sentit
427 1432 467 1497 de
487 1431 580 1496 uobis
601 1439 633 1496 et
653 1437 742 1496 amat
765 1429 882 1503 tesscd
904 1429 982 1495 dare
1004 1428 1112 1493 literas
1133 1429 1214 1493 uolo.
1256 1429 1391 1495 Causam
1412 1433 1496 1497 novi.
1554 1421 1558 1428 ’

189 1535 361 1600 Tritcmius
382 1555 443 1599 uon
467 1521 555 1598 curat
576 1533 735 1617 plebeium
749 1533 963 1597 salutatorem.
1005 1531 1061 1596 Lis
1081 1531 1121 1596 dc
1143 1533 1495 1600 canonicatuLiuderil

190 1636 294 1702 adhuc
311 1635 437 1721 pendet.
480 1635 550 1698 Non
572 1635 676 1698 ausim
696 1634 738 1698 ad
761 1633 964 1716 Mogontinos
981 1633 1059 1698 darc
1079 1634 1196 1713 literas,
1216 1653 1256 1698 nc
1274 1633 1427 1701 Vuolscus
1448 1657 1498 1703 su·

188 1740 396 1820 spiccturme
416 1717 525 1802 favere
544 1736 745 1813 adversario,
772 1737 827 1817 qui
850 1736 993 1817 degitis
1019 1735 1132 1800 edibus
1152 1736 1267 1800 decani
1289 1737 1497 1820 Mogontini2.

190 1840 275 1905 Dare
297 1861 371 1905 vcro
392 1841 560 1924 pecuniam
580 1859 650 1903 mco
663 1840 788 1904 nomine
802 1838 913 1902 timide
926 1838 1029 1903 iubeo.
1072 1837 1180 1902 Debeo
1196 1838 1253 1903 tibi
1276 1839 1355 1903 duos
1376 1859 1497 1909 aurcos.

190 1941 333 2006 lucivilis
353 1961 464 2021 essem,
487 1943 514 2006 si
536 1941 677 2006 debitum
694 1961 776 2006 novo
787 1940 894 2005 debito
909 1940 1108 2004 cumularem.
1153 1940 1273 2006 Velle'm
1294 1942 1498 2010 nihilominus

190 2044 311 2125 aliquid
333 2044 414 2107 lectu
436 2044 568 2124 dignum
586 2037 785 2108 coemerctur.
829 2043 918 2107 linus
939 2039 1074 2107 florenos
1095 2061 1156 2104 nou
1179 2063 1228 2107 mc
1249 2042 1448 2126 degravabit,
1469 2047 1497 2111 si
1560 2039 1563 2046 ’

191 2147 355 2228 Campego
375 2145 416 2209 ad
438 2144 598 2208 nundinas
609 2146 690 2209 ituro
702 2145 851 2209 tradetur.
895 2144 1024 2209 Utinam
1037 2145 1095 2208 tibi
1108 2164 1308 2227 comparares
1316 2145 1497 2228 Origenem,

193 2246 381 2323 Hilariuml,
402 2248 624 2330 stapulensis⁴
646 2248 838 2330 psalterium.
881 2247 960 2312 Mihi
981 2266 1055 2311 vcro
1086 2245 1294 2310 lastinianum
1313 2247 1496 2318 venerumt
1607 2301 1611 2314 .

191 2349 255 2412 Sed
276 2348 653 2430 quidllbristoplrorus‘l6
697 2350 773 2412 ltem
793 2349 895 2414 debeo
918 2349 974 2413 tibi
996 2348 1141 2412 lacoburn
1164 2349 1314 2432 Spygcll.
1357 2351 1498 2434 Expecto

191 2452 432 2566 commentarios
468 2451 598 2514 Simlers
633 2452 665 2514 iu
701 2450 877 2532 Sergium⁸.
943 2453 1075 2532 lgnosce
1106 2451 1317 2574 ethviditati
1350 2453 1423 2516 huic
1455 2454 1498 2518 da

167 2571 388 2718 ‘baffi-tum
410 2654 508 2718 natali
530 2653 583 2718 (lie
604 2654 670 2718 divi
693 2653 761 2717 Ruti
783 2655 931 2734 martyris
953 2605 1106 2718 Mlllllll.

262 2775 442 2822 sensuram.
461 2745 481 2821 r
495 2776 542 2823 reo
561 2778 595 2822 ror
615 2775 725 2821 ranv-
737 2775 809 2823 tarr.
845 2775 921 2822 amr.
941 2775 964 2823 u.
984 2776 1018 2822 τι
1035 2773 1217 2824 sura-114
1237 2795 1279 2822 rm.
1301 2779 1445 2826 rusorum
1463 2780 1500 2826 cu
1525 2765 1528 2770 “

193 2846 279 2893 lolium
299 2851 325 2892 ct
343 2846 473 2892 zizaniam.

838 2913 947 2920 .—.-—·=

192 2993 270 3064 :rot
292 2995 335 3062 ll.
358 3016 403 3063 an
426 2944 654 3064 licrcborrl‘r.
670 2997 891 3067 d.llartben.
1006 2997 1139 3081 (liotha
1152 2997 1262 3082 1513.)
1294 3001 1430 3086 August
1440 3006 1498 3072 29.

264 3107 326 3154 blut.
344 3108 464 3154 willlabrt
482 3110 552 3155 cincr
570 3109 638 3155 Bitto
657 3109 700 3153 des
719 3109 848 3154 lloreborrl
867 3125 892 3155 v.
914 3109 935 3180 d:
956 3109 1071 3155 Martlrcn
1091 3111 1141 3156 und
1160 3111 1249 3158 sendot
1267 3111 1318 3158 ihm
1332 3113 1500 3174 Sirmsprlirlrc

152 3187 155 3192 '
194 3179 234 3224 sur
254 3179 308 3224 sain
329 3177 566 3238 Familicnwappau,
586 3180 639 3224 halt
656 3179 708 3225 ihm
727 3179 788 3224 abor
806 3180 920 3238 zuglciclr
938 3181 1057 3226 crnstlich
1077 3181 1163 3228 ssinen
1182 3181 1308 3228 Hochurut
1327 3198 1379 3236 vor,

276 3263 437 3327 l'restanti
457 3265 526 3327 viro
539 3263 721 3329 Herebordo
742 3263 958 3346 Margarito
979 3266 1140 3346 utriusque
1162 3267 1238 3330 iuris
1259 3270 1502 3346 consultissimo,

193 3366 297 3429 arnico
320 3365 463 3444 colendo,
484 3365 644 3430 Matienus
667 3367 773 3430 Rufus.

273 3466 306 3530 S.
349 3466 546 3533 Decreveras
569 3468 681 3532 illustri
710 3468 805 3532 laude
832 3476 863 3533 et
890 3467 994 3549 gloria
1021 3488 1077 3552 por
1104 3469 1240 3534 stadium
1270 3471 1438 3553 diguitatis
1463 3495 1502 3540 ac

193 3570 400 3650 magistratus
420 3570 464 3633 tui
492 3588 640 3635 cursuros
665 3575 735 3633 cuni
762 3571 888 3653 paterni
910 3571 1013 3654 clypei
1043 3573 1143 3652 signis
1168 3573 1358 3638 militaribus
1386 3577 1502 3658 partim
1541 3565 1548 3579 ⁸

193 3669 306 3751 priscis
326 3671 441 3754 partim
468 3691 569 3755 nuper
599 3691 619 3733 a
647 3691 757 3736 cesare
785 3666 964 3755 impetratis
984 3671 1080 3753 ligere
1104 3673 1200 3754 legali
1222 3675 1413 3742 bibliothece
1435 3679 1500 3743 lau-

192 3772 268 3834 data
289 3773 424 3853 quedam
446 3772 680 3858 Ancp‘ttppcrcr
702 3775 851 3856 dictaque
879 3774 1040 3858 sapienter
1068 3783 1100 3840 et
1125 3785 1227 3842 acute.
1274 3778 1415 3844 Dimissa
1440 3783 1501 3845 t'uit

191 3873 225 3938 io
247 3875 350 3957 ipsum
372 3876 538 3958 explicans
558 3877 695 3958 epistola
723 3882 755 3941 ct
781 3864 890 3960 paucis
911 3875 1024 3942 diebus'
1053 3879 1227 3944 interiectis
1248 3880 1313 3944 alia
1334 3880 1411 3946 mibi
1431 3881 1500 3946 red-

255 4045 265 4085 1
286 4048 351 4119 vgr.
374 4048 421 4105 ar.
435 4048 474 4102 ao
494 4015 571 4106 sss
592 4049 673 4105 snm.
686 4051 712 4106 o.
954 4113 959 4123 ,

253 4124 267 4166 ²
288 4127 395 4184 Lorenz
415 4129 553 4184 Trucbses
572 4148 624 4184 rou
646 4131 891 4187 Pommersfeldeu.

253 4204 268 4247 ³
288 4208 480 4280 vg1.Br.3aa
497 4209 524 4264 S.
534 4208 592 4263 416
606 4209 691 4268 Anrn.
704 4211 729 4266 5.

251 4284 267 4326 ⁴
288 4289 455 4344 Psalterium
479 4289 647 4361 quintuplex
668 4289 808 4348 Gallicum
828 4295 954 4348 enschicn
978 4293 1063 4349 1509.

253 4363 268 4406 ὖ
288 4367 353 4439 Vgl.
373 4368 472 4425 Br.12
494 4369 522 4424 S.
539 4371 575 4423 18
597 4371 679 4426 Anm.
692 4371 718 4426 ὅ.

255 4443 348 4503 θ’Βετ
369 4449 515 4520 Leipziger
535 4450 680 4505 Professor
699 4449 761 4506 cur.
783 4451 899 4510 Sonfelt

257 4523 270 4567 ⁷
290 4527 355 4606 Vgt.
370 4527 484 4584 {tract
505 4529 532 4584 S.
545 4530 599 4583 881
624 4529 707 4584 Anm.
719 4529 746 4584 b.

242 4626 244 4630 ’
256 4603 271 4648 ⁸
291 4609 356 4682 vgr.
367 4607 412 4676 Br.
424 4609 482 4664 294
500 4609 528 4668 8.
539 4611 596 4665 381
613 4611 695 4667 Anm.
712 4612 737 4668 6.
