3625 5192
680 349 769 414 Briele
788 353 907 414 blntiurur
927 355 984 412 148.
1004 357 1061 412 149.

336 507 386 582 lo)
406 505 492 589 Aplu
513 503 634 584 domus,
654 507 767 588 rigidis
788 515 984 572 marueseeul
1005 506 1103 571 ubero
1123 507 1277 572 nusornris.

406 606 446 672 Et
467 608 495 672 si
517 608 675 674 doluerint
696 608 847 674 alimento
869 628 981 674 osseus
1002 619 1035 672 et
1055 609 1115 687 luo,

405 711 487 774 Aser
508 710 609 792 Hyles
631 709 773 792 fidusque
796 711 899 776 Looun
921 710 1073 792 lbrtisque
1094 709 1249 779 Molossus

403 812 573 894 lntereunt‚
594 813 688 878 sinrul
709 821 741 878 et
761 813 870 878 dulues
891 832 963 878 uum
983 812 1137 878 matribus
1158 798 1261 877 boedi.

405 914 542 980 'Pontum
564 915 707 1000 Riplreao
728 915 858 981 laedunt
880 916 966 980 ursle
987 915 1107 999 lrigorn
1129 917 1265 979 bruruue.

329 1013 383 1100 20)
405 1016 564 1100 Multaque
586 1025 751 1100 praeterea
772 1018 974 1102 peregrinum
995 1016 1113 1082 domun
1132 1025 1313 1100 sequentur,

403 1118 473 1196 Quo
493 1119 596 1202 magis
620 1127 652 1183 ut
674 1120 803 1203 sopiens
824 1119 949 1203 optobit
970 1119 1084 1184 idoneo
1105 1120 1202 1194 vitoe,

405 1219 520 1286 Hessius
540 1222 696 1286 silvestris
716 1221 868 1302 gregibus
889 1222 1081 1288 suavissime
1101 1221 1196 1287 lellus

404 1322 480 1388 llere
500 1324 664 1407 oytisunr¹,
688 1324 782 1407 vulgo
804 1332 949 1390 saturent
970 1324 1090 1390 ieiunis
1111 1325 1221 1406 soltus,

405 1425 572 1508 Berbigeri
594 1426 718 1508 penoris
739 1427 898 1510 somnient
918 1427 1068 1490 ensurius
1090 1425 1184 1492 villus

330 1528 383 1604 25)
405 1527 512 1592 Luotis
532 1527 742 1609 abundantes,
764 1529 898 1611 gravido
917 1527 988 1592 linit
1008 1528 1103 1594 ubere
1124 1530 1271 1594 mulctra:

405 1628 552 1693 Candido
573 1629 654 1694 Nais
675 1631 775 1710 adest,
797 1649 855 1694 sua
877 1649 934 1714 per
955 1631 1029 1712 iuge
1048 1632 1145 1695 ourrit
1165 1631 1266 1696 Oreus

407 1731 466 1796 Per
486 1740 636 1796 montone
657 1732 759 1812 Pales,
783 1751 838 1816 per
860 1751 980 1816 pusenu
1002 1739 1095 1815 prate
1118 1731 1260 1814 Napeae,

405 1833 465 1898 Per
483 1852 592 1898 neurus
614 1853 706 1898 ornos
726 1834 841 1919 Dryas,
864 1853 920 1918 por
940 1834 1039 1899 ovilia
1060 1833 1177 1898 blondo
1198 1835 1337 1920 Lycoris.

405 1934 470 1998 Pan
493 1935 585 2000 ruber
606 1936 737 2000 exaudit
758 1937 928 2000 recitantes
950 1935 1049 1999 iubila
1072 1935 1202 2000 Faunos

326 2039 379 2116 30)
401 2037 599 2122 Ospripedes
622 2039 753 2121 Satyros
773 2046 804 2102 et
824 2039 1023 2120 cornigerum
1043 2038 1227 2120 Sylrrnnurn.

401 2141 517 2205 Pusest
538 2160 614 2206 oves
636 2141 748 2225 patriis
770 2141 801 2204 in
824 2141 940 2204 finibus
961 2159 1039 2221 ergo
1059 2137 1232 2204 Menuloos.

402 2243 494 2308 Adde
514 2242 608 2324 quod,
631 2253 663 2307 ut
685 2243 770 2306 ferrus
792 2251 850 2323 est,
871 2241 996 2306 babitut
1017 2241 1095 2306 dens
1117 2241 1171 2306 ille
1192 2241 1348 2306 Cusellsru

404 2344 564 2410 Montibus
586 2344 758 2424 dossinus,
782 2343 831 2406 oni
855 2343 943 2407 eordi
964 2351 1014 2407 est
1033 2363 1125 2407 musa
1145 2343 1309 2408 Menulooe

403 2447 607 2530 Msgniloquu
627 2445 764 2510 formoso
785 2445 853 2511 viro
874 2445 1043 2510 ooniunotn
1062 2444 1257 2510 linierinobl

328 2551 382 2628 35)
404 2551 487 2614 Ante
506 2547 587 2613 alius
610 2548 685 2613 l'elix
706 2547 856 2629 fulvoque
875 2546 970 2612 besta
991 2547 1129 2626 metallo,

403 2651 571 2732 Dignaque
593 2651 774 2735 Lsrnpsinui
795 2653 903 2715 lbvest
923 2649 974 2714 oui
998 2649 1092 2731 glsns
1112 2648 1298 2736 ltbypbulli.

403 2753 536 2820 Exercet
558 2751 669 2818 viridis
691 2752 857 2837 proeluuia
879 2752 981 2837 primu
1004 2752 1129 2835 puellus

402 2857 592 2937 Legitimum
614 2856 746 2940 oupiens
767 2855 922 2920 lbeeuudo
944 2856 1066 2920 semine
1087 2864 1228 2921 ventrem

403 2957 578 3041 Compluri:
602 2959 743 3040 pulcram
763 2959 862 3022 lboiut
882 2957 1004 3024 Lueina
1024 2966 1197 3041 putentem.
1280 3017 1283 3022 .

262 3093 264 3098 ·
326 3061 381 3138 40)
403 3061 458 3126 Nil
481 3069 579 3144 negat
597 3057 800 3144 Englendr02
823 3061 970 3126 Nemesis
990 3061 1052 3125 uisi
1073 3061 1210 3144 pignore
1231 3060 1333 3144 docto,

401 3163 540 3246 Pignore
558 3163 692 3228 eonsulti
713 3164 850 3229 tolerunt
870 3165 925 3246 qui
947 3165 1047 3248 putris
1069 3168 1210 3229 bonores

403 3269 443 3328 At
464 3265 555 3330 debit
574 3265 661 3330 elma
682 3265 786 3330 Venus
808 3275 951 3330 nutornrn
971 3285 1101 3332 eernere
1119 3275 1212 3330 news

403 3367 461 3432 Vel
481 3369 558 3449 qnia
578 3366 759 3433 muneribus
780 3375 870 3434 vetes
890 3375 1047 3434 sustentet
1066 3377 1206 3450 egsum,

405 3469 460 3535 Vel
481 3471 567 3553 quie,
588 3471 738 3552 quioquid
760 3469 865 3542 habel.
886 3469 1019 3536 (lederet
1040 3479 1155 3536 nutura
1173 3470 1308 3536 nesorio.

326 3574 382 3652 lb)
402 3572 449 3638 lle
471 3591 586 3656 greges
607 3573 722 3638 ovibus
742 3572 864 3638 dextris
884 3581 918 3638 et
937 3573 1069 3638 lblnrine
1089 3571 1181 3637 laevo

399 3673 545 3741 Flumine
559 3675 716 3755 andnnu,
736 3675 829 3740 lenus
849 3675 1004 3740 Helorion
1024 3675 1155 3755 levabit,
1218 3663 1222 3673 '

401 3777 501 3858 inque
522 3777 612 3844 bonis
633 3777 767 3844 stabulis
789 3778 874 3843 dulei
896 3798 953 3843 vos
973 3778 1118 3860 gramine
1137 3787 1257 3863 posset,

400 3878 541 3944 Pastoris
560 3879 674 3966 graeili
695 3887 845 3945 euntexls
865 3888 1015 3964 poemate
1035 3879 1087 3945 blo

400 3981 576 4063 Contendo,
598 3982 714 4047 teneris
735 4001 884 4065 pressans
904 3983 976 4047 ovis
996 3983 1097 4047 ubere
1116 3982 1242 4067 palmis,

322 4085 379 4165 50)
399 4084 545 4150 Aureolis
566 4085 631 4150 uati
653 4086 760 4166 einget
779 4103 904 4167 quoque
926 4093 1070 4170 tempore
1089 4085 1193 4150 sertis.

402 4187 473 4252 Non
496 4195 600 4252 eustos
620 4189 744 4270 peeoris
764 4197 875 4252 ventos
898 4187 1038 4254 horrebit
1057 4195 1090 4253 et
1110 4187 1237 4269 imbres,

279 4303 290 4331 ¹
311 4311 344 4356 Tu
362 4310 476 4371 eilysurn.
550 4297 561 4328 ¹¹
580 4311 636 4357 Lib.
655 4325 712 4359 nou.
730 4327 753 4358 u.
774 4312 806 4356 l'e
825 4311 947 4358 beliernu.

273 4509 284 4551 ¹
305 4513 369 4584 vgl.
390 4513 437 4568 Br.
450 4514 506 4568 119
529 4509 554 4566 S.
569 4511 625 4564 164
647 4509 728 4564 Auni.
741 4509 766 4567 7·.

271 4589 284 4635 ²
306 4593 369 4668 Vgl.
390 4594 436 4650 Br.
453 4593 507 4651 119
534 4595 560 4648 S.
575 4592 631 4646 lul
653 4591 773 4650 Arruuti.
