3625 5192
678 347 768 405 Briele
788 348 909 405 Mutiaus
928 350 968 403 1⁵.

294 498 359 563 Hos
378 496 487 583 populi
509 496 671 564 favoribus

254 607 286 665 et
305 600 405 681 glorie
425 600 648 683 relinquamus,

255 704 313 769 hoc
334 708 383 767 est
404 702 490 785 vulgi
512 702 688 767 rumoribus

255 804 372 887 ineptis
393 813 487 886 atque
503 804 634 881 tiivolis,

255 908 369 989 quibus
390 926 482 973 nemo
503 906 626 971 beatior

254 1030 312 1075 nec
332 1009 454 1074 doctior
475 1028 533 1074 nee
552 1008 672 1089 melior,

254 1112 309 1177 sed
332 1118 452 1176 tanturn
475 1109 661 1175 insolentior

256 1224 288 1280 et
308 1213 432 1279 stultior
454 1212 489 1277 lit
509 1212 541 1277 in
562 1211 640 1279 dics.

299 1358 348 1424 Ad
371 1368 412 1439 te,
435 1359 582 1443 voluptas
605 1358 723 1423 rustica

255 1460 386 1527 lundata
406 1480 464 1525 nec
486 1480 623 1541 uuquam
645 1460 733 1535 satis,

254 1583 337 1629 nunc
357 1582 458 1628 sermo
479 1569 585 1627 noster
605 1569 762 1647 properat.

255 1666 303 1729 Τιι
329 1665 463 1750 simplex
484 1672 517 1729 ct
538 1672 630 1747 grata
653 1663 744 1729 bonis

255 1774 287 1833 et
309 1767 411 1833 (luctis
430 1765 669 1848 iucundissima,

255 1869 389 1944 sincera,
412 1870 477 1951 pia,
497 1869 594 1951 regia,

257 1972 439 2055 prophanus
460 1972 521 2037 alis
539 1979 571 2036 et
591 1990 698 2037 sacros

255 2083 287 2139 et
309 2075 442 2159 populos
464 2081 496 2137 et
517 2072 688 2159 principes.

295 2220 418 2301 Pagani
439 2226 529 2302 pater
549 2218 622 2298 ocii,

256 2320 375 2385 firmum
398 2320 473 2385 belli
494 2320 678 2404 presidium,

256 2424 309 2504 uui
331 2442 425 2487 manu
444 2422 581 2507 prcdura
600 2428 705 2507 potest

259 2530 393 2591 tractare
415 2544 543 2589 curvum
565 2532 713 2598 aratrum,

257 2646 344 2691 ursos
366 2628 466 2692 contis
488 2624 639 2691 invadere

256 2736 288 2794 et
307 2728 442 2811 glaciem
463 2747 518 2794 seu
540 2728 685 2811 pruinam

257 2831 352 2897 nudis
370 2832 493 2897 calcare
516 2829 661 2915 pedibus,

258 2934 331 2999 huie
352 2933 444 2999 cedet
465 2932 598 2997 Martius
619 2930 734 2997 horror.

299 3078 423 3143 Vindex
446 3076 610 3161 pecudum,
631 3076 767 3142 domitor

254 3182 399 3261 terarum,
420 3180 527 3246 villice
547 3188 661 3255 noster,

257 3284 395 3365 segnitia
414 3284 512 3347 vitam
534 3290 618 3347 tuam

258 3406 320 3450 non
342 3385 462 3468 pateris
484 3384 689 3465 languescere

258 3490 291 3552 in
312 3486 451 3552 subdiali
472 3504 568 3570 opere

258 3607 382 3669 gnavus
403 3589 492 3652 tortis
513 3595 545 3652 et
566 3594 742 3665 strennuus,

259 3689 429 3755 desidiosis
450 3688 587 3755 dominis

259 3800 290 3857 te
310 3791 421 3856 merito
444 3790 655 3875 preponimus.

891 501 934 563 At
955 504 998 579 to,
1017 518 1132 582 rugosa
1155 496 1275 570 villica,

852 601 915 663 tuis
935 600 1089 683 dispensa
1110 601 1241 682 largiter

851 722 943 767 escas
963 709 995 767 et
1015 703 1105 785 gregi
1127 701 1287 786 pabulum.

851 804 922 869 Tua
942 804 1039 869 tutele
1060 803 1197 869 creditur

851 926 984 971 examen
1005 906 1218 987 gallinaceum

852 1014 883 1073 et
904 1008 1000 1073 cortis
1020 1007 1208 1090 procuratio,

852 1110 993 1176 custodis
1014 1110 1167 1195 Capitolii

853 1211 985 1293 clangor
1005 1218 1037 1276 et
1057 1212 1124 1277 suis
1144 1214 1319 1293 grunnitus.

894 1334 938 1399 Ut
956 1335 1070 1399 taciem
1092 1336 1305 1417 summarium,

854 1437 1013 1519 butyrum,
1032 1458 1104 1517 ova,
1128 1457 1249 1519 cuseos,

854 1538 962 1619 linum,
984 1558 1108 1621 punem,
1128 1540 1300 1624 siliginem,

853 1660 989 1722 mensas,
1010 1641 1156 1720 scabilla,
1178 1644 1346 1727 mappulas

853 1742 990 1809 fideliter
1011 1743 1180 1807 custodias.

853 1845 1015 1911 Conversa
1036 1846 1115 1911 villa
1135 1846 1237 1911 niteat

854 1952 886 2012 et
906 1946 994 2012 locus
1015 1948 1084 2031 igni
1105 1947 1219 2013 luceat.

854 2048 905 2114 Da
926 2049 1083 2115 sacerdoti
1105 2049 1257 2115 debitum.

893 2172 957 2251 Qui
976 2173 1071 2257 sapit,
1092 2174 1153 2238 fori
1175 2173 1304 2239 rabulas

854 2275 935 2340 vitat
954 2282 987 2341 et
1007 2294 1083 2341 snas
1103 2295 1215 2341 censor
1235 2284 1292 2357 est,

853 2377 907 2458 qui
930 2376 1041 2462 paucis
1061 2384 1227 2443 contentus
1247 2379 1329 2445 vivit

854 2488 886 2543 et
906 2480 981 2544 colit
1002 2479 1231 2561 innocencium,

855 2581 882 2645 is
904 2602 966 2645 nun
987 2589 1061 2664 eget
1081 2582 1239 2647 iudicibus

854 2702 913 2748 nec
934 2686 1145 2749 saerosanctis
1165 2684 1301 2766 legibus.

855 2783 939 2849 Nam
957 2785 1040 2851 ratio
1060 2786 1086 2850 si
1110 2786 1259 2869 presidet,

855 2905 917 2950 non
939 2906 1019 2971 opus
1042 2894 1091 2952 est
1112 2887 1301 2953 doctoribus.

895 3013 978 3076 Acer
999 3010 1142 3086 molosso,
1164 3012 1275 3095 vigila,

856 3112 931 3178 ville
952 3112 1055 3179 fidelis
1077 3113 1194 3179 ianitor

855 3234 920 3280 nou
939 3215 1035 3294 sitim,
1055 3216 1179 3289 famem,
1201 3215 1319 3298 frigora

857 3317 984 3381 timebis
1004 3317 1035 3381 in
1058 3316 1192 3400 tugurio,
1259 3313 1263 3318 ’

857 3418 917 3498 ius,
937 3419 1009 3498 offa,
1030 3417 1135 3483 lienum
1155 3417 1293 3499 dabitur,

860 3520 976 3583 latratu
998 3520 1043 3585 sis
1065 3520 1210 3600 terribili,

857 3620 915 3685 sed
936 3620 1057 3702 Rufino,
1078 3642 1171 3703 quom
1193 3624 1325 3701 venerit,

857 3740 972 3805 parcas
993 3723 1088 3789 velim
1111 3724 1308 3790 Benedicto.¹

1121 3824 1227 3899 Τέλος.

249 3984 431 4032 Handschril'tl.
450 3984 471 4032 1⁸*
492 3984 541 4033 116
560 3983 770 4033 t01.90r-9tr.

242 4227 253 4268 ¹
274 4234 337 4310 vgn
357 4234 437 4291 Briuf
457 4235 504 4295 10.
