3625 5192
618 348 707 405 Brieie
724 349 845 405 aruum
862 349 922 405 283.
940 350 1000 405 284.
1019 349 1078 405 285.
1448 349 1499 403 373

172 496 277 566 '⁴284.
300 496 343 568 ll.
365 514 410 563 an
433 498 567 569 Urban.
861 496 1099 580 (cotheleia.
1131 495 1383 563 Umdlclllttc
1399 497 1498 581 dt.)

263 620 326 667 utut.
353 622 446 668 meldet
466 621 574 682 jubelnd
602 622 659 667 dem
681 621 778 682 Urbnu,
813 623 869 668 dass
897 637 924 668 er
951 622 978 668 in
1002 622 1087 667 Erfurt
1110 621 1256 668 vorbleiben
1279 621 1348 667 dilrlc
1376 622 1427 667 und
1457 620 1497 668 dia

194 692 338 737 Schdnauer
361 693 559 751 Angelcgeulrcit
580 694 691 752 gercgelt
713 694 756 739 sci.
794 694 827 739 Es
848 692 917 739 scien
947 692 1060 751 gtinstigc
1078 692 1248 739 Nachrichten
1270 706 1328 739 vom
1351 692 1414 739 Hole
1438 692 1500 739 iiber

194 761 307 821 spalatin
328 762 493 821 eingclauscn.
583 793 585 797 ν

275 858 411 923 Heurico
433 858 590 923 Urbano
610 859 769 923 Mutianus
790 860 895 943 Rufus.

276 959 480 1025 Gaudeamus
514 981 623 1027 omues
649 963 682 1025 in
707 955 844 1026 domino.
893 962 989 1025 Parta
1020 962 1077 1026 tibi
1110 962 1196 1025 salus
1226 968 1281 1027 cst.
1334 962 1391 1027 Sta
1420 962 1512 1037 lirm,.

195 1061 295 1126 cabal.
343 1063 513 1146 Impetravi
543 1063 601 1128 tibi
633 1064 851 1147 magistratum
883 1071 915 1129 et
944 1066 1094 1147 graciam.
1144 1064 1216 1128 Non
1248 1083 1327 1148 opus
1353 1074 1401 1128 est
1428 1084 1499 1128 urea

195 1172 338 1247 repetere
359 1162 455 1228 dicta.
497 1164 612 1244 Effeci,
640 1165 724 1246 quod
745 1165 889 1245 volebas,
912 1166 1055 1245 exoravi,
1077 1164 1160 1246 quod
1183 1166 1331 1249 optabas:
1359 1166 1402 1231 lls
1430 1187 1498 1231 cco-

195 1285 306 1329 nomus
337 1274 369 1331 et
398 1266 551 1331 manebis.
603 1266 659 1330 Vis
690 1265 892 1331 coronidem?
924 1266 973 1329 vis
1006 1266 1224 1330 auctuarinm?
1273 1266 1374 1332 Dabo.
1426 1268 1498 1333 Non
1571 1298 1574 1305 ⁴

194 1368 295 1432 solum
321 1374 352 1431 te
378 1351 481 1432 lirmat
509 1368 540 1431 in
568 1366 688 1447 officio,
712 1368 887 1433 sedetiam
913 1368 1037 1449 roganti
1067 1368 1159 1446 mihi,
1184 1376 1217 1432 ut
1240 1369 1298 1433 tibi
1326 1368 1445 1434 diceret
1465 1390 1498 1433 se

193 1469 276 1533 votis
298 1471 377 1535 meis
404 1470 569 1549 annuisse,
596 1469 773 1553 respondit:
803 1470 870 1551 „Es
892 1472 940 1534 sal
962 1472 992 1533 ia
1015 1472 1118 1534 scin“.
1161 1472 1242 1534 Nam
1265 1480 1339 1535 ante
1358 1472 1496 1535 dixerat:

195 1571 304 1651 „Umu
327 1590 411 1634 cvvcr
432 1571 538 1635 vvillen
561 1572 608 1636 sal
628 1591 662 1635 er
686 1571 846 1636 bleibcn“.
888 1572 950 1653 Egi
971 1583 1003 1637 et
1024 1574 1088 1636 alia
1109 1574 1188 1637 satis
1208 1574 1379 1638 commode.
1422 1572 1498 1638 Dixi

195 1682 226 1738 te
247 1672 364 1737 babere
384 1672 527 1757 diploma
547 1693 658 1737 meum.
700 1672 837 1738 Subrisit
858 1680 889 1736 et
910 1678 959 1737 est
980 1674 1074 1757 plane
1096 1674 1195 1739 bonus
1218 1674 1274 1738 vir.
1317 1674 1380 1739 Sed
1403 1675 1499 1739 Scho-

195 1776 301 1840 uatis²
327 1776 446 1840 obitum
469 1774 536 1838 vult
557 1781 734 1857 expectare.
777 1773 929 1838 llomordi
954 1774 1157 1839 Bartholnm³
1177 1786 1208 1839 ct
1228 1778 1316 1841 visus
1341 1785 1388 1841 cst
1410 1786 1500 1859 pater

196 1877 397 1959 acquiescere
421 1877 509 1941 milri.
550 1877 676 1941 Habeat
704 1877 766 1940 ista
790 1876 893 1940 bestia
915 1896 1003 1941 suum
1025 1878 1129 1941 telum.
1172 1877 1255 1943 Audi
1278 1879 1437 1943 mirabilia
1458 1880 1498 1943 de

196 1979 381 2063 Spalatino:
405 1980 537 2053 Amatur
554 1986 587 2042 ut
603 1978 719 2043 liliusa
739 1977 819 2042 duce
839 1986 870 2042 ct
882 1977 1108 2061 Degeubartol
1133 1979 1185 2043 rel.
1229 1980 1338 2045 lnunc
1358 1988 1389 2046 et
1409 1982 1499 2047 dicas

193 2081 322 2146 stultum
344 2100 414 2145 esse
435 2080 619 2145 blutianum.
661 2080 750 2144 Vale.

266 2203 446 2251 Handschriftl,
464 2202 544 2250 Fati
565 2203 606 2249 tor.
617 2202 707 2268 2⁰9¹&

748 2343 950 2351 -——-—

197 2468 280 2540 285.
302 2467 346 2540 lll.
367 2486 411 2535 an
432 2468 567 2535 Urban.
816 2468 1051 2548 (cottiarum.
1083 2468 1499 2559 degeneraturam.)
1575 2518 1576 2521 ,

266 2592 328 2640 utut.
348 2594 552 2640 charalrterisiert
568 2595 608 2641 dic
626 2596 761 2653 Arrhiiugcr
779 2595 824 2641 dor
841 2595 1054 2652 alteuRiehtung.
1093 2596 1148 2641 llsn
1163 2596 1336 2653 Thoolugistuu
1358 2598 1500 2657 gegouilbnr

195 2665 264 2709 stcllt
283 2680 310 2709 cr
329 2665 413 2710 wahre
430 2664 570 2723 Tlrcologon
591 2665 640 2711 aul.
679 2666 711 2710 Er
729 2666 858 2723 bedauert,
876 2666 934 2710 dans
954 2666 1081 2712 Hcrebord
1101 2682 1125 2712 v.
1145 2666 1167 2711 d.
1183 2666 1298 2713 lllarthsn
1318 2669 1369 2725 und
1387 2669 1500 2728 Pctrsjus

195 2733 229 2779 im
249 2734 355 2794 Kampsa
374 2736 413 2781 fiir
431 2734 471 2781 die
492 2750 555 2781 neue
575 2734 700 2793 Richtung
718 2737 788 2782 nicht
807 2736 850 2781 dns
871 2735 969 2795 loistcn,
988 2750 1038 2782 was
1056 2736 1091 2783 sic
1110 2740 1254 2796 vermdgcn.
1351 2736 1352 2739 ’

276 2830 326 2895 Ad
347 2831 532 2896 fidissimum
554 2833 750 2898 Urbanum
772 2841 922 2917 tanquam
943 2834 1080 2899 fratrem.

277 2934 307 2997 S.
351 2934 496 2998 Socrates
522 2933 627 2998 dicere
642 2934 778 2998 solebat
803 2955 913 2999 omnes
940 2936 972 2997 in
995 2956 1048 3007 eo,
1070 2926 1153 3017 quod
1176 2938 1305 3013 scirent,
1331 2938 1409 3002 satis
1431 2957 1501 3003 esse

196 3035 399 3117 eloquentes⁵
422 3042 453 3099 et
474 3035 595 3099 Plinius
616 3037 719 3100 iunior
738 3036 849 3099 scribit
869 3055 939 3101 esse
962 3036 1055 3115 nihil,
1078 3036 1161 3117 qnod
1186 3056 1247 3099 non
1270 3039 1370 3119 possit
1390 3038 1421 3101 in
1446 3059 1502 3103 suo

195 3158 311 3220 genere
327 3138 617 3219 eloquentissimum
634 3138 734 3202 videri
745 3139 767 3201 ⁶.
800 3138 884 3215 Quid
903 3157 978 3220 ergo
994 3140 1144 3221 poetastri
1163 3158 1226 3202 rem
1245 3138 1500 3221 philosophorum

194 3239 427 3303 criminantur?
468 3240 502 3303 Si
524 3259 626 3304 mores
647 3239 811 3319 invadunt,
833 3238 964 3303 videant
985 3240 1133 3323 primum,
1154 3260 1225 3304 num
1248 3242 1290 3305 sit
1312 3244 1342 3306 in
1367 3244 1502 3325 propriis

193 3341 294 3406 oculis
316 3342 476 3405 lestncula.
519 3342 626 3425 Turpe
647 3344 723 3419 latu,
747 3342 774 3404 si
791 3349 918 3405 sanctos
934 3342 1103 3423 magistros
1121 3350 1152 3405 et
1167 3361 1231 3406 rem
1249 3342 1501 3426 philosophicam

197 3463 253 3527 pro
279 3463 337 3507 sua
368 3445 534 3508 maiestate
557 3452 589 3507 ct
609 3442 819 3526 amplitudine
846 3443 1050 3507 reverendam
1074 3446 1189 3527 inepti,
1217 3444 1308 3526 clati,
1342 3444 1502 3522 licentes⁸,

196 3548 351 3629 protervi,
383 3546 522 3625 molesti,
559 3545 676 3630 putidi,
709 3546 810 3611 odiosi
844 3546 1021 3610 literatores
1053 3548 1214 3614 infamant.
1258 3547 1336 3610 'Non
1369 3558 1503 3629 querunt

197 3648 343 3731 magistri
371 3647 486 3712 theatri
508 3648 668 3730 plausum,
694 3668 755 3712 non
777 3646 957 3711 demulcent
981 3666 1073 3710 anrcs
1094 3648 1235 3712 oratione
1256 3658 1405 3729 venusta,
1434 3650 1503 3714 sine

198 3750 273 3814 llore
299 3750 452 3815 orationis
481 3749 680 3814 dialecticam
713 3748 898 3833 profitentur
927 3757 958 3813 et
990 3750 1134 3830 quamvis
1169 3751 1278 3814 inculti
1308 3759 1339 3815 et
1370 3752 1501 3834 sordidi,

197 3862 270 3916 sunt
293 3859 398 3916 tamen
428 3870 573 3933 sagaces,
602 3851 749 3929 subtiles,
777 3851 1112 3932 incomprehensibiles
1140 3852 1172 3914 iu
1199 3854 1297 3929 nodisff
1314 3852 1501 3928 vinciendis,

267 3970 279 3997 ⁸
298 3977 331 4021 Ta
347 3976 463 4022 liventes.

263 4172 272 4215 ¹
296 4175 489 4249 vgrnsasa.

260 4253 274 4296 2
294 4257 359 4327 Vgl.
370 4256 416 4313 Br.
429 4256 487 4310 252
499 4275 524 4311 u.
537 4256 605 4311 266.

259 4332 275 4375 ³
295 4336 358 4407 Vgl.
372 4336 417 4392 Br.
429 4336 487 4389 282
508 4335 535 4390 S.
548 4336 603 4390 371
627 4336 710 4392 Anm.
722 4336 747 4390 8.

258 4412 274 4455 4
296 4416 574 4472 Derlrurliirstlichc
594 4418 650 4471 Rat
670 4416 834 4488 Pfeffinger.

259 4492 274 4535 ⁵
295 4496 360 4566 Vgl.
381 4494 488 4562 Cicero,
508 4497 552 4552 De
574 4505 681 4552 oratore
696 4498 720 4565 1,
739 4497 785 4554 14.
803 4499 848 4552 63.

259 4572 343 4632 6lclr
365 4595 440 4633 muas
460 4578 631 4651 herivallem,
650 4580 713 4633 dass
733 4579 809 4634 diese
829 4578 914 4635 Stelle
936 4580 981 4636 bei
1002 4580 1111 4635 Plinius
1132 4580 1191 4635 sich
1212 4578 1306 4635 findet.
