3625 5192
670 367 759 435 eriere
777 379 897 434 sunm
918 377 974 462 rte.
986 381 1044 434 ιιι.
1462 363 1511 433 ιιι

202 528 284 596 fedis
311 525 450 613 crapulis
479 535 510 594 et
537 528 697 595 edacitate
725 529 898 594 licenciosa
927 527 1084 608 distendi,
1113 528 1278 594 declarant
1304 528 1421 593 ebriosi
1450 527 1513 592 duo

201 633 274 698 salii
296 631 468 714 symmista
490 632 588 696 nostri
611 632 753 696 homines
776 630 987 695 habitissimi²
1009 630 1152 712 beneque
1173 632 1262 706 tenti,
1282 631 1365 696 male
1386 628 1516 706 literati,'

203 733 367 818 maledici,
396 731 556 810 insidiosi,
584 732 675 815 digni
700 734 862 799 tussedine
884 739 1051 816 perpetua,
1078 733 1336 814 dignitatem,
1364 731 1514 814 cordolio,

203 837 378 918 lethargor,
409 837 634 918 intertrigine⁰,
663 836 880 918 lumbifragio‚
909 835 995 900 mala
1014 837 1137 915 scabie,
1163 834 1269 917 digni,
1297 837 1350 918 qni
1379 835 1514 919 pedibus

202 939 341 1006 anulatis
362 938 393 1003 in
415 938 565 1003 Tulliano
587 945 778 1023 putrescant.
822 939 953 1004 invitati
982 939 1067 1003 enim
1095 937 1275 1020 aquodam
1298 937 1384 1020 pullo
1405 938 1514 1003 amici·

203 1043 288 1110 mins
309 1061 347 1107 ac
367 1041 547 1106 cucullione
566 1049 648 1106 tecto
669 1047 759 1124 patre
780 1041 920 1106 familias
941 1040 983 1105 ad
1005 1039 1198 1124 pontificium
1222 1047 1255 1104 et
1281 1039 1411 1123 adipale
1432 1059 1515 1125 spun-
1588 1115 1593 1122 ¹

202 1144 325 1228 posium
349 1145 584 1220 incertumst,
610 1143 722 1226 plusne
743 1143 811 1206 vini
843 1142 875 1206 in
905 1141 1087 1207 barathrum
1110 1140 1293 1220 effuderint,
1313 1161 1361 1206 -an
1384 1143 1515 1207 vomita·

203 1247 307 1310 verint
328 1245 473 1310 omuibus
494 1244 602 1310 scrofis
625 1251 657 1309 ct
679 1244 898 1309 lalisionibus‘¹
919 1245 1132 1310 immaniores.
1174 1243 1242 1322 Qus
1264 1243 1374 1308 teritus
1396 1251 1427 1308 et
1448 1244 1516 1308 rita

205 1346 334 1412 beluina
372 1347 525 1411 conviciis
564 1347 702 1411 virorum
736 1347 882 1427 grauium
918 1345 1152 1430 proscindenda
1183 1353 1292 1427 utpote
1325 1355 1515 1431 postremum

203 1449 342 1513 doliceus
362 1454 393 1512 et
414 1446 546 1512 infanda
567 1448 743 1534 turpitudo,
765 1455 918 1529 qnantum
939 1447 1108 1512 abhorreat
1130 1459 1194 1512 tum
1215 1469 1236 1513 a
1257 1449 1515 1532 philosophorum
1559 1475 1563 1480 ·

204 1549 349 1630 decretis,
372 1550 621 1633 tumamysticis
632 1549 823 1629 cerimoniis,
846 1559 911 1615 tum
926 1572 947 1615 a
965 1550 1105 1615 moribus
1120 1570 1236 1629 eorum,
1257 1553 1310 1634 qui
1333 1551 1375 1618 ab
1395 1551 1533 1617 amussi'

204 1662 236 1718 et
256 1672 378 1720 canone
400 1671 512 1716 nomen
534 1653 635 1718 sortiti
658 1660 741 1732 srrnt,
763 1672 845 1717 nurrc
865 1653 1008 1718 oratione
1021 1654 1175 1734 censoria,
1199 1661 1233 1717 ιιι
1255 1655 1394 1718 animum
1413 1655 1513 1722 inteu-

205 1756 278 1821 dam
301 1767 331 1820 et
355 1756 513 1820 remittam
527 1757 547 1834 ¹,
577 1754 634 1820 lroc
656 1763 721 1834 est,
744 1763 776 1819 ut
797 1775 847 1820 nuc
870 1757 990 1838 pariter
1009 1775 1174 1820 exerceam
1195 1763 1227 1820 et
1248 1755 1417 1831 delectem,
1446 1758 1517 1838 tibi,

207 1858 335 1922 llrbane
350 1866 490 1942 patrone,
513 1859 650 1940 pur-itera
672 1877 829 1940 exponere
840 1856 997 1922 constitui.
1039 1858 1114 1922 l'ost
1134 1867 1366 1939 cynocaumata
1386 1868 1418 1924 ct
1430 1861 1521 1926 estus'

205 1961 400 2026 caniculares
422 1959 611 2024 nnistutenm
622 1965 772 2023 autumno
784 1979 841 2044 per
851 1978 959 2024 annua
968 1966 1115 2042 statuque
1126 1961 1316 2024 reverticula
1328 1971 1516 2034 recurrente,

206 2066 316 2144 ιιιιιιιιιί
346 2062 470 2128 roscida
501 2069 609 2127 noctes
640 2061 816 2145 inciperent
847 2081 918 2126 esse
947 2061 1096 2144 pruinose
1128 2069 1160 2125 et
1190 2062 1403 2143 coniunctium
1436 2063 1518 2128 libre

208 2171 386 2249 appeteret,
413 2166 502 2228 venit
529 2164 571 2229 ad
601 2183 650 2228 me
680 2163 828 2230 sacerdos
856 2165 951 2248 plane
980 2164 1095 2246 bonus,
1126 2164 1180 2245 qui
1204 2183 1254 2228 mc
1280 2163 1399 2229 domini
1429 2166 1519 2242 iussn,

206 2275 335 2352 vocaret
355 2266 396 2331 ad
417 2266 668 2332 anniversariam
681 2266 907 2332 Schonatinm²
928 2267 1085 2331 insaniam
1106 2268 1288 2348 turoresquc
1299 2267 1517 2348 lunaticorum,

208 2370 317 2451 templi
338 2368 592 2443 dedicacioncm,
616 2388 677 2432 nou
699 2368 810 2448 solum,
831 2368 915 2450 quod
937 2369 969 2432 in
991 2367 1197 2433 Herculaneis
1218 2367 1318 2432 sacris
1337 2367 1400 2448 titt,
1421 2371 1517 2435 malc-

209 2471 304 2536 dictis
324 2479 355 2536 et
376 2453 553 2555 opprobiis,
581 2469 638 2538 sed
659 2470 759 2536 ceiam
784 2470 942 2536 Bacchica
962 2470 1122 2534 dementia
1143 2469 1374 2556 celebrauciunr
1396 2469 1519 2536 addens

208 2593 257 2636 mc
279 2574 423 2638 comitem
445 2577 477 2638 ct
497 2573 637 2638 sodalem
665 2572 843 2638 babituram
865 2572 990 2637 lotium
1018 2573 1213 2637 sacricolam.
1255 2571 1368 2636 Mirum
1398 2570 1430 2636 id
1450 2573 1519 2654 tirit,

148 2690 152 2696 ’
209 2694 282 2738 narn
293 2675 383 2740 Lotio
404 2674 553 2760 copulare
565 2695 615 2739 me
630 2673 738 2738 voluit.
781 2674 871 2739 Bella
882 2676 1029 2740 nimirum
1041 2674 1231 2754 coniunctio,
1252 2675 1355 2738 electa
1371 2674 1518 2756 societas,

209 2777 346 2842 sobrium
368 2796 437 2842 cnm
461 2777 594 2858 ebrioso,
616 2775 809 2841 moderatum
829 2797 900 2841 cnm
918 2776 1217 2862 intemperatissimo
1225 2779 1248 2856 ¹¹,
1270 2774 1427 2840 cruditum
1448 2795 1519 2838 cnm
1545 2828 1547 2831 .

210 2878 427 2944 indoctissimo
448 2882 650 2962 coniungere,
674 2898 713 2942 ne
734 2879 839 2944 dicam
860 2898 1054 2961 comparare.
1097 2879 1328 2960 Comparantur
1348 2879 1444 2957 enirn,
1465 2877 1519 2960 qui
1632 2939 1635 2942 ⁴

210 2999 287 3044 ccne
315 2980 407 3054 sinrul
435 2981 634 3048 adhibentur.
682 2982 845 3066 Reputans
870 3001 945 3063 ergo
973 3001 1093 3045 mecum
1121 2982 1214 3045 istam
1245 2980 1519 3063 incapabilitatem

210 3089 242 3146 et
261 3084 418 3149 vocatoris
439 3083 638 3168 prudentiam
662 3105 722 3150 nou
746 3093 885 3168 poteram
916 3103 977 3147 uon
1004 3083 1159 3166 suspicari
1185 3082 1273 3146 aliud
1295 3081 1376 3148 velle
1397 3092 1519 3165 patrem

211 3184 350 3251 tamillas
370 3186 458 3251 aliud
479 3188 634 3252 simulare.
682 3185 854 3251 Videbatur
875 3187 960 3250 eninr
982 3186 1117 3250 invitato
1133 3184 1224 3249 Lotio
1246 3205 1307 3248 non
1330 3203 1378 3247 me
1399 3191 1520 3268 optare,

211 3285 266 3351 sed
291 3287 495 3352 bellissimum
518 3288 605 3352 illum
628 3289 791 3371 pusionem
815 3287 1008 3352 Tbelasine³
1034 3286 1114 3350 stole
1134 3286 1277 3350 Morium.
1320 3285 1451 3352 Sciebat
1470 3304 1521 3349 me
1578 3337 1582 3346 .

213 3407 274 3451 non
296 3407 366 3454 esse
387 3395 550 3454 venturum
574 3411 643 3455 cum
661 3389 1024 3456 bomineadversarioet
1041 3389 1209 3454 levissimo.
1251 3389 1380 3454 Sciebat
1400 3387 1542 3450 Morum·

213 3490 346 3573 probare
374 3491 452 3556 illud
475 3493 736 3576 voluptariorurn:
768 3491 947 3572 „Edamua
976 3491 1132 3571 bibamus,
1152 3491 1297 3555 incubasi
1326 3488 1519 3567 dedolemus,

211 3611 282 3656 cras
302 3595 498 3658 moriemur.“
539 3595 589 3660 Ob
612 3594 643 3659 id
667 3594 801 3679 primurn
823 3594 921 3658 risum
944 3593 1020 3657 milri
1044 3592 1142 3656 movit
1163 3591 1362 3656 solertissimi
1384 3591 1521 3675 epistate
1634 3594 1638 3601 '

283 3709 294 3736 ³
315 3717 348 3762 Τκ
366 3717 522 3764 habitissimi.
580 3703 592 3738 b
612 3719 637 3763 p·
650 3718 765 3777 litbargo.
823 3710 833 3738 ⁰
853 3717 886 3763 [lp
905 3717 1075 3773 intertrigirie.
1138 3700 1158 3778 ἀ,
1172 3715 1204 3761 ra
1224 3714 1395 3762 labisionibns.
1458 3707 1469 3736 ⁰
1488 3715 1521 3759 Tc

215 3787 315 3845 pariter.
370 3771 432 3834 fTu
450 3803 505 3834 cnm
567 3781 580 3816 ⁸
600 3789 632 3834 'I'z
650 3788 689 3834 sit.
744 3774 756 3809 ¹¹
777 3789 810 3836 Ta
827 3787 1089 3846 intemperantissime.
1153 3779 1160 3806 ¹
1180 3786 1239 3830 Mon
1249 3785 1320 3845 sunu
1336 3786 1386 3830 ciel
1406 3785 1521 3842 rereuclrt,

215 3855 318 3902 incubas
336 3859 362 3903 ia
379 3857 483 3904 incubos
501 3875 530 3904 aa
549 3859 653 3915 dudem,
678 3859 738 3904 dorlr
764 3859 826 3904 roird
852 3859 891 3903 die
912 3864 997 3902 erato-e
1020 3858 1088 3902 rom
1112 3871 1158 3902 ron
1179 3856 1219 3900 Du
1237 3856 1321 3914 Carrge
1346 3862 1415 3900 artur
1436 3854 1523 3900 incubi

215 3926 349 3984 oaquilbrt.
386 3929 434 3973 Dic
450 3928 591 3988 denderaup
609 3929 689 3974 mirica
706 3930 767 3974 ancli
792 3930 864 3973 wiron
882 3927 982 3973 clerbald
999 3927 1155 3985 bedertklirlr,
1181 3925 1235 3970 roci!
1253 3926 1298 3970 mir
1317 3925 1521 3984 mcperarrlrcialisb

214 3996 252 4040 ein
272 3995 336 4042 Citot
353 4013 396 4043 cor
413 4013 457 4044 uns
474 3997 556 4046 baben.

280 4131 415 4138 -—--—-.-

217 4299 241 4352 B
279 4215 589 4355 ἒῦΜιιι.1ξὲεἰι“ιὸιιειι
609 4241 642 4276 zu
664 4223 767 4278 diesem
791 4222 890 4292 blittel,
910 4221 1005 4276 seinen
1027 4221 1135 4278 Unnrut
1156 4239 1189 4275 zu
1209 4220 1422 4276 verschenchen.
1455 4220 1520 4293 vgr.

242 4318 263 4354 r.
335 4319 362 4356 u.
438 4342 444 4354 .
1338 4317 1341 4320 ’

276 4377 290 4418 ²
310 4385 348 4434 tis
366 4382 481 4438 handelt
502 4383 562 4437 sich
584 4383 645 4438 hier
665 4401 710 4437 um
733 4383 795 4438 eine
815 4382 974 4454 Einlatlung
994 4401 1042 4436 zur
1061 4381 1142 4436 Feier
1162 4381 1210 4435 des
1227 4380 1473 4435 Kircbweihlestcs
1495 4381 1522 4435 in

216 4459 343 4516 Schiinan
359 4481 381 4514 r.
398 4464 424 4516 d.
438 4463 482 4518 W.
524 4463 799 4535 vg1.Br.1tS.21
827 4463 950 4517 Anm2.
992 4463 1181 4532 Georgenthal
1201 4463 1321 4515 boaetnte
1344 4462 1389 4516 die
1415 4463 1523 4532 dortigc

217 4539 320 4595 Plane.
363 4543 426 4614 l'gl.
448 4543 555 4612 Miller,
577 4544 641 4600 Urlr.
663 4545 763 4601 Gesolr.
785 4545 833 4598 (les
853 4534 978 4598 Klosters
997 4543 1196 4614 Georgenmal,
1217 4542 1264 4596 fol.
1284 4541 1364 4595 rotv
1379 4573 1408 4581 -·
1422 4541 1504 4597 loir.

277 4617 291 4660 ³
313 4621 375 4696 vgr.
397 4623 442 4680 Br.
460 4625 497 4680 66
519 4623 545 4680 S.
561 4625 595 4678 91
620 4625 743 4682 Auunl.

1271 4719 1324 4776 14*
