3625 5192
685 376 773 436 tiriolo
794 370 914 437 llutians
932 382 973 437 to.
995 382 1036 439 77.
1463 384 1512 439 113

207 526 322 611 diligit.
365 526 510 611 Denique
530 531 715 611 magistrum
738 532 835 605 illum,
857 552 949 614 ortem
972 534 1127 613 nominas,
1149 534 1234 598 unllo
1264 534 1357 599 modo
1385 536 1512 600 credam

208 633 327 696 amissa
347 632 449 696 trente
470 651 581 696 nasum
603 640 724 697 tanturn
744 633 870 699 habere.
915 635 1024 717 ltaque
1047 634 1072 699 si
1096 656 1145 699 rne
1167 656 1267 717 atrias,
1288 638 1400 703 melius
1417 638 1514 703 inter-

207 740 342 817 pretare,
363 734 445 815 quod
470 735 553 799 feeit.
595 735 683 801 Misit
704 736 902 819 epitaphium
914 736 1092 819 longealiis
1104 738 1313 821 verbisquam
1325 740 1513 823 impressum

207 842 302 899 extat.
345 835 513 919 Explicavi
539 836 621 901 binis
642 837 751 901 literis.
795 838 884 903 Unas
905 840 947 903 ad
969 846 1010 917 to,
1031 840 1149 904 alteras
1171 842 1324 924 postridie
1344 844 1385 905 ad
1408 844 1511 927 ipsum

205 937 290 1018 dedi,
312 958 407 1018 curun
428 939 556 1002 nuntius
579 938 766 1022 postularet,
792 947 885 1023 teque
907 947 941 1005 ut
964 940 1067 1006 adiret
1089 944 1204 1007 monui.
1248 944 1367 1011 Forsan
1388 964 1444 1029 per
1466 945 1509 1007 iu-

204 1059 341 1122 genuam
360 1040 582 1105 verecundiam
604 1062 666 1107 non
689 1042 838 1126 apposuit
860 1063 983 1123 nomen,
1004 1063 1195 1125 quanquam,
1219 1046 1289 1128 quis
1312 1054 1409 1128 essct,
1436 1047 1510 1111 doru

205 1144 384 1219 scriberem,
404 1163 530 1227 prorsus
552 1144 739 1225 ignorarem.
781 1144 831 1209 Ob
852 1144 885 1209 id
905 1147 1006 1209 fautus
1028 1154 1075 1210 est
1091 1146 1247 1211 eiusmodi
1267 1148 1389 1213 titulus:
1432 1150 1512 1213 Cou-

205 1246 316 1310 sultori
337 1266 504 1329 anonymo,
525 1266 586 1309 non
608 1253 713 1311 tamen
735 1246 972 1312 contemnendo.
1015 1248 1099 1327 Noli,
1118 1249 1160 1311 mi
1181 1249 1372 1325 Herehorde,
1396 1258 1511 1315 temere

207 1349 480 1431 taliaprovocare
501 1347 637 1430 ingenia.
680 1346 833 1413 Memoria
856 1350 1042 1414 iniuriarum
1068 1350 1253 1415 innuortalis
1272 1363 1328 1433 est,
1351 1354 1413 1416 rari
1431 1362 1512 1431 sunt,

206 1451 260 1533 qui
281 1450 405 1515 soleant
426 1450 609 1514 iniuriarum
631 1450 786 1515 oblivisci.
828 1452 911 1515 llere
935 1472 1099 1535 personam
1112 1452 1311 1533 Hannibalis,
1334 1456 1385 1537 qui
1401 1455 1512 1520 fraude

207 1562 238 1618 et
248 1554 457 1618 astuciavicit
467 1553 635 1632 Romanos,
658 1553 718 1617 hoc
729 1560 786 1633 est,
809 1552 976 1618 dissimula
991 1562 1022 1619 et
1038 1556 1083 1619 t'er
1093 1556 1288 1637 quorundam
1302 1556 1511 1623 insolentiam.

207 1658 318 1739 Neque
340 1657 424 1721 enirn
446 1655 538 1721 uobis
558 1656 654 1721 ullam
677 1662 783 1719 notam
806 1656 926 1737 inussit,
948 1676 1017 1721 cunr
1039 1658 1168 1740 egregie
1182 1666 1308 1723 teneam
1320 1660 1512 1725 Graecorum

207 1750 382 1830 διαλέιτους
401 1768 432 1822 et
459 1766 616 1840 utcunque
637 1758 756 1841 Orphei
788 1758 986 1841 epitaphium
1014 1760 1164 1824 detritum
1187 1761 1229 1825 sit
1257 1769 1288 1826 et
1317 1761 1423 1847 pueris
1447 1762 1512 1827 lere

209 1867 316 1926 notum
364 1861 422 1925 Sin
444 1868 547 1925 autem
570 1860 651 1925 citra
672 1879 773 1923 meum
803 1861 930 1945 culpam
960 1878 1017 1926 nos
1045 1861 1195 1927 invadere
1224 1870 1325 1928 tentat
1351 1863 1514 1929 absentem

207 1964 418 2028 morsicatinr⁸
439 1971 471 2027 et
489 1962 669 2047 petulanter
679 1964 890 2046 compulsans
910 1973 964 2027 arrt
981 1984 1081 2028 mores
1093 1965 1227 2029 mutavit
1239 1971 1294 2029 ant
1305 1965 1366 2029 sibi
1379 1965 1512 2047 gloriam

207 2086 246 2131 ex
268 2066 487 2130 criminatione
508 2066 632 2147 quaerit
652 2075 707 2129 aut
726 2065 901 2129 huiusmodi
921 2067 1115 2150 propositum
1136 2068 1202 2131 suis
1224 2068 1315 2131 rebus
1340 2066 1514 2133 conducere

207 2168 387 2233 arbitratur.
428 2167 498 2250 ligo
520 2175 630 2231 contra
651 2166 727 2249 quid
749 2168 882 2232 moliar?
924 2167 1046 2233 Ridebo
1068 2176 1100 2234 et
1121 2168 1211 2235 llooci
1232 2168 1362 2250 luciam,
1389 2170 1453 2232 imo
1475 2188 1513 2233 ne

209 2271 266 2354 pili
289 2271 415 2353 quidem
437 2270 520 2334 male
547 2271 715 2334 literatum.
757 2270 843 2334 Satis
870 2270 974 2334 clarus
1001 2276 1049 2335 est
1075 2272 1165 2336 labor
1191 2278 1311 2350 noster,
1338 2270 1417 2335 satis
1446 2288 1513 2353 per-

208 2374 321 2457 spicua
342 2372 496 2453 doctrina,
519 2373 680 2454 ingenium
701 2372 780 2436 satis
801 2372 918 2451 uohile,
939 2373 1038 2437 velint
1060 2373 1162 2437 nolint
1181 2392 1288 2438 osores
1309 2378 1340 2437 et
1360 2372 1514 2454 manipuli

208 2476 388 2540 tactionum.
432 2476 545 2539 Verum
556 2481 604 2539 est
621 2473 699 2538 illud
713 2474 893 2539 Senecae1:
918 2474 1065 2555 „Invadit
1076 2474 1359 2561 temperatissimos
1379 2475 1516 2552 morbus,

209 2578 425 2643 validissimos
446 2578 598 2661 phthisis,
620 2578 895 2641 innocentissimos
919 2597 1036 2661 poena,
1058 2577 1305 2643 secretissimosb
1336 2578 1515 2641 tumultus.“

209 2681 297 2746 Idem
314 2680 400 2745 istud
417 2680 483 2744 divi
497 2680 693 2763 Hieronymi:
715 2680 840 2760 „Etiam
858 2680 1008 2744 latentem
1020 2681 1142 2745 invenit
1154 2679 1307 2744 invidia.“
1350 2679 1432 2742 Nam
1446 2698 1514 2761 pro·

211 2783 279 2863 bus,
301 2783 462 2861 innocens,
485 2782 597 2846 doctus
608 2801 704 2865 saepe
727 2784 809 2847 male
822 2783 912 2846 audit
932 2790 1123 2865 ettanqusur
1145 2782 1387 2848 nocentissimus
1409 2782 1515 2864 culpa-

209 2894 266 2949 tur.
289 2884 404 2949 Verum
418 2884 571 2949 hactenus
582 2884 622 2948 de
635 2886 811 2949 consultore
822 2885 1009 2971 importuno.
1051 2884 1122 2949 Non
1135 2906 1185 2951 mo
1200 2886 1329 2965 lacerat,
1350 2882 1516 2962 consuluit,

209 2988 335 3070 accepit
357 3005 551 3071 responsum,
574 2987 631 3050 sed
651 2986 760 3051 obiter.
804 2988 838 3052 Si
852 2989 943 3071 plura
956 2986 1117 3053 desiderat
1132 2995 1163 3052 et
1175 2987 1343 3066 bonusest,
1358 2986 1517 3068 copiosius

209 3089 356 3153 scribam.
397 3088 446 3152 'ln
470 3088 714 3169 qnoqueoebes,
736 3089 928 3164 Herehorde,
950 3109 1012 3153 non
1041 3090 1152 3154 leviter
1179 3107 1371 3154 succensere.
1414 3087 1517 3150 Inrrlat

209 3193 342 3274 quisque
369 3189 409 3255 de
438 3210 494 3255 sno
523 3190 638 3255 corio‘2.
686 3191 871 3255 Punctnlum
898 3192 1050 3257 innoxiae
1073 3193 1160 3276 pilae
1190 3212 1251 3257 non
1280 3190 1388 3255 laedit.
1438 3190 1516 3252 Ara-

211 3314 339 3359 uearnm
362 3313 469 3358 casses
496 3313 558 3357 non
580 3293 757 3375 illaqueant
777 3294 930 3359 homines.
972 3294 1042 3360 Non
1072 3292 1178 3358 omnia
1210 3293 1338 3377 placent
1362 3290 1518 3355 omnibus.

209 3398 283 3461 Seio
304 3414 421 3480 paucos
440 3396 565 3476 sectari,
586 3396 738 3479 plurimos
759 3396 909 3461 insectari
931 3404 1050 3463 sectam
1081 3404 1228 3461 nostram.
1269 3395 1424 3459 Praesens
1452 3394 1516 3475 epi-

209 3500 353 3583 taphium
375 3498 466 3563 dicit:
488 3498 555 3563 Hec
578 3500 688 3563 tumba
710 3498 806 3563 hahet
824 3500 967 3564 divinum
989 3505 1124 3582 poetam,
1146 3496 1288 3580 Orphea,
1317 3496 1455 3560 animaru
1486 3502 1517 3557 et

211 3604 377 3667 coelestem
404 3602 503 3685 lyram
534 3602 663 3667 coelum.
705 3602 880 3666 Notissima
906 3610 979 3665 sunt
1005 3620 1122 3683 graeca
1147 3599 1253 3665 verba.
1295 3596 1385 3675 Quod
1412 3602 1516 3660 autern

210 3707 281 3789 lyra
292 3704 411 3787 Orphei
431 3705 474 3769 sit
488 3705 569 3770 iuter
579 3704 696 3785 sydera
712 3704 822 3781 relata,
844 3704 1154 3782 testautorAratns3,
1175 3700 1339 3776 Ovidiosl,
1362 3699 1516 3763 caeteril:

390 3802 461 3889 ‘tlh
482 3831 612 3907 recepta
633 3824 704 3908 polo
726 3844 783 3888 cen
804 3822 964 3906 quondam
988 3842 1068 3886 saxa
1089 3839 1261 3903 nemusque

402 3926 457 3991 Sic
477 3946 561 3990 nuuc
580 3926 741 3991 stelliferis
758 3926 826 4007 agit
848 3946 946 3991 aurea
968 3925 1115 3990 cornibus
1137 3929 1231 3987 astra.

212 4046 292 4112 lllrul
324 4068 412 4125 s'cro,
439 4045 522 4129 quod
550 4046 662 4126 habes,
688 4045 765 4109 iacit
792 4047 983 4109 mentionem
1003 4045 1045 4110 de
1067 4044 1203 4126 quodam
1232 4042 1372 4125 epitheto
1394 4059 1518 4121 graeco,

281 4156 364 4204 ³1nh,
386 4172 442 4202 uror.
463 4156 514 4200 raud
533 4158 565 4201 'l'e
583 4156 741 4202 morsitatim.
814 4140 826 4172 ¹'
846 4155 899 4201 lull).
921 4170 980 4201 nov.
997 4156 1047 4200 rand
1068 4156 1099 4199 lt·
1118 4154 1285 4198 severissimos

275 4312 283 4352 ¹
306 4314 419 4370 merresa.
442 4313 492 4384 Ep.
515 4313 561 4367 91.
584 4312 610 4367 5.

272 4391 285 4432 ‘2
307 4393 649 4462 Martialis.lll,lli‚4-5
663 4393 735 4446 lueist
749 4412 791 4447 os:
806 4393 1021 4449 l'tvclloscorio
1033 4394 1136 4459 lrnlorc,
1148 4391 1238 4461 cordo,
1249 4398 1298 4444 tuo
1320 4389 1421 4443 laesisti
1437 4388 1520 4443 cono.

273 4471 288 4512 3
308 4475 506 4529 Plraenornena
517 4473 555 4525 tt
567 4475 623 4526 rrrrd
635 4474 700 4527 381.

272 4550 285 4592 ⁴
309 4555 388 4622 llvid,
407 4555 483 4609 Fasti
497 4556 517 4624 l,
530 4554 602 4607 315:
624 4552 707 4628 Signa
726 4555 832 4608 clabunt
856 4556 957 4609 imbros
979 4555 1117 4609 excudente
1141 4554 1215 4625 Lyra
1240 4570 1264 4606 u.
1287 4570 1309 4605 a.
1333 4570 1367 4607 nr.

275 4632 289 4673 5
310 4654 332 4688 z.
346 4634 377 4687 B.
391 4636 494 4707 llygin,
514 4635 623 4689 Astron.
635 4643 708 4705 poet.
721 4634 759 4707 ll,
772 4635 795 4688 7.

269 4738 516 4789 omnesoqarns.
531 4737 612 4780 xvru.
1304 4730 1320 4781 8
