3625 5192
665 332 754 392 Brieie
773 331 892 391 Mutians
911 331 969 390 tot.
988 331 1047 390 lto.
1459 327 1509 387 att

211 481 286 554 lto.
309 478 352 555 it.
375 502 421 551 an
441 481 576 552 oruan.
1078 481 1224 569 (dotus)
1234 481 1331 555 1510.
1362 481 1441 551 tull
1453 485 1512 557 22.

281 593 343 641 ltut.
366 595 455 641 nimmt
478 595 518 642 die
542 595 758 654 Entschuldiguug
782 595 878 640 Urbane
901 608 987 652 ncgen
1011 595 1196 640 unterlssscncr
1213 594 1421 654 Korrespondens
1442 596 1514 642 nieht

212 677 243 708 un
263 665 314 709 rrnd
333 665 444 710 vorwirst
462 665 502 710 die
524 665 722 711 lliclrtcrlcctiire
740 665 779 710 liar
800 665 840 710 clio
858 664 1044 711 (loistliclrlicit.
1081 664 1129 710 llis
1147 664 1319 711 (leheimuissc
1337 665 1381 711 der
1398 665 1514 725 Religion

211 735 289 798 WUQ
309 749 357 780 uun
377 735 424 780 den
447 735 567 782 llichtcrn
586 736 656 781 nicht
677 739 818 794 arigetastet
836 735 944 780 werdon.

290 825 428 892 Henrico
452 827 475 892 U
489 827 793 908 rbauo‚llutianus
814 827 922 892 Rufus.

291 929 322 994 S.
364 929 524 1013 Scripsisti
548 950 648 1014 nuper
660 929 709 996 ,ad
732 950 790 1008 rire,
812 929 975 993 carissime
989 930 1086 994 frater
1100 928 1237 1003 Urbane,
1257 934 1289 992 te
1310 949 1372 994 nou
1393 929 1515 994 incuria

210 1029 266 1094 sed
288 1031 348 1096 mei
370 1032 481 1096 timore
503 1031 702 1096 nullasdum
725 1031 841 1096 literas.
884 1029 964 1108 Quis
984 1031 1094 1095 credat
1115 1030 1242 1112 eloquia
1262 1031 1392 1113 spiritus
1414 1032 1516 1095 sancti

210 1133 321 1198 deesse
344 1133 497 1198 monacho
519 1143 574 1198 aut
596 1134 727 1198 latinam
751 1133 944 1214 elegantiam
964 1131 1113 1197 Urbano?
1153 1134 1203 1195 An
1225 1151 1285 1213 ego
1309 1139 1425 1196 terrere
1445 1119 1515 1216 pos
1540 1135 1546 1140 ’

210 1255 277 1300 sum
299 1235 480 1316 eloquentia
500 1235 602 1300 virum
624 1234 786 1312 disertum,
807 1234 862 1316 qui
883 1235 915 1297 in
937 1234 1101 1316 epistolari
1122 1234 1196 1297 stilo
1217 1252 1315 1316 prope
1333 1233 1516 1300 Ciceronem

210 1337 426 1419 representat?
467 1336 639 1402 Confitetur
649 1337 834 1419 apostolus¹
858 1356 892 1401 se
913 1338 1092 1419 imperitum
1115 1355 1186 1400 csse
1206 1354 1359 1416 sermone,
1375 1336 1431 1400 scd
1454 1355 1516 1400 uon
1616 1419 1620 1424 .

163 1471 180 1482 ψ
210 1439 352 1503 seientia.
404 1439 470 1503 Hec
500 1448 549 1504 est
575 1439 758 1510 Christiana
786 1437 951 1503 modestia.
999 1437 1283 1519 Eloquentissimus
1313 1437 1429 1502 Paulus
1463 1438 1516 1502 de-

210 1539 307 1604 trahit
329 1541 392 1604 sibi
414 1539 540 1605 laudern
562 1539 717 1605 laeuudiess
760 1539 867 1616 Siotu,
890 1539 940 1604 uir
950 1541 1134 1623 apostolice,
1156 1547 1276 1604 tantum
1293 1539 1393 1604 latino
1407 1541 1516 1604 valeus

222 1642 377 1722 desmate,
397 1650 549 1724 errantum
571 1643 624 1706 ille
645 1661 740 1723 greco
763 1641 937 1724 prestabat.
978 1640 1226 1722 Nonestigitur,
1249 1647 1283 1703 ut
1304 1640 1361 1705 tali
1385 1642 1517 1724 posthac

211 1745 308 1808 utaris
334 1744 535 1825 defensioue,
563 1746 613 1808 vel
646 1745 674 1808 si
702 1744 831 1809 omniuo
856 1741 996 1824 gaudere
1027 1744 1078 1806 uis
1107 1741 1311 1825 simplicitate
1342 1744 1517 1824 verbomm,

210 1855 316 1930 presta
337 1847 448 1912 saltem
471 1847 517 1930 pli
539 1847 680 1928 theologi
699 1844 913 1926 disciplinam,
934 1863 998 1926 qua
1021 1845 1092 1925 plus
1113 1844 1241 1926 quidem
1262 1844 1402 1908 delector
1422 1864 1516 1927 quam

210 1948 290 2012 fucis
309 1947 482 2028 oratorum,
509 1955 543 2011 ut
564 1947 701 2032 epistola
722 1947 887 2010 l'arniliaris
909 1945 1036 2010 celestis
1057 1945 1177 2025 fulgore
1201 1944 1343 2010 doctrine
1370 1947 1517 2011 tenebras

213 2059 334 2114 nostras
355 2050 521 2115 illuminet.
562 2052 660 2130 Amo,
687 2067 749 2112 uon
771 2047 917 2126 mentior,
946 2047 1193 2110 ecclesiasticum
1215 2045 1332 2125 dogma
1352 2046 1517 2130 cooptatus

211 2153 242 2216 in
264 2159 379 2216 sortem
391 2151 528 2232 Domini,
551 2171 612 2233 quo
633 2151 676 2226 lit,
698 2161 732 2212 ut
753 2150 876 2230 ineptos
899 2157 1010 2231 poetas
1030 2149 1176 2212 detester.
1217 2147 1339 2230 Legisti
1350 2169 1430 2232 opus
1441 2149 1517 2214 ller-

144 2273 150 2286 ⁴
211 2255 331 2336 molai,²
343 2254 485 2337 episcopi
496 2253 692 2327 Veronensis,
707 2253 812 2332 legisti
828 2251 994 2332 epistolam
1007 2251 1188 2332 Campani,³
1201 2251 1516 2335 antistitisApmtini.

212 2357 259 2420 De
280 2377 319 2420 ea
340 2357 464 2437 loquor,
488 2362 626 2438 quaest,
650 2360 794 2436 utputo,
817 2351 878 2416 illl
902 2352 1105 2434 epistolarum
1127 2350 1181 2416 lib.
1202 2351 1277 2415 llll.
1323 2351 1392 2433 Ego
1415 2353 1516 2417 stulti-

209 2458 290 2522 ciam
312 2458 518 2538 quorpndam,
540 2457 592 2539 qui
608 2457 668 2520 sibi
682 2456 821 2519 lauream
835 2463 1006 2527 assumunt,
1027 2472 1102 2534 egre
1123 2454 1189 2517 t‘ero
1210 2461 1245 2516 ut
1265 2464 1387 2518 auraator
1408 2462 1516 2520 eterne

177 2575 181 2581 ·
211 2559 364 2623 veritatis.
407 2557 544 2641 Culpant
565 2557 744 2637 theologos,
768 2556 867 2618 sacris
889 2555 990 2618 literis
1010 2574 1072 2617 nou
1094 2553 1227 2618 eredunt
1248 2557 1392 2620 viventes
1414 2557 1515 2637 perdi-

210 2661 338 2726 tissime.
380 2661 452 2724 Scio
475 2659 545 2743 pari
568 2657 737 2722 maledicto
759 2656 938 2735 subiacere,
964 2655 1018 2736 qui
1041 2656 1122 2718 burm
1144 2657 1230 2720 urala
1248 2656 1358 2720 dicunt
1383 2667 1415 2722 et
1435 2658 1516 2738 illos,
1581 2713 1587 2722 .

210 2762 262 2844 qui
285 2761 369 2826 urala
392 2761 475 2826 bona
496 2761 651 2835 iudicant,
678 2756 731 2840 qui
755 2758 877 2822 iaciunt
902 2776 1044 2822 aurarum
1070 2757 1161 2821 dulce
1187 2765 1220 2822 et
1244 2757 1336 2822 dulce
1364 2778 1515 2823 amarum.

210 2865 277 2945 Ego
300 2865 354 2927 sic,
368 2863 519 2928 decerno:
541 2861 692 2942 legendos
711 2879 780 2925 esse
798 2861 829 2921 in
843 2866 926 2923 etate
940 2858 1042 2940 prima
1064 2857 1195 2940 pudicos
1217 2869 1337 2942 poetas,
1357 2861 1513 2926 sacerdoti

210 2967 294 3036 nullo
328 2965 419 3030 modo
451 2963 612 3047 legendos.
664 2961 777 3040 Queris
807 2961 901 3024 buius
932 2961 1088 3024 sententie
1115 2961 1336 3025 testimonium.
1387 2961 1515 3027 Proicro

210 3069 449 3132 auctoritatem·
466 3067 649 3148 Hieronymi
673 3063 894 3144 etAugustini,
918 3080 1048 3143 quorum
1071 3063 1224 3145 posterior
1244 3062 1375 3126 damnat
1395 3065 1513 3147 episeo-

211 3191 283 3252 pum
305 3176 514 3252 exponentem
531 3168 697 3232 authoresb
719 3167 872 3246 ethnicos,
895 3166 980 3247 prior
1000 3184 1075 3227 vero
1086 3164 1132 3228 sic
1143 3163 1292 3246 loquitur:
1318 3164 1425 3244 „Quid
1437 3167 1515 3230 lacit

209 3291 278 3336 cum
292 3271 441 3354 psalterio
452 3271 611 3350 Horatius,
633 3289 702 3332 curu
720 3267 896 3348 euangeliis
910 3252 1005 3342 Maro,
1022 3286 1092 3329 cum
1110 3265 1264 3348 apostolis
1278 3265 1433 3330 Cicero“?
1471 3268 1515 3332 Et

210 3373 250 3438 ml
264 3374 435 3438 Danaasum
450 3355 603 3437 scribens:
628 3371 827 3452 „Demouum
846 3369 1352 3450 cibuscstcarminapoetm·um“.
1393 3367 1514 3453 Excipe

210 3475 387 3558 Baptistam
400 3475 614 3552 Mantuanum‚
636 3473 687 3553 qui
712 3473 852 3548 virtutes,
874 3490 935 3532 uon
958 3470 1053 3533 etiam
1067 3470 1146 3531 vitia
1166 3479 1330 3551 poetarum
1350 3470 1513 3536 emulatur.

210 3577 250 3641 Et
270 3596 364 3641 verus
375 3575 534 3640 israelites
556 3575 645 3638 uxori
667 3573 794 3654 captive
815 3572 981 3634 calviciuru
1004 3571 1089 3650 lacit,
1111 3590 1232 3650 ungues
1257 3585 1409 3652 presecat,
1431 3573 1514 3656 pilus

210 3679 324 3759 aufert,
347 3688 380 3743 ut
401 3697 488 3760 pura,
512 3684 587 3760 puta
608 3677 677 3739 siue
698 3671 843 3737 sordibus
864 3675 1008 3736 timeatur
1029 3673 1080 3736 in‘
1100 3671 1259 3755 amplexu.
1301 3672 1421 3737 Nasum
1441 3695 1514 3758 pro·
1552 3675 1558 3685 '

209 3781 290 3844 fecto
313 3799 373 3842 nou
398 3779 505 3858 habet,
531 3777 583 3859 qui
607 3777 726 3838 illotam
750 3775 946 3856 pilosamque
968 3774 1070 3837 l'utuit.
1112 3774 1166 3836 Sic
1188 3773 1241 3855 qui
1269 3776 1512 3856 graviolentiam

282 3897 294 3924 ⁸
315 3903 348 3948 Ta
366 3901 533 3948 autoritatem.
589 3883 602 3920 b
620 3900 653 3943 Ta
671 3903 778 3944 autores.
831 3891 841 3916 ⁶
862 3897 930 3941 delcit
947 3895 985 3940 bei
1004 3897 1044 3943 Ta.

273 4081 285 4142 l
308 4087 334 4142 ⁶2.
346 4083 493 4140 Corinther
506 4086 550 4155 11,
564 4086 588 4138 a.

272 4161 285 4204 ²
306 4166 370 4238 vgi.
391 4165 438 4221 Br.
456 4165 513 4218 134
534 4166 559 4220 S.
579 4165 634 4218 193
656 4163 738 4218 Auru.
756 4162 781 4218 4.

271 4240 286 4285 3
307 4247 449 4302 ‹lohanues
470 4245 608 4300 Antonius
628 4243 785 4314 Cunrpanus
807 4259 860 4295 war
873 4239 1040 4296 Hofdichter
1050 4241 1118 4295 Plus
1128 4242 1164 4300 11,
1207 4243 1241 4297 ln
1260 4245 1355 4300 seiuen
1374 4247 1514 4309 Schriften

214 4321 278 4398 (agl.
302 4326 388 4389 Hain,
416 4327 525 4396 Repert.
546 4325 595 4382 Nr.
613 4321 835 4391 duee-4292)
858 4327 923 4392 trug
948 4340 979 4375 er
1003 4321 1085 4375 cirron
1110 4341 1224 4393 grossen
1249 4324 1329 4380 (troii
1353 4347 1443 4401 gagen
1469 4335 1514 4390 die

214 4406 372 4460 Deutscheu
399 4425 446 4460 zur
466 4405 570 4475 Sehcu,
595 4404 658 4458 weil
679 4404 718 4458 sie
745 4403 817 4458 eiust
836 4401 865 4454 iu
885 4401 1069 4472 Regeusburg
1089 4401 1139 4455 auf
1166 4404 1228 4456 dem
1250 4404 1418 4480 Reichstage
1439 4414 1514 4470 spine.

205 4486 288 4554 ,Rode
309 4505 340 4541 so
366 4487 456 4556 menig
480 4485 635 4557 gentirdigt
660 4485 765 4540 hatten.
807 4481 870 4552 Vgl.
889 4481 988 4553 Voigt,
1013 4482 1068 4534 Dic
1087 4480 1342 4556 Wiederbelebung
1362 4491 1410 4544 des
1430 4491 1513 4553 klass.

211 4567 331 4621 Alterth.
350 4567 385 4636 ll,
406 4565 432 4622 S.
448 4565 505 4618 313
525 4593 540 4604 ι
560 4565 626 4620 314.

201 4679 207 4694 ·
262 4659 602 4720 ᾱωεωαιιιη.ι11>ι.ε.κνιιι.
1282 4660 1315 4714 16
1423 4720 1425 4723 ,

258 4999 260 5002 ¹
297 4926 346 4978 1¹¹
