3625 5192
194 298 199 306 ·
286 335 338 398 lau
660 331 921 411 (lerchiolrtsquollon
944 334 993 396 der
1013 335 1084 396 l'ror.
1102 330 1226 397 Saolrsert.
1277 300 1279 303 Ι
1311 343 1316 352 ’

284 494 360 559 vita.
409 491 494 570 Quid
524 491 591 556 ita?
637 492 720 571 Quia
754 493 848 576 pauei
881 512 958 558 vera
990 493 1071 556 bona
1103 490 1303 574 dignoscunt.
1352 490 1477 556 Claruat
1508 493 1593 574 saty-

301 597 308 610 .
378 597 404 639 ι,

264 615 367 668 'neus
396 643 403 658 ι
518 674 696 754 „Omnibus
718 676 751 740 in
774 677 875 749 terris,
897 657 980 757 quae
1003 681 1076 738 sunt
1096 694 1116 737 a
1139 673 1284 738 Gadibus
1302 692 1402 756 usque

475 779 629 852 Auroram
658 784 690 843 et
712 777 846 859 Gangen
869 777 964 862 panoi
985 776 1172 860 dignoscere
1194 783 1325 861 possunt

478 880 560 945 Vera
582 879 692 947 bona.“

364 1005 568 1070 lllultilariaru
601 1011 707 1080 tamen
739 1004 857 1070 dieitur
888 1004 1001 1068 beatus
1025 1002 1112 1088 apud
1140 1001 1303 1082 authoreS,
1328 1003 1411 1085 'quia
1441 1004 1592 1067 bonorum

282 1127 401 1190 genera
421 1113 494 1171 sunt
515 1107 621 1172 multa.
665 1107 811 1172 Stilbou2
834 1107 984 1171 bonasus
997 1125 1101 1170 seeurn
1118 1106 1298 1189 portavitin
1314 1112 1449 1190 peetore.
1491 1104 1594 1169 Aliter

282 1209 412 1274 dieitur:
434 1208 707 1290 „Vetuluevesiea
728 1209 894 1290 beetae“³,
916 1208 950 1272 id
973 1215 1021 1274 eet
1040 1208 1158 1273 divitis.
1201 1208 1293 1273 Nosti
1305 1208 1418 1273 libram
1431 1207 1591 1274 Critolai⁴.

283 1312 454 1376 Horatius⁵
476 1311 593 1394 inquit:

513 1436 568 1500 Nil
590 1436 742 1505 admirari
763 1456 862 1532 prope
884 1457 934 1502 res
958 1445 1006 1501 est
1028 1457 1102 1518 una,
1124 1436 1261 1514 Numioi,

475 1541 613 1621 Solaque
634 1559 716 1622 quae
738 1539 838 1624 possit
859 1539 964 1603 faeere
985 1547 1016 1604 et
1036 1558 1164 1603 serrare
1187 1539 1320 1601 lreatunr.

364 1663 427 1728 Sed
457 1685 518 1729 nou
548 1673 597 1728 est
627 1684 707 1748 opus
735 1664 767 1726 in
802 1684 835 1728 re
864 1671 982 1728 testata
1015 1662 1209 1744 vulgataque
1238 1663 1431 1734 testiurouio3
1468 1662 1592 1727 infinita

283 1787 381 1852 prope
409 1773 481 1830 sunt
509 1767 549 1830 de
571 1765 631 1830 lrao
659 1785 691 1830 re
719 1766 846 1847 seripta.
890 1766 1066 1847 Sequemur
1088 1765 1270 1829 CiceronisG
1291 1764 1475 1828 eonsilium:
1506 1766 1592 1846 „Ca-

283 1871 365 1934 duea
393 1887 517 1954 semper·
547 1876 578 1932 et
605 1868 736 1931 ruobilia
763 1867 842 1932 lraeo
872 1887 941 1933 esse
968 1868 1061 1948 duxi,
1097 1887 1158 1932 nou
1185 1867 1312 1931 virtutis
1344 1878 1439 1948 atique
1461 1869 1592 1950 ingenii,

282 1971 338 2038 sed
366 1972 509 2037 fortunae
531 1977 566 2034 ,et
595 1977 769 2052 temporum
797 1989 943 2050 rrrunera,
970 1989 1099 2052 qooruur
1130 1990 1190 2052 ego
1218 1989 1280 2045 non
1303 1977 1367 2032 taur
1390 1969 1591 2034 t'aeultatern⁸

282 2094 419 2156 unquam
451 2079 482 2138 et
508 2073 633 2156 eopiam
660 2072 870 2156 expetendam
899 2074 1024 2157 putari,
1055 2091 1149 2154 quam
1176 2080 1208 2135 et
1233 2073 1265 2135 in
1291 2073 1591 2138 utendoratiooenr

282 2183 314 2241 et
335 2178 366 2242 iu
389 2174 526 2239 oareudo
548 2174 767 2258 patientianr.“
809 2173 914 2251 Quare
936 2181 1048 2257 poetae
1070 2174 1120 2238 vel
1144 2174 1229 2257 inopi
1256 2177 1367 2238 taveas
1389 2182 1422 2238 ut
1449 2176 1592 2240 eruditus

283 2287 377 2362 atque
403 2279 529 2356 doetus,
566 2276 740 2341 vindiciani
768 2277 910 2340 remittas
935 2283 969 2340 ut
995 2277 1202 2341 Christianus,
1250 2277 1349 2341 Direu
1374 2277 1448 2341 olirn
1476 2278 1592 2342 Lusius

283 2381 455 2446 Neratiusl
483 2399 580 2463 saepe
607 2378 697 2443 dedit
719 2379 800 2444 lrauo
821 2398 956 2463 poenanr
986 2381 1045 2444 lroo
1072 2380 1163 2443 tilulo
1191 2379 1360 2442 damnatus
1384 2379 1418 2442 V.
1439 2378 1476 2457 Q.
1498 2383 1533 2444 Α.
1556 2382 1590 2444 L.

283 2484 316 2550 P.
328 2485 359 2546 S.
402 2481 485 2559 Quid
498 2501 666 2546 memorem
679 2501 813 2566 poenam
826 2481 982 2546 talionis?
1016 2481 1101 2560 Quid
1116 2481 1203 2562 leges
1214 2481 1413 2545 deiuiuriis'l
1445 2482 1589 2547 Mansue-

283 2585 424 2649 tudinem
447 2582 648 2676 ampleotitor
668 2592 699 2648 et
719 2584 775 2648 diu
797 2585 894 2650 vives.
937 2584 1073 2648 Valeant
1094 2584 1256 2663 maledici,
1283 2601 1499 2667 percussores,
1524 2604 1591 2648 oar-

282 2687 409 2766 eerarii,
438 2685 612 2766 cerebrosi,
640 2704 784 2762 scurrae,
808 2687 960 2769 parasiti,
981 2685 1162 2750 nebulones.
1205 2686 1252 2750 Tu
1276 2687 1498 2751 benevaleas.
1541 2687 1590 2749 Ex
1619 2712 1621 2715 ·

282 2787 396 2852 Gotho.
441 2787 634 2871 Raptissinre
964 2795 969 2800 '
1065 2793 1070 2805 '
1270 2831 1273 2836 -
1338 2780 1507 2853 Matienus.

352 2911 427 2959 (lodr.
450 2911 472 2956 ll
494 2912 527 2957 iru
545 2912 599 2958 lrilr.
619 2928 675 2959 nov.
696 2913 736 2961 sol.
758 2907 824 2958 Hir
841 2912 950 2958 —lldrz
1022 2911 1048 2957 tt
1068 2910 1091 2957 lr.
1111 2910 1145 2955 Ta
1164 2910 1281 2957 s.2‹lu—
1297 2910 1355 2957 251.

351 2997 361 3024 ‘⁴
382 3004 435 3051 lrilr.
456 3019 512 3050 rrov.
530 3004 581 3049 rard
601 3006 633 3050 Τπ
652 3006 790 3052 laerrllntos.

343 3187 358 3310 ἑ
377 3191 538 3326 llplpeeplplqlp,
549 3191 645 3326 13?
708 3169 722 3230 2'
743 3191 833 3262 Stilpo
854 3209 903 3246 aus
925 3190 1038 3262 Megara
1058 3209 1113 3244 war
1133 3191 1239 3246 Lohrer
1258 3190 1307 3244 des
1328 3188 1444 3245 Citieors
1464 3187 1547 3250 Zeno.

290 3333 294 3340 ¹
530 3315 537 3341 ,
607 3315 613 3327 .

535 3371 604 3428 Cum
626 3380 654 3429 te
675 3380 867 3428 surrrrnoveant
887 3372 935 3444 qui
956 3379 1122 3428 testamenta
1142 3379 1283 3427 merentur

533 3453 678 3530 Noctibus,
701 3455 729 3506 in
751 3453 860 3508 eoelum
883 3472 953 3524 quos
973 3453 1068 3508 evohit
1085 3454 1191 3524 optima
1211 3454 1312 3508 sunrmi

534 3534 615 3590 Nune
633 3535 682 3611 *via
700 3552 853 3606 proeessus,
872 3535 982 3589 vetulae
1001 3535 1113 3590 reusiea
1132 3535 1249 3588 beatae?

341 3633 354 3676 ⁴
376 3635 482 3704 (lioero,
504 3637 680 3692 Tusculanen
699 3637 733 3704 V,
755 3636 799 3690 17.
815 3635 865 3690 51:
887 3636 948 3700 Quo
970 3638 1032 3691 loeo
1051 3654 1168 3707 quaero,
1197 3654 1278 3706 aquarn
1308 3637 1362 3691 uiro
1391 3638 1493 3693 lrabeat
1517 3640 1588 3694 libra

282 3721 331 3775 illa
348 3717 473 3786 Critolai,
492 3717 540 3789 qui
562 3735 624 3772 euru
647 3717 676 3770 in
695 3717 809 3770 alteram
831 3718 1032 3772 laneamauinri
1047 3718 1121 3771 bona
1135 3717 1268 3787 imponat,
1290 3717 1317 3770 iu
1335 3720 1450 3773 alteram
1464 3707 1587 3790 eorporis

282 3809 311 3856 et
331 3807 451 3869 externa,
474 3806 581 3854 tanturn
606 3799 777 3868 propendere
799 3797 874 3852 illanr
898 3805 987 3868 putet,
1008 3806 1039 3852 ut
1060 3805 1159 3852 terram
1183 3804 1211 3852 et
1232 3798 1317 3852 maria
1338 3799 1487 3869 deprimat.

340 3875 504 3950 ⁵Episteln
525 3877 693 3948 1,6,1-2.
897 3917 899 3920 -
1145 3892 1150 3900 ·

341 3955 355 4000 θ
376 3960 419 4014 De
440 3961 523 4014 domo
545 3975 594 4014 sua
613 3957 799 4027 Lv111,147.

342 4037 354 4081 7
376 4041 433 4094 llor
456 4039 543 4094 Name
569 4038 656 4093 lautet
685 4039 730 4093 bei
752 4038 860 4094 Gellius
881 4037 1025 4108 Veratius,
1053 4037 1156 4092 Noetes
1181 4038 1294 4094 Atticae
1313 4039 1376 4110 XX,
1395 4041 1420 4110 l,
1442 4041 1520 4093 12-
1535 4042 1588 4098 13:

282 4123 314 4177 L.
333 4121 461 4176 Veratius
481 4119 536 4173 fuit
557 4119 667 4190 egregie
689 4119 773 4174 horno
794 4119 928 4190 inprobus
947 4126 1030 4188 atquo
1043 4119 1155 4173 iurrnarri
1167 4119 1302 4175 vecordia.
1344 4121 1372 4173 Is
1393 4139 1442 4191 pro
1464 4122 1586 4177 dolecta-

281 4210 375 4256 rnerrto
401 4200 522 4256 habebat
550 4217 580 4253 os
608 4200 728 4253 hominis
750 4200 828 4255 liberi
859 4218 957 4254 ruauus
982 4217 1047 4253 snae
1070 4200 1163 4270 palma
1188 4200 1341 4256 verberare.
1393 4201 1461 4254 Eunu
1491 4213 1586 4256 senus

280 4282 448 4352 soqrrebatur
468 4279 559 4334 ferens
581 4296 738 4334 orurnenurn
761 4282 871 4352 pleunrn
893 4280 1010 4346 assiun13
1038 4288 1070 4333 ut
1095 4298 1233 4349 quomque
1254 4282 1468 4352 depalrnaverat,
1491 4301 1586 4336 nurne-

280 4364 332 4416 rari
354 4361 445 4414 statirn
468 4361 619 4416 seerruduur
640 4361 785 4415 duodeelur
807 4362 917 4415 tabulas
938 4362 1061 4431 quinque
1087 4368 1116 4414 et
1137 4361 1235 4431 viginti
1264 4380 1338 4416 asses
1360 4363 1482 4416 iubebat.
1533 4364 1587 4418 llio

280 4441 461 4498 (desotatolle
490 4441 537 4494 lrat
560 4440 708 4511 folgenden
727 4441 880 4496 Wortlaut:
909 4439 938 4492 Si
961 4441 1088 4494 iniuriam
1118 4441 1196 4494 altori
1226 4441 1308 4495 faxsit
1338 4443 1435 4513 viginti
1464 4443 1587 4515 quinque

280 4523 351 4578 ueris
379 4537 483 4591 paruae
506 4527 596 4577 struto.
639 4521 697 4576 Dus
717 4521 750 4576 L.
779 4522 805 4575 lu
829 4523 878 4575 dor·
906 4522 1017 4575 l'rrrrrrel
1038 4522 1068 4576 V.
1086 4525 1118 4585 Q.
1147 4522 1180 4577 A.
1204 4521 1236 4575 L.
1257 4523 1286 4578 l'.
1305 4522 1330 4576 S.
1360 4523 1491 4578 berloutot
1514 4526 1586 4580 wrrlrl

281 4602 375 4658 Lusio.

835 4681 1035 4688 --—-——-..-.
