3625 5192
625 365 715 426 Bricle
730 363 849 426 Mutiauu
870 364 927 424 152.
949 369 1008 428 153.
1028 371 1086 426 154,

400 518 436 582 Si
458 519 550 600 quasi
572 518 753 584 detunctum
775 518 883 600 defles,
901 519 1010 603 procul
1031 520 1086 600 ito,
1107 521 1220 601 viator,

438 621 688 706 Psalmograplro
709 621 849 688 Thomas
869 641 941 688 cum
959 641 1036 688 sene
1056 641 1183 707 semper
1202 623 1270 688 erit

279 697 368 811 omo
389 745 490 810 Nono
504 745 704 811 commus
723 745 845 826 unrx,
864 747 1010 833 ,sepultus
1031 747 1064 810 ru
1084 747 1203 831 templo
1222 747 1467 817 nerinorum.

279 847 400 913 Thome
414 848 583 932 Vuolplrio,
606 849 673 914 viru
696 849 886 926 doctissimo,
907 849 1091 915 innocentia
1100 859 1133 915 et
1153 851 1337 932 integritate
1351 850 1509 932 singulari

200 951 342 1015 Petreius
363 950 589 1034 Aperbacchus
609 953 727 1016 umoris
748 971 823 1032 ergo
845 953 951 1034 posuit
973 951 1080 1032 lutens)
1101 953 1270 1034 merenti).

765 1094 768 1099 ·
782 1075 839 1141 Vel
860 1075 922 1140 sic:

280 1174 569 1259 Thochuolplrio
593 1183 628 1240 ut
645 1175 860 1242 eruditissimo
880 1177 927 1252 ita
948 1176 1068 1260 optimo
1091 1159 1160 1242 viro
1178 1176 1257 1242 iuris
1277 1183 1310 1242 et
1330 1177 1508 1260 eloquentie

200 1279 297 1344 latine
318 1279 550 1344 consultissimo
571 1279 714 1344 Petreius
736 1279 963 1362 Aperbacchus
984 1280 1086 1342 amico
1109 1279 1321 1344 benemereuti
1343 1281 1458 1363 posuit.

282 1381 397 1461 Habes,
419 1399 497 1464 quas
521 1381 629 1444 mittas
650 1381 852 1446 amicissimis
875 1381 1022 1446 manibus
1043 1381 1183 1445 inferius.
1229 1380 1315 1444 Vale.

277 1505 456 1552 Hsndschriltl.
469 1506 487 1551 F
497 1506 556 1550 olrrre
567 1504 677 1550 utronno·
686 1505 800 1550 aueum
814 1503 861 1550 103
871 1521 894 1550 n.
908 1503 938 1548 tu
949 1505 1008 1551 stol.
1020 1504 1114 1550 tav-
1123 1503 1181 1549 lor.
1208 1503 1284 1549 (seur.
1305 1503 1329 1558 l)
1340 1503 1373 1550 im
1383 1505 1439 1552 Lib.
1448 1520 1506 1551 nov.

200 1575 313 1622 lol.13v
331 1576 381 1620 νικά
401 1591 466 1621 zrrur·
485 1573 554 1620 ds'e3
568 1581 643 1620 eratne
654 1575 773 1632 tristicia,
792 1575 905 1620 dualitates·
914 1577 1022 1634 Septnuo
1041 1583 1142 1620 rcrtcns
1154 1581 1201 1620 sto.
1222 1573 1272 1617 ικαὶ
1286 1575 1508 1621 ululetztcsbatior

201 1645 291 1705 Elysiis
314 1653 362 1692 etc.
402 1645 444 1692 nte
468 1645 627 1703 l'ebemlrnjl
649 1645 724 1690 lcutet
749 1645 910 1704 Epitaphium
933 1645 1043 1690 ‘rhomae
1062 1644 1192 1703 vaurpun,
1212 1644 1251 1688 rlr'e
1270 1643 1439 1704 Alselwlrrojrl:
1456 1645 1508 1690 llu-

199 1724 279 1761 inatus
296 1715 387 1762 Roman
407 1719 480 1762 Aurio
501 1715 594 1762 Christi
616 1714 654 1762 ll.
668 1716 689 1760 l)
700 1749 705 1760 .
718 1715 751 1761 lx
763 1751 769 1762 .
780 1715 799 1762 C
811 1751 817 1764 .
829 1717 857 1764 V.
868 1718 889 1760 Α
903 1714 1039 1762 ,ΧΧΧΠΙΙ
1064 1713 1110 1760 Ob.
1133 1715 1198 1763 Nou.
1217 1714 1320 1764 (retent.
1340 1737 1374 1748 —
1394 1716 1420 1770 2)
1439 1715 1463 1762 b.
1473 1716 1507 1761 'l'n

199 1789 223 1830 S.
235 1785 285 1831 2116
303 1802 379 1844 perram
399 1801 425 1832 sn
444 1787 486 1830 wie
506 1787 537 1831 r‘ru
557 1785 612 1832 Lib.
632 1801 690 1830 nov.

891 1923 961 1930 ..--.

201 2028 279 2098 154.
302 2026 345 2094 ll.
367 2045 411 2094 an
434 2026 570 2094 llrlran.
710 2023 842 2109 (llotlm
860 2025 949 2091 tous
972 2025 1062 2092 orler
1082 2025 1121 2092 ln
1142 2024 1262 2091 elncm
1283 2024 1350 2090 der
1369 2024 1508 2092 aichst-

350 2123 542 2208 folgenden
566 2122 688 2194 lahre.

272 2248 332 2294 llut.
354 2249 409 2294 lobt
428 2249 526 2294 Urbano
546 2247 723 2296 Schreibwsius
748 2246 798 2292 und
819 2246 931 2305 auglcich
951 2247 1021 2292 suine
1043 2246 1243 2306 Frsigebigkait,
1269 2247 1310 2292 (lia
1333 2247 1412 2293 luirlur
1429 2247 1509 2293 lauute

200 2320 247 2366 wic
274 2319 400 2365 Matthllus
427 2319 476 2366 urrd
507 2317 632 2364 Duronius
663 2317 731 2363 nicht
755 2317 848 2376 zsigsn.
894 2318 1008 2363 Alsdnnn
1031 2318 1128 2376 sprirht
1155 2333 1181 2364 sr
1212 2333 1262 2364 vou
1291 2318 1433 2364 nimiarum
1461 2318 1509 2363 Bo·

201 2390 364 2448 mcrkurrgsn,
383 2390 477 2436 welche
496 2388 633 2434 (isistliclru
652 2387 705 2433 siclt
727 2387 787 2433 libor
805 2388 849 2433 iim
869 2387 968 2433 erluubt
987 2387 1077 2435 hulsen.

281 2487 351 2552 Non
385 2486 536 2552 incelebri
567 2486 719 2568 nrugistro
745 2486 882 2550 ilenrico
910 2485 1090 2565 Urbano,
1119 2485 1221 2571 predii
1252 2485 1365 2550 urbani
1393 2485 1509 2551 Cister-

160 2589 163 2596 '
201 2589 352 2655 niensium
375 2589 461 2672 upud
481 2587 691 2671 llrplrurdiam
713 2587 836 2668 rectori,
857 2587 1018 2652 Matianus
1038 2587 1147 2651 llut'us.

280 2692 313 2756 S.
354 2691 446 2769 Quod
475 2690 700 2754 inscribendo
728 2691 859 2753 formam
889 2690 1041 2754 novitatis
1069 2708 1131 2752 non
1155 2697 1337 2773 contempta
1362 2691 1508 2773 gravium

201 2793 363 2858 authorum
387 2793 512 2874 regula,
533 2791 589 2856 sed
610 2791 651 2854 ad
673 2801 797 2875 tempus
819 2791 966 2874 deposita
987 2797 1050 2855 tam
1071 2791 1391 2875 sciteamplecteris,
1413 2793 1507 2875 pluri-

201 2915 283 2959 mum
309 2893 531 2960 me'delectat.
579 2894 661 2958 Nam
693 2901 822 2974 uterque
850 2892 942 2958 stilus
968 2901 1042 2976 apte
1068 2901 1221 2959 tractatus
1250 2893 1361 2958 habita
1387 2896 1509 2959 ratione

201 3017 404 3080 personarum
433 3005 464 3061 tc
495 2997 601 3075 decet,
637 2996 696 3060 hoc
717 3005 781 3074 est,
808 2996 909 3058 virum
932 3015 994 3059 nou
1021 2996 1124 3075 magis
1150 2994 1333 3075 ingeminet
1363 2995 1510 3060 doctrina

201 3117 294 3180 quam
316 3099 536 3183 procuratione
558 3097 880 3162 rcrumcenobiulium
900 3096 1100 3178 surplissimu
1120 3097 1247 3160 clarum.
1290 3096 1381 3174 Quod
1403 3104 1508 3162 autem
1563 3097 1567 3103 ’

201 3221 396 3266 communem
418 3202 575 3266 amicuru¹
597 3207 652 3264 tua
673 3199 851 3282 diligentia,
875 3199 951 3277 fine,
972 3217 1070 3282 opera
1088 3199 1255 3262 sublevare
1277 3199 1400 3282 pergis,
1423 3197 1456 3262 id
1478 3206 1508 3263 te

201 3304 353 3385 optimum
374 3313 406 3368 et
427 3311 548 3387 patrem
570 3301 784 3368 venerabilem
806 3320 876 3365 esse
896 3307 1037 3365 testatur.
1080 3299 1191 3364 Mirari
1213 3319 1285 3364 vero
1306 3320 1369 3364 non
1390 3302 1509 3365 medio·

201 3407 295 3470 criter
315 3407 428 3487 latens,
457 3426 511 3470 cur
533 3405 712 3470 Mattheus²
738 3403 834 3468 ditior
853 3403 986 3467 Alcinoo
1007 3403 1071 3466 XX
1092 3409 1214 3467 tantum
1235 3421 1378 3466 nummos
1397 3403 1509 3487 presti-

202 3509 283 3574 terit.
325 3507 527 3573 Dellurouio
549 3527 611 3572 non
633 3507 736 3587 miror,
757 3506 807 3570 cui
829 3505 933 3570 carior
943 3524 1067 3586 semper
1078 3503 1137 3568 tuit
1152 3512 1264 3585 patens
1285 3503 1367 3568 cella
1383 3505 1510 3570 vinaria

201 3629 295 3691 quam
316 3629 390 3675 arca
411 3612 530 3674 clausa.
572 3609 688 3674 Verum
709 3607 804 3672 altius
830 3606 923 3671 huius
949 3605 1044 3670 etatis
1069 3625 1172 3671 mores
1200 3599 1359 3670 estimanti
1385 3606 1510 3672 videtur

202 3711 286 3778 haud
307 3713 347 3776 ab
370 3731 403 3775 re
424 3714 541 3778 lactum
561 3712 604 3775 als
625 3719 763 3792 utroque.
805 3709 863 3773 llle
885 3728 949 3772 non
963 3707 1064 3772 credit
1075 3709 1144 3772 sine
1156 3710 1300 3792 pignore,
1322 3709 1509 3774 sinsfenore

204 3834 290 3879 more
311 3814 565 3888 sacrificulorum,
586 3813 637 3877 hic
657 3813 723 3878 suis
744 3813 814 3896 plus
843 3810 921 3875 (lare
950 3829 1044 3892 qnam
1071 3830 1232 3875 reservare
1259 3811 1408 3876 assuevit.
1459 3809 1510 3874 Ne

203 3935 279 3998 ergo
302 3916 471 3996 desideret,
491 3917 574 3999 quod
598 3916 629 3980 in
643 3911 905 3997 suosprotuudut,
928 3912 1087 3976 subtrahit
1098 3933 1222 3977 uranum
1235 3914 1355 3996 petenti
1376 3932 1509 3976 commo

203 4017 321 4083 (latum.
362 4017 440 4101 ugo,
461 4019 488 4082 si
511 4017 668 4092 haberem,
691 4037 754 4081 nou
775 4015 867 4079 modo
880 4016 919 4094 X,
942 4013 998 4078 sed
1020 4021 1118 4078 totam
1139 4013 1245 4078 dotem
1268 4014 1370 4080 libens
1391 4013 1509 4078 darem.

203 4118 264 4184 Hic
281 4139 330 4184 me
353 4119 479 4185 notabis
502 4119 557 4184 illa
583 4119 712 4203 publica
733 4137 880 4197 censura,
909 4135 970 4198 que
992 4125 1154 4199 poctarum
1174 4117 1315 4201 inopiam
1334 4122 1431 4181 taum.
1475 4116 1509 4180 Si

204 4224 287 4286 enlm
310 4223 354 4286 uti
376 4222 469 4287 rebus
491 4230 523 4286 ct
544 4223 576 4286 iu
597 4221 681 4285 diem
695 4221 801 4287 vivere
813 4226 938 4304 poetam
951 4219 1036 4298 lacit,
1055 4239 1124 4282 sum
1147 4238 1207 4300 ego
1228 4219 1385 4284 maximus
1407 4225 1511 4301 poeta,

268 4447 277 4491 ¹
300 4452 337 4506 Es
362 4453 432 4508 lilust
459 4454 519 4510 sich
546 4455 625 4512 nicht
651 4471 750 4526 eugen,
782 4469 836 4507 wer
864 4467 915 4506 aue
941 4451 1003 4505 dem
1028 4450 1223 4507 Mutianschen
1251 4452 1350 4507 Kreisc
1375 4453 1436 4506 hier
1464 4470 1511 4524 gc·

205 4533 293 4588 meiul
312 4533 355 4588 ist.

266 4609 279 4652 ²
301 4613 453 4670 Vicllcicirt
472 4613 616 4670 Mattheus
634 4614 762 4687 Wagner.
795 4614 861 4694 Vgl.
883 4613 931 4672 Br.
947 4614 985 4669 89
1007 4611 1108 4670 &128
1130 4612 1213 4670 Anus.
1230 4613 1257 4670 5.
1379 4685 1384 4692 .

250 4714 498 4770 succrescens
513 4715 598 4762 xvru.
1279 4711 1312 4772 15
