3625 5192
314 326 350 383 lo
686 326 948 399 Geschichtsquellen
968 328 1018 385 der
1035 326 1108 383 Pron.
1127 326 1249 385 Saebsen.

316 486 526 570 peritissimos
553 492 650 569 atoue
670 488 806 571 optimos
827 505 1007 567 economus,
1039 486 1121 552 inter
1142 504 1221 569 qnos
1240 486 1356 551 irater¹
1382 486 1457 551 olim
1479 504 1568 551 meus
1588 484 1621 551 in

316 589 437 671 palatio
459 588 644 671 Moguntino
670 587 839 674 prudentia
861 587 979 661 floruit,
1008 588 1065 653 sed
1091 588 1137 652 ita
1158 589 1282 671 doctos,
1310 588 1356 653 ita
1383 588 1551 669 humanos,
1577 589 1622 651 ita

317 698 443 771 cantos,
469 696 502 754 ut
523 697 626 755 tecum
652 692 717 756 sint
737 689 959 774 comparandi,
984 700 1062 755 sane
1090 708 1184 772 quam
1206 690 1422 774 paucissimos.
1464 691 1570 773 Auges
1592 698 1632 754 et·

317 792 494 876 amplificas
520 812 585 857 rem
612 800 698 857 tuam
719 793 878 875 publicam
906 810 969 857 non
996 793 1182 872 insolenter,
1211 812 1271 857 non
1302 791 1437 876 superbe
1458 792 1545 856 velut
1565 791 1623 857 Fe-

317 894 485 959 derichus2
507 895 727 977 magnoculus,
755 894 811 959 sed
834 893 975 978 placide,
1004 894 1154 975 modeste,
1175 894 1350 978 sapienter,
1370 900 1414 974 ut,
1436 912 1531 976 quum
1554 900 1625 978 post

317 997 434 1063 abbam
462 998 582 1081 primus
603 998 649 1062 sis
676 994 797 1062 ordinis
827 996 889 1078 tui,
916 1014 1035 1060 morum
1061 1003 1167 1061 tamen
1201 995 1383 1061 urbanitate
1411 1003 1444 1061 et
1473 996 1622 1063 comitate

317 1099 408 1183 quasi
430 1098 555 1165 iniimus
574 1100 704 1163 fratrum
727 1118 797 1162 esse
811 1097 960 1163 videaris.
1002 1096 1181 1163 Literatura
1196 1117 1270 1163 vero
1292 1105 1324 1162 et
1346 1098 1486 1163 bonitate
1505 1105 1624 1180 quanta

318 1202 378 1282 sis,
406 1199 549 1265 declarat
568 1199 771 1264 familiaritas
793 1206 909 1265 nostra.
951 1198 1052 1263 Nemo
1074 1199 1156 1263 enirn
1180 1198 1321 1264 blotiano
1343 1199 1463 1263 amicus
1487 1218 1623 1281 unquam

275 1295 279 1301 ’
318 1304 377 1367 luit
404 1308 460 1366 aut
476 1308 524 1367 est
545 1308 600 1366 aut
621 1300 689 1381 erit,
709 1301 769 1365 nisi
787 1299 841 1383 qui
857 1307 961 1365 rectus
982 1306 1014 1364 et
1036 1300 1158 1383 integer
1179 1307 1211 1366 et
1221 1301 1366 1385 apprime
1376 1301 1496 1366 doctus.
1538 1300 1621 1367 Nam

319 1412 353 1469 ut
373 1405 472 1470 libere
492 1404 593 1486 loqui,
622 1402 720 1467 libere
742 1401 867 1483 vivere,
886 1402 1050 1484 ingenium
1072 1408 1214 1485 apertum
1237 1402 1354 1469 habere
1376 1422 1501 1488 semper
1519 1422 1623 1467 meum

318 1506 392 1584 luit,
425 1506 472 1570 ita
497 1503 602 1569 nullus
632 1522 769 1586 unquam
796 1504 877 1567 favit
904 1503 997 1579 mihi,
1025 1504 1087 1568 nisi
1116 1504 1167 1568 cni
1195 1523 1313 1568 morum
1342 1504 1399 1571 illa
1425 1503 1624 1589 simplicitas,

318 1608 406 1688 fides,
429 1606 614 1673 constancia
634 1606 821 1690 placuisset,
851 1612 885 1669 ut
915 1624 1022 1670 verum
1051 1612 1084 1669 et
1111 1612 1212 1671 ratum
1235 1606 1278 1671 sit
1298 1608 1398 1672 bonos
1416 1626 1486 1672 esse
1505 1607 1625 1673 amicos

319 1730 422 1790 nicos,
457 1708 603 1773 inimicos
630 1728 703 1773 vero
739 1708 865 1772 malos⁸.
916 1707 986 1772 Non
1016 1706 1105 1791 potui
1133 1706 1174 1773 de
1201 1714 1232 1773 te
1258 1709 1359 1791 loqui,
1387 1709 1447 1773 nisi
1479 1714 1510 1775 et
1531 1709 1623 1773 simul

320 1813 361 1877 de
381 1831 432 1876 me
460 1810 609 1875 dicerem.
652 1810 701 1876 lta
729 1810 914 1875 coheremus
941 1817 1050 1875 mutua
1072 1810 1293 1887 consensione,
1320 1831 1415 1894 quam
1437 1830 1496 1895 ego
1517 1812 1624 1876 l'overe

319 1914 411 1979 donis
432 1913 535 1998 cupio.
576 1910 640 1977 Sed
662 1912 751 1978 deest
769 1912 906 1977 facultas
922 1912 1089 1978 voluntati.
1130 1912 1268 1977 Tantum
1290 1913 1350 1979 tihi
1371 1913 1626 1979 constantissime

319 2016 515 2101 persuadeas
539 2034 610 2079 esse
635 2021 667 2079 te
694 2014 771 2079 mihi
801 2015 894 2096 longe
918 2014 1084 2098 cariorem,
1112 2034 1206 2097 quam
1239 2021 1294 2079 ant
1317 2015 1423 2081 verbis
1451 2015 1556 2097 eloqui
1577 2035 1625 2080 so·

319 2120 401 2183 leam
430 2124 487 2182 ant
513 2117 617 2199 eloqui
639 2116 744 2183 velim.
792 2116 882 2181 Nihil
911 2116 995 2180 enim
1024 2136 1044 2180 a
1064 2136 1114 2181 me
1133 2117 1237 2199 magis
1259 2116 1396 2181 alienum
1417 2116 1626 2200 suaviloquio,

320 2219 400 2285 nihil
423 2218 503 2284 mibi
531 2218 699 2283 iucundius
723 2239 800 2284 vera
827 2217 1040 2299 humanitate,
1068 2238 1129 2301 que
1149 2218 1277 2284 fratrem
1305 2218 1400 2284 babet
1418 2237 1505 2300 eum,
1532 2238 1625 2302 quem

320 2321 413 2387 amici
442 2322 569 2386 nomine
591 2319 749 2402 dignatur.
791 2318 890 2401 Ergo,
922 2320 965 2384 mi
986 2320 1097 2397 frater,
1119 2340 1180 2403 ago
1206 2321 1264 2385 tibi
1286 2321 1408 2403 gratias
1428 2329 1460 2386 et
1484 2328 1626 2387 truncum

320 2442 432 2488 munus
450 2430 537 2488 tuum
559 2424 611 2487 vel
632 2420 704 2487 ideo
724 2422 860 2488 libenter
882 2420 1015 2498 habebo,
1038 2422 1122 2504 quod
1144 2422 1265 2489 Urbani
1287 2424 1353 2488 luit.
1395 2422 1480 2502 Quid
1503 2423 1562 2488 t'nit
1580 2425 1626 2489 in-

320 2526 437 2608 quam?
486 2525 550 2589 lmo
582 2523 667 2606 quod
691 2530 748 2589 est
794 2522 880 2602 Quid
907 2524 992 2587 enim
1020 2524 1072 2589 hic
1099 2531 1147 2588 est
1174 2525 1206 2587 in
1229 2544 1300 2590 mea
1319 2525 1431 2606 domo,
1457 2525 1541 2608 quod
1564 2546 1625 2591 non

320 2626 405 2691 idem
435 2627 478 2691 sit
504 2627 612 2691 tuum?
653 2628 763 2711 Butpri
785 2646 859 2692 vero
887 2626 1072 2711 procuracio
1099 2646 1162 2691 non
1199 2628 1260 2692 erit
1287 2627 1379 2693 nobis
1413 2648 1513 2713 parvo
1546 2628 1625 2694 usui.

320 2729 428 2793 Potest
449 2728 527 2811 lieri,
547 2735 582 2793 nt
601 2729 661 2794 tibi
675 2728 808 2793 molesta
828 2729 931 2808 bresit,
950 2728 983 2792 id
1004 2725 1088 2810 qnod
1110 2748 1150 2792 ex
1171 2728 1386 2795 taciturnitate
1409 2736 1463 2795 tua
1484 2732 1627 2796 coniicio.

320 2830 467 2915 Epistola
488 2831 573 2895 eninr
597 2830 710 2895 deesse
736 2848 798 2895 non
825 2829 944 2894 debuit.
993 2828 1030 2893 ld
1048 2830 1076 2894 si
1095 2830 1142 2895 ita
1162 2836 1226 2911 est,
1250 2850 1327 2913 rogo
1349 2838 1394 2910 te,
1414 2840 1449 2896 ut
1469 2835 1626 2915 ignoscas.

322 2936 418 2997 Amor
439 2943 470 2997 et
489 2932 607 2997 fiducia
627 2934 777 3009 fecerunt,
798 2937 832 2996 ut
853 2938 974 2996 tantum
995 2950 1074 2995 onus
1096 2931 1155 2996 tibi
1173 2931 1381 3015 iniungerem.
1424 2932 1468 2999 Mi
1490 2934 1628 3015 Urbane,

322 3036 349 3101 si
369 3036 480 3117 scires,
506 3043 657 3118 quantum
678 3033 755 3099 mihi
778 3034 819 3097 de
840 3041 870 3098 te
893 3033 1054 3117 pollicear,
1077 3034 1147 3098 sine
1166 3042 1271 3100 tamen
1292 3033 1482 3101 detrimento
1503 3044 1556 3101 tuo
1578 3056 1627 3102 ce-

321 3138 472 3221 nobiique
501 3138 560 3219 tui,
584 3138 665 3203 t'orte
691 3135 828 3202 diceres:
856 3136 910 3216 „0
936 3155 1030 3218 quam
1057 3136 1157 3201 bonns
1182 3137 1237 3202 ille
1259 3137 1308 3202 vir
1336 3138 1418 3203 estl“
1461 3137 1542 3204 Vere
1562 3158 1625 3203 non

321 3258 417 3322 quero
437 3239 486 3319 id,
510 3240 594 3322 quod
617 3239 723 3321 multi,
751 3239 810 3304 hoc
834 3247 882 3303 est
911 3237 1044 3303 honores
1065 3245 1097 3303 et
1123 3237 1311 3304 sacerdotia.
1353 3240 1427 3305 Vite
1446 3240 1627 3305 necessaria

322 3343 439 3407 habere
460 3349 510 3407 sat
530 3350 588 3407 est.
630 3341 690 3407 Pro
711 3360 773 3422 quo
792 3348 845 3405 tuo
866 3338 974 3405 labore
994 3340 1118 3423 nescio,
1140 3340 1216 3423 qnid
1235 3341 1294 3406 tibi
1317 3341 1497 3408 retribuam.
1539 3343 1625 3407 Man-

321 3444 406 3509 dabo
426 3444 611 3527 spalatino,
638 3454 673 3509 nt
694 3444 752 3508 tihi
781 3452 894 3525 pareat
918 3442 1014 3507 veluti
1042 3449 1173 3525 patrono
1199 3443 1306 3509 cliens.
1352 3444 1380 3508 Α
1408 3464 1457 3509 me
1484 3463 1571 3521 vero,
1598 3446 1625 3510 si

392 3584 403 3609 ³
423 3590 456 3635 Ta·
476 3605 526 3636 non
549 3589 640 3650 bonos,
667 3590 714 3636 das
734 3589 899 3649 rrrspdlnplirh
919 3589 944 3635 r'rr
963 3590 988 3635 F
1001 3588 1085 3649 sacrari,
1111 3588 1168 3634 aber
1187 3588 1262 3635 dur-cb
1283 3590 1415 3636 lr'orrebtur
1433 3590 1458 3637 r'u
1477 3592 1555 3638 malos
1575 3608 1624 3639 rtrrt-

320 3660 434 3719 pedruiert
452 3660 539 3709 rrrcrdc.

386 3919 396 3961 ¹
420 3923 604 3979 Mainzischcr
622 3922 855 3977 Kiichonmeister
875 3939 907 3975 zu
934 3921 1037 3981 Erfurt.
1059 3923 1124 3995 Vgl.
1145 3923 1190 3981 Br.
1212 3923 1239 3977 3.
1262 3921 1288 3978 S.
1301 3924 1325 3977 6.
1346 3922 1427 3979 Anm.
1451 3924 1474 3977 1.

382 3998 474 4057 ‘lber
499 4003 642 4058 mchrfach
670 4019 723 4056 von
752 4002 860 4057 hlutian
888 4003 1029 4057 orwiihntc
1056 4002 1200 4059 Oekonorn
1232 4004 1280 4058 des
1310 4004 1436 4059 Klosters
1461 4004 1626 4061 Reinhards-

322 4085 458 4137 brunnon.
511 4084 543 4137 ln
569 4084 645 4137 cirrcr
672 4082 806 4137 Urlurudo
826 4101 890 4135 vom
912 4082 997 4137 dabre
1026 4082 1102 4137 1505
1131 4084 1197 4138 wird
1223 4102 1253 4137 cr
1280 4083 1467 4139 Unterkelncr
1495 4093 1624 4157 gebarim,

323 4164 386 4235 Vgl.
409 4164 523 4233 llllillor,
544 4162 736 4218 l'rlrundliche
757 4162 927 4217 Geochichte
949 4164 997 4217 des
1019 4164 1144 4219 Klostcrs
1165 4164 1411 4219 Reinhardsbrurnn
1432 4164 1525 4221 Gotha
1548 4165 1623 4219 1843

323 4244 349 4298 S.
372 4244 435 4297 198.
477 4244 530 4297 Ein
551 4243 693 4297 Friedrich
718 4242 893 4314 Hiiuerjiiger
919 4243 1009 4298 zahltc
1033 4242 1109 4297 1506
1134 4245 1188 4299 den
1210 4244 1486 4300 Reinhandsbrunrror
1511 4244 1625 4317 Bcitrag

323 4342 384 4377 atriu
407 4323 565 4377 Subsidium
588 4323 624 4376 irn
647 4322 782 4394 Auftmge
803 4324 851 4377 des
871 4321 967 4377 Abtcs.
1008 4322 1212 4380 Ebcrrdcrselbc
1228 4324 1316 4379 Name
1339 4325 1405 4379 wird
1426 4325 1467 4380 als
1486 4326 1534 4380 der
1550 4326 1626 4381 ciues

322 4402 817 4458 RoinhardsbrunnorCorrrentuolcn
839 4402 915 4456 1503
932 4402 1099 4459 urkundlich
1120 4408 1253 4462 erwiihnt
1293 4406 1331 4460 Fss
1351 4406 1420 4478 liegt
1437 4406 1523 4460 daher
1544 4406 1626 4475 nabo,

323 4484 352 4537 in
378 4483 482 4537 diesem
503 4484 646 4539 Friedrich
669 4483 845 4555 lliiuerjiiger
864 4484 919 4537 den
948 4482 1104 4539 Fridericus
1124 4502 1293 4543 oeconomus
1313 4504 1347 4545 au
1367 4492 1518 4545 verruuten.
1559 4486 1625 4565 Vgl.

323 4563 478 4639 liegistrum
501 4564 616 4621 subsidii
636 4583 664 4639 p.
674 4564 708 4620 X.
731 4562 814 4621 Auru.
833 4565 889 4622 und
913 4562 990 4622 Beck
1004 4563 1047 4623 111
1059 4564 1085 4623 S.
1103 4564 1167 4623 199.
