3625 5192
618 376 707 436 Briele
725 377 845 435 Matiana
862 377 923 433 atr.
940 374 1000 433 ard.
1020 376 1079 432 243.
1450 376 1503 431 319

196 550 291 615 opere
316 532 523 612 mercenarie,
552 529 735 607 turbulenti,
763 528 912 593 sediciosi
931 534 977 606 et,
1007 547 1047 591 ne
1067 546 1117 591 me
1137 526 1232 591 nimis
1257 528 1505 611 intemperanter

196 635 280 717 loqui
295 641 396 717 putes,
417 633 556 718 suspecti
569 631 758 712 antiquariis
772 668 811 677 «-
827 638 933 695 tamen
955 628 1109 695 adversus
1130 630 1212 694 hanc
1232 630 1413 713 opinionem
1434 648 1502 711 pre-

196 737 344 819 scriptam
366 744 399 801 et
420 735 574 819 populare
596 733 746 797 iudicium
772 733 831 797 tibi
852 732 988 796 libenter
1008 732 1207 812 acquiescam
1230 740 1262 796 et
1288 737 1364 814 puto
1385 732 1502 795 malum

196 855 258 903 non
279 858 360 916 esse,
381 838 435 919 qui
457 857 492 901 se
514 852 578 901 tam
600 835 693 900 bonis
711 835 910 917 adprobavit.
956 834 989 897 ln
1011 852 1073 898 uno
1093 833 1189 914 igitur
1212 834 1322 898 colono
1343 841 1450 898 nostro
1465 870 1502 879 —

196 939 276 1004 nibil
290 940 373 1003 enirn
386 938 532 1022 prohibet
552 939 678 1001 domum
701 938 803 1019 ipsam
824 936 980 1001 coloniam
1002 935 1166 1019 adpellare
1179 934 1351 1001 llutianam
1370 974 1399 985 —-
1424 934 1499 1000 obli-

196 1042 289 1123 gabis
310 1050 343 1106 tu
365 1040 441 1105 mihi
463 1059 578 1104 novom
597 1041 752 1117 amicum,
778 1036 875 1101 lidum
898 1037 1039 1103 sodalem
1070 1045 1115 1117 et,
1144 1038 1171 1100 si
1193 1056 1272 1121 opus
1293 1038 1352 1102 erit
1372 1037 1503 1117 auxilio,

196 1151 372 1227 patronum.
413 1142 501 1205 'suus
521 1148 623 1205 estet
643 1141 864 1221 Sommeringi.
905 1138 976 1204 Erit
994 1140 1096 1204 eciam
1118 1138 1268 1223 deinceps
1289 1148 1412 1216 noster,
1440 1140 1502 1205 nisi

197 1236 322 1309 beatam
345 1244 623 1325 tranquillitatem,
646 1261 739 1324 quem
761 1242 885 1311 titulum
906 1241 1001 1308 dabis
1021 1241 1150 1323 edibus,
1178 1242 1411 1325 contempserit.
1453 1242 1502 1307 lta

197 1348 302 1430 plures
324 1346 597 1426 ineunturgraoio,
617 1345 819 1409 familiaritas
840 1353 976 1427 augetur
996 1351 1028 1408 et
1049 1343 1199 1426 intrepidi
1221 1343 1376 1408 stabimus
1394 1350 1503 1407 eontra

196 1457 389 1513 veteratores
400 1467 611 1530 quoscunque.
652 1447 742 1517 Nam
757 1446 845 1511 blase
865 1447 907 1511 ob
919 1448 1142 1511 verecundiam
1162 1446 1265 1527 iurgia
1287 1446 1501 1511 reformidant.

195 1550 254 1616 Isti
270 1550 411 1615 Stacieni
429 1549 627 1615 etAndronii
647 1569 709 1614 non
730 1549 919 1613 erubescunt
939 1568 1009 1613 cum
1028 1547 1170 1612 Platonis
1182 1546 1421 1627 'l'rasimacb0¹,
1442 1548 1502 1613 etsi

197 1653 388 1735 pravissima
415 1650 653 1715 consuetudinis
677 1651 787 1731 regula
812 1658 957 1730 utantur,
988 1650 1048 1715 nisi
1075 1650 1212 1731 aliquem
1236 1650 1285 1714 sui
1311 1648 1432 1714 ordinis
1455 1650 1502 1713 in-

196 1755 317 1819 dustria
343 1761 375 1817 ct
399 1754 587 1817 auctoritate
613 1754 731 1819 clarum
762 1754 985 1835 conspexerint
1015 1752 1291 1817 contradicentem.
1336 1750 1502 1834 Reliquam

197 1867 255 1936 est,
275 1864 310 1919 ut
330 1854 497 1920 officialem
519 1855 648 1919 otticiali
671 1855 768 1919 veluti
789 1855 879 1919 clavo
895 1856 1020 1919 olavum
1030 1855 1196 1936 pellamus.
1241 1854 1386 1919 l'rbanus
1410 1854 1504 1919 intro·
1624 1918 1627 1925 ,

196 1958 290 2021 ducet
310 1976 367 2021 suo
387 1965 527 2040 tempore
548 1957 719 2038 Georgium
745 1968 831 2020 tuum
861 1965 894 2021 et
921 1976 1027 2021 osores
1057 1956 1153 2021 nostri
1181 1975 1237 2021 suo
1263 1955 1325 2019 sibi
1345 1956 1503 2039 triumpho

196 2060 424 2123 fraudabuntur
474 2058 598 2123 Prestat
613 2061 697 2123 enim
719 2095 757 2105 —
778 2060 903 2141 loquar,
923 2058 1123 2141 qnodsantio
1143 2094 1183 2103 -
1205 2058 1340 2124 retinere
1363 2058 1413 2123 vel
1434 2062 1502 2121 sine

197 2163 349 2244 pensione
367 2162 598 2243 possessionem
619 2180 714 2244 quarn
736 2182 793 2246 per
812 2163 952 2245 speciem
974 2162 1071 2225 annui
1092 2160 1211 2225 reditus
1232 2161 1385 2223 amittere.

275 2262 460 2343 Peutingri²
481 2283 602 2345 munus,
625 2266 687 2328 imo
708 2274 804 2344 tunm,
825 2283 977 2346 perquam
999 2272 1065 2327 est²
1084 2272 1218 2343 gratum.
1260 2260 1374 2342 Elegia
1389 2258 1502 2325 Vinde-

198 2363 343 2439 licorom,
374 2366 401 2427 si
429 2384 490 2427 non
520 2365 633 2445 babes,
663 2368 827 2430 remittam.
876 2365 975 2430 Sacri
995 2354 1206 2449 λογοδαίδαλοι
1237 2382 1359 2427 sacram
1390 2368 1503 2427 ornant

196 2467 365 2531 cohortem.
408 2468 673 2549 Bielibarbaros
693 2468 844 2543 delectat,
866 2467 983 2533 Bebel⁴
1004 2466 1185 2531 cantoribus
1205 2466 1325 2549 placet,
1348 2464 1502 2531 ltencblin

199 2568 392 2633 doctioribus
411 2578 459 2634 est
479 2570 692 2634 admirationi.
735 2570 1003 2655 uberrimisque,
1025 2567 1110 2649 quod
1133 2568 1236 2633 habet.
1275 2569 1365 2633 Anus
1387 2567 1504 2631 rustica

198 2688 312 2752 panem
335 2677 366 2735 et
387 2672 485 2735 linum
508 2692 565 2755 per
583 2672 741 2738 Christum
763 2673 932 2736 Dominum
954 2680 1102 2736 nostrum.
1159 2658 1161 2661 ⁵

277 2772 429 2837 Calendis
450 2774 556 2837 Martii
578 2774 730 2838 leXlll.
948 2770 950 2773 ’

268 2894 448 2943 llandsabriitl.
471 2894 557 2942 Fata
580 2897 620 2943 iol
639 2897 831 2943 rtur-laon
869 2896 943 2944 Gedr.
968 2895 990 2942 b.
1013 2896 1046 2941 Tc
1064 2896 1088 2943 S.
1109 2896 1154 2944 1218
1178 2913 1222 2941 coa
1246 2896 1390 2955 Peutingori
1415 2912 1503 2942 munus

197 2962 234 3009 bi·
250 2979 301 3010 sam
320 2966 434 3014 delirasse.

268 3070 280 3098 ¹
300 3070 334 3116 Ta
352 3072 395 3116 leat
412 3073 528 3117 arelat-herr
548 3078 585 3119 ost
602 3072 653 3117 aral
670 3080 767 3131 gratnm
785 3075 845 3119 norb
863 3074 932 3120 mihi.

753 3232 874 3241 *mc
880 3232 952 3240 -—--

201 3334 282 3408 243.
305 3335 350 3407 ll.
371 3354 417 3403 an
439 3335 572 3409 Urban.
711 3335 844 3423 (botba
859 3336 957 3410 1513.
992 3336 1090 3405 linrn
1111 3338 1203 3405 naclr
1224 3339 1303 3406 dom
1330 3340 1359 3410 1.
1381 3338 1502 3411 lldrz.)

268 3460 332 3511 utut.
349 3461 478 3522 bespricht
498 3462 539 3509 dia
556 3464 757 3522 Angelcgenhait
774 3464 856 3510 salnes
872 3464 900 3510 in
919 3465 1005 3511 Erlirrt
1022 3467 1158 3525 gele-ganea
1177 3465 1280 3535 lluuses.
1317 3496 1331 3508 κ

280 3559 488 3624 Sanctissimo
509 3561 592 3643 patri
614 3567 647 3623 et
665 3559 794 3626 domino
817 3562 971 3627 Urbano
993 3563 1152 3628 blutianus
1173 3562 1280 3627 Rut'us.

279 3663 312 3726 S.
353 3662 510 3726 Posterior
541 3672 597 3725 tua
626 3664 784 3727 sententia
814 3667 918 3747 potior
947 3675 1004 3729 est.
1051 3654 1135 3729 Nam
1165 3674 1240 3729 ante
1273 3664 1384 3729 vicarii
1417 3672 1448 3728 te
1473 3670 1506 3727 et
1615 3686 1619 3711 ’-

200 3762 452 3845 Engelmannum
483 3766 552 3829 sire
578 3765 719 3829 stulticia
747 3768 815 3830 sive
845 3767 982 3851 impulsu
1014 3769 1165 3832 malorum
1197 3786 1255 3851 per
1285 3767 1397 3831 talsam
1431 3786 1504 3851 syn·

200 3864 356 3948 grapbam
384 3867 568 3931 t'et'ellernnt.
616 3866 664 3932 lin
694 3868 752 3932 tibi
780 3868 864 3950 quod
894 3870 1017 3953 prol'ero
1038 3870 1205 3952 scriptum,
1235 3888 1338 3951 aquo
1359 3868 1505 3933 recedere

200 3970 289 4031 netas
308 3976 358 4032 cst
378 3968 618 4049 quodammodo.
659 3970 694 4033 Si
714 3972 798 4033 enim
821 3991 883 4034 non
903 3978 1041 4050 extaret,
1063 3972 1257 4045 dubitarem,
1279 3973 1335 4034 sed
1355 3971 1504 4052 quoniam

200 4076 289 4133 extat
315 4071 524 4153 approbatum
554 4082 662 4137 mutuo
689 4092 858 4153 consensu,
886 4072 1040 4137 firmatum
1071 4073 1228 4155 legitime,
1255 4090 1316 4137 non
1338 4074 1438 4137 abeo
1460 4092 1506 4137 re-

264 4288 276 4331 ¹
299 4294 363 4366 vgr.
384 4294 429 4349 Dc
444 4314 501 4368 rep.
513 4316 538 4367 p.
550 4297 608 4350 328
619 4315 645 4351 u.
657 4297 800 4353 Phaedrus
810 4299 841 4370 p.'
851 4299 906 4353 261
917 4298 942 4353 ff.

264 4370 278 4412 ²
297 4375 488 4446 Vglflistoria
505 4378 577 4433 vitae
594 4386 678 4447 atque
695 4380 857 4437 meritorum
873 4380 902 4435 C.
917 4380 1076 4453 Peutingeri
1090 4422 1096 4434 .
1109 4426 1135 4441 ..
1157 4390 1221 4453 post
1238 4384 1278 4438 lo.
1293 4384 1342 4439 Ge.
1360 4378 1503 4438 lmttemrrn

202 4455 281 4509 noris
301 4457 375 4511 caris
394 4457 492 4512 illustr.
515 4459 658 4529 multoque
684 4466 767 4514 aucta
792 4462 833 4518 ed.
855 4461 953 4515 l'ranc.
976 4464 1040 4517 Ant.
1059 4462 1150 4519 Voitlr.
1175 4464 1245 4535 Arrg.
1262 4465 1341 4522 Vind.
1359 4464 1443 4520 1783.

264 4534 278 4574 ³
301 4536 416 4591 Gabriel
430 4538 500 4608 Biel,
521 4540 734 4594 scholastischer
744 4541 873 4613 Tbeolog
886 4546 941 4595 und
954 4542 1097 4597 Professor
1105 4544 1133 4596 in
1150 4543 1308 4614 Tiibingcn,
1327 4548 1402 4601 starb
1422 4545 1505 4599 1495.

263 4612 277 4655 4
299 4616 363 4690 vgl.
376 4618 490 4690 Erhard,
513 4619 615 4675 Gcscb.
630 4621 655 4676 d.
668 4619 951 4677 Wiedcraufbliihens
962 4623 1031 4677 wisa.
1042 4622 1112 4678 bitu.
1130 4624 1180 4679 Bd.
1192 4624 1219 4679 ll
1238 4626 1264 4683 S.
1281 4624 1455 4681 141-171.

426 4754 453 4819 'r
