3625 5192
679 363 768 420 Briele
786 362 905 418 Matiana
924 368 966 421 65.
984 364 1027 421 66.
1468 363 1501 421 91

197 508 340 592 „Magna
371 530 486 594 parens
515 518 600 578 terra
628 515 703 578 est“
756 514 857 591 Quam
888 514 1139 596 omniparentem
1175 513 1280 579 idonei
1312 514 1502 599 scriptoresl

196 614 369 696 appellant.
415 615 516 697 lege,
539 636 646 698 queso,
674 615 781 681 Titum
803 616 951 679 bivinm²
976 614 1017 679 de
1038 616 1152 697 Bruto,
1181 617 1233 697 qui
1262 624 1376 683 terram
1405 618 1502 684 veluti

196 723 327 781 matrem
352 717 552 783 exoseulatns
572 724 628 783 est.
669 718 751 792 quin
775 737 865 801 ergo,
895 718 997 798 dieas,
1029 717 1237 783 ecelesiastici
1265 738 1370 783 nonne
1389 730 1504 787 vooant

198 818 365 884 eeclesiam
392 819 547 885 matrem?
592 821 647 885 Sie
673 827 737 895 est,
766 819 905 885 Urbane.
947 818 1019 885 Nou
1038 820 1135 885 semel
1156 820 1237 903 legis
1259 821 1292 885 iu
1313 821 1381 887 inre
1402 824 1503 906 ponti-

196 918 269 985 lieio
289 921 469 1002 „gremium
487 932 597 987 sonate
617 922 903 987 matriseeeleaie.“
945 920 987 986 m
1007 928 1092 987 reete
1107 920 1246 1004 quidem.
1287 922 1400 1005 Giguit
1419 924 1503 990 euim

196 1022 379 1105 spirituales
399 1022 490 1105 filios,
511 1044 590 1107 quoa
609 1032 641 1090 et
661 1024 840 1104 sinaloret,
860 1042 1042 1107 quanquam
1053 1024 1160 1089 maltis
1181 1024 1223 1089 sit
1242 1043 1380 1090 noverea
1389 1026 1504 1092 misere

198 1124 338 1189 emlinus
358 1144 428 1202 eos,
453 1126 506 1208 qni
527 1126 569 1190 ad
588 1127 817 1193 confessionem
847 1126 1013 1191 eriminum
1035 1134 1185 1208 tanquam
1213 1124 1254 1190 ad
1284 1128 1409 1193 veniam
1431 1148 1503 1195 eon·

198 1226 331 1307 lugiunt.
372 1226 457 1304 Quid
477 1230 586 1293 enim?
625 1232 676 1293 Au
699 1228 818 1294 Morino
845 1230 999 1302 omnium,
1026 1248 1105 1311 qnos
1134 1229 1215 1295 oenli
1241 1228 1368 1311 vident,
1399 1230 1503 1314 perdi·

114 1346 119 1353 ·
197 1328 339 1394 tissimus
357 1348 459 1395 mores
478 1330 756 1412 oensoreorrigert
797 1330 857 1409 Qui
869 1332 961 1397 dabit
971 1332 1140 1397 sanitatem
1151 1332 1292 1411 insanus,
1312 1334 1503 1415 sapientiam

200 1430 323 1513 stultus,
344 1430 512 1514 puritatem
524 1431 726 1517 impudicus?
766 1432 953 1517 Nepotatus,
974 1434 1105 1514 rixatur,
1127 1432 1232 1499 turbat
1248 1453 1360 1517 paoem
1373 1434 1503 1517 Fungar

199 1530 318 1596 suillus.
360 1532 443 1598 Nam
460 1552 530 1597 eum
548 1534 610 1599 tria
627 1534 691 1599 sint
711 1534 857 1599 tradente
880 1534 1005 1600 Plini0³
1026 1537 1191 1619 fungorum
1212 1556 1340 1619 genera,
1362 1537 1502 1613 torulum,

199 1633 283 1715 quod
303 1635 430 1699 suillum
451 1635 581 1715 dieitur,
608 1636 817 1720 periculosum
839 1645 894 1703 esi.
938 1638 1012 1703 ldeo
1033 1639 1161 1703 scribit·
1183 1638 1363 1705 luvenalis⁴
1383 1638 1423 1703 de
1445 1638 1504 1703 hoe

198 1755 328 1817 genere:
350 1736 495 1816 „Vilibus
512 1738 669 1820 ancipites
689 1740 779 1822 fungi
799 1746 955 1823 ponentur
979 1742 1113 1806 amieis“
1136 1747 1168 1806 et
1188 1740 1377 1807 Martialisfir
1397 1744 1503 1821 „Sunt

200 1838 258 1902 tibi
282 1838 388 1920 boleti,
409 1840 523 1921 longos
544 1860 605 1923 ego
626 1860 715 1906 sumo
739 1841 876 1907 suillos.“
919 1844 983 1907 Sed
1009 1844 1099 1925 limgi
1125 1852 1156 1909 et
1185 1844 1281 1909 boleti
1310 1862 1418 1908 omnes
1439 1843 1503 1927 ple·

196 1959 328 2023 rumque
348 1942 497 2007 mortales
517 1951 591 2008 sunt
611 1952 645 2009 at
667 1942 902 2009 iuterhomines
916 1944 1059 2010 homines
1077 1946 1165 2027 mori,
1185 1944 1335 2031 pestiferi.
1377 1945 1503 2029 Dignus

198 2042 303 2109 herele
324 2043 429 2109 Morus
451 2044 502 2109 lrie
523 2052 630 2110 noster
649 2048 807 2130 preteetns
826 2042 898 2111 vieo
917 2047 1113 2128 stercorario,
1134 2047 1187 2129 qni
1209 2047 1355 2128 boletum,
1377 2050 1503 2131 qualem

199 2145 352 2211 Claudius
372 2146 449 2229 edit,
468 2146 570 2212 edat.6
610 2147 659 2211 Tu
678 2155 791 2213 saneta
799 2155 899 2213 mater
912 2148 1057 2226 eeclesia,
1079 2148 1106 2214 si
1128 2148 1209 2215 tales
1232 2150 1332 2214 nutris
1346 2168 1501 2231 censores,

199 2248 271 2329 quis
291 2268 370 2314 saue
390 2250 507 2314 mantis
526 2248 748 2314 confitebitur?
789 2250 953 2334 Preeipias
975 2249 1064 2327 lieet,
1092 2268 1206 2333 urgeas
1228 2259 1260 2315 et
1280 2269 1422 2335 premes,
1442 2270 1503 2333 ego

199 2350 331 2415 illorimn
353 2350 592 2433 ldorianamque
611 2350 844 2433 'l'lrelasinam‚⁷
863 2353 1002 2418 virosam
1015 2352 1266 2435 virulentumque
1281 2353 1399 2437 lupam,
1421 2354 1504 2419 Coti-

200 2455 284 2518 lam8
306 2461 338 2518 et
356 2454 536 2519 consimiles
556 2454 685 2519 deorum
707 2456 860 2538 nepotes⁹
880 2454 1051 2539 respitiens
1062 2454 1197 2521 tacenda
1217 2474 1287 2520 esse
1307 2475 1421 2523 eenseo
1442 2476 1504 2523 uon

202 2555 303 2620 solnm
324 2555 437 2638 gravia
459 2554 610 2636 lireinora,
632 2557 689 2621 sed
710 2558 806 2621 etiam
828 2557 991 2621 levissima
1008 2576 1141 2639 queque,
1163 2557 1355 2639 qualiasnut
1375 2559 1506 2625 veneria

202 2658 306 2723 Namb
327 2659 355 2723 si
374 2660 446 2741 quis
467 2657 672 2723 Thelasinam
694 2659 830 2725 l’utueret
850 2660 996 2743 quamvis
1017 2658 1208 2743 prurientem
1230 2659 1505 2742 eatulienlemqne,

269 2820 281 2846 ²
300 2827 333 2872 Tu
344 2824 573 2873 luvenalisseribit.
613 2809 627 2846 b
643 2825 690 2871 Die
706 2826 781 2872 ll'rrrte
800 2841 844 2873 non
863 2841 921 2872 nam
936 2827 956 2874 si
967 2827 1022 2885 quis
1032 2827 1068 2873 bis
1086 2794 1313 2888 irreluilrilis·eulpe
1321 2825 1403 2885 selrlerr
1414 2825 1435 2872 ir.
1446 2828 1485 2873 Tm

198 2965 398 2974 ——a—

263 3075 324 3131 ῙΖ
345 3076 377 3132 Β.
394 3076 498 3149 Vergil.
519 3075 630 3131 Aeneis.
645 3076 779 3147 Vl,595:
808 3077 869 3132 Nee
897 3096 953 3133 uon
981 3086 1023 3135 est
1046 3080 1150 3150 Tityon
1182 3086 1271 3133 terrae
1303 3077 1505 3147 omniparentis

199 3161 342 3215 alumnum
364 3158 420 3211 und
440 3157 555 3213 Luerez.
595 3157 640 3213 De
659 3176 711 3213 rer.
732 3165 787 3215 nat.
802 3158 840 3224 ll,
853 3158 923 3215 706:
950 3160 1068 3215 Pasoere
1094 3167 1218 3215 naturum
1246 3176 1296 3231 per
1322 3166 1408 3213 terras
1428 3159 1504 3213 omui

198 3246 385 3387 parqdmlidil:
407 3318 510 3373 Brutus
530 3318 586 3373 alio
608 3326 684 3373 ratus
705 3326 830 3390 spectare
845 3320 993 3390 Pythicam
1015 3338 1120 3385 vocem,
1142 3319 1218 3374 velut
1237 3318 1259 3373 ei
1271 3321 1415 3391 prolapsus
1435 3320 1505 3375 enei-

200 3402 294 3469 disset,
312 3406 412 3453 terram
435 3399 530 3453 osonio
550 3400 677 3471 contigit,
696 3399 804 3455 seilicet
823 3402 897 3471 quod
918 3418 951 3455 eu
972 3400 1127 3455 communis
1148 3408 1236 3456 mater
1257 3401 1380 3455 omnium
1404 3408 1504 3455 morta-

199 3482 267 3535 lium
289 3486 362 3534 esset

261 3555 434 3615 ³Histnat
447 3559 599 3629 xx11,es.
611 3554 674 3633 (47)
696 3560 827 3615 tul-issimi
848 3560 999 3633 (seiungi)
1022 3561 1069 3631 qui
1091 3561 1192 3616 rubent
1213 3561 1283 3615 ealle
1304 3561 1396 3617 minus
1416 3562 1505 3617 diluto

201 3641 302 3695 rubore
327 3657 411 3711 quarn
445 3639 544 3709 boleti,
573 3658 636 3694 mox
664 3640 772 3694 candidi
801 3641 879 3694 velut
909 3641 988 3712 apice
1025 3640 1145 3695 liruninis
1177 3641 1331 3712 insignibus
1360 3641 1503 3713 pediculis.

198 3721 312 3776 tertium
332 3737 421 3791 genus
435 3719 509 3774 suilli
523 3720 637 3775 venenis
656 3721 937 3776 adcommodatissimi
959 3721 1079 3776 familias
1102 3738 1191 3793 nuper
1210 3722 1376 3778 interemere
1398 3729 1427 3777 et
1446 3729 1505 3777 tola

200 3801 332 3857 convivia.

259 3878 354 3951 ⁴1‚5.
367 3881 434 3937 146.

260 3958 346 4017 ⁵111.
358 3962 403 4015 60.
415 3962 441 4015 ὅ.

261 4037 276 4082 6
296 4042 355 4097 Der
374 4043 475 4097 Kaisar
495 4040 627 4097 Claudius
650 4044 741 4097 rrnrde
764 4062 818 4099 von
843 4046 893 4099 der
914 4043 1069 4117 Agrippina
1097 4044 1149 4098 mil
1170 4044 1259 4097 niuem
1290 4043 1399 4098 boletus
1421 4044 1505 4099 medi·

203 4129 283 4178 catus
303 4124 436 4195 getiidtet.
479 4121 574 4177 Daher
592 4130 654 4194 sagi
664 4123 800 4179 llartialis
813 4124 836 4192 1,
849 4126 895 4182 20.
908 4126 968 4180 3-
980 4125 1011 4178 4:
1033 4124 1106 4188 Quid
1119 4124 1233 4197 dignum
1247 4131 1325 4178 tauto
1336 4124 1388 4178 tibi
1409 4132 1504 4179 ventre

197 4204 321 4275 gulaque
342 4204 494 4274 precabor?
534 4202 672 4270 Boletum,
693 4204 803 4274 qualem
826 4203 957 4260 Claudius
979 4206 1044 4279 edit,
1067 4206 1140 4259 odas.

262 4279 275 4322 ⁷
294 4283 349 4337 Die
370 4283 513 4338 mehrfaeh
533 4282 673 4337 erwillmte
696 4284 838 4339 Maitresse
860 4287 909 4340 rles
930 4286 1036 4342 Mor-eh.

261 4357 403 4417 8Cotilns
423 4365 460 4417 ist
480 4363 543 4417 eine
566 4363 772 4437 Latinisierung
791 4384 845 4420 von
866 4366 1017 4437 Kiiteling‚
1041 4367 1094 4437 vgl.
1115 4364 1140 4420 S.
1156 4365 1203 4435 64,
1224 4365 1305 4421 Auru.
1327 4364 1354 4435 4,
1373 4366 1504 4421 wiihreud

201 4445 248 4498 die
269 4442 463 4498 Nameusform
483 4443 581 4497 Lotius
600 4443 642 4498 als
658 4444 866 4518 Unbersetanng
886 4464 940 4502 rou
962 4447 1056 4517 Klitel,
1077 4447 1211 4518 Kilteling
1233 4446 1292 4501 sieh
1311 4446 1373 4509 dem
1396 4446 1504 4509 lllutiau

197 4543 229 4579 er
265 4524 292 4579 b.

229 4542 275 4648 8³9
295 4602 387 4665 thur
406 4622 442 4662 aa
463 4606 584 4665 anderen
601 4604 705 4665 Stelleu
727 4606 801 4667 lovis
820 4614 945 4687 nepotes.
