3625 5192
601 360 690 415 ariete
707 360 828 415 Mauros
845 360 905 413 sut.
924 358 983 413 soa.
1003 358 1064 412 soa.
1452 356 1484 410 ιι

179 506 263 575 362.
285 508 329 575 ll.
352 526 396 574 au
420 508 552 578 Urbnn.
1032 504 1178 591 (tlotba)
1189 506 1287 571 1514.
1310 504 1409 589 lprll
1425 505 1483 571 28.

249 632 311 680 Mur.
333 633 457 681 bericlrtst
474 648 524 679 von
545 633 590 679 der
608 627 918 703 ragbtzaitigourbukuuit
937 630 980 679 dau
998 646 1080 679 neusn
1095 630 1201 679 Dieuers
1222 631 1272 677 und
1292 632 1340 678 don
1359 632 1482 691 drolligeu

181 704 351 751 liadensnrteu
369 704 397 749 iu
415 704 464 749 dan
482 704 583 749 Brist'cu
602 704 645 749 des
664 702 762 749 Crotus.

261 802 397 866 Henrico
420 800 594 882 Urbano,
620 802 772 883 magistro
798 801 920 892 insigni
948 801 1046 866 latine
1066 801 1173 884 lingue
1195 798 1396 884 peritissimo,
1416 818 1483 865 eoo·

180 924 272 969 nomo
299 911 363 968 tam
392 903 502 985 sagaci
525 922 619 985 quarn
641 902 720 984 fido,
750 904 853 968 amico
881 910 971 969 extra
999 904 1101 968 aleam
1128 902 1294 981 collocato,
1324 901 1484 967 blutianus

109 1000 117 1014 '
180 1008 287 1073 Rufus.

258 1112 290 1175 S.
337 1109 573 1193 Peropportune
598 1110 685 1173 veuit
706 1108 902 1174 Faustinusl
929 1108 1075 1173 l'elicibus
1092 1109 1155 1174 tuis
1176 1108 1338 1191 auspiciis.
1381 1109 1484 1188 Atque

180 1213 299 1278 utinam
323 1211 494 1276 Faustinus
521 1219 708 1297 permaneat
734 1230 835 1293 neque
856 1209 913 1275 liat
939 1210 980 1274 de
1008 1210 1162 1275 Faustino
1184 1208 1350 1277 Lentulus,
1378 1215 1412 1273 ut
1430 1228 1483 1291 ge-

180 1315 302 1379 minata
325 1312 488 1377 lentulitas
515 1312 631 1377 beriles
656 1313 760 1377 iussus
783 1312 930 1376 retardet.
972 1312 1040 1376 llec
1065 1312 1182 1377 iocans.
1228 1310 1307 1377 Vide
1328 1312 1414 1377 Croti
1436 1331 1485 1376 sa-

176 1416 380 1496 lutacionem;
408 1433 508 1499 nuper
536 1414 618 1478 dixit
649 1414 774 1493 „bonus
800 1414 903 1493 dies‚‘⁴
935 1432 1017 1477 nunc
1046 1413 1157 1479 scribit
1183 1414 1292 1495 „bona
1317 1418 1481 1498 vesperal‘
1532 1425 1537 1434 ’

177 1516 315 1604 Lepidus
337 1518 428 1581 bomo
450 1515 484 1579 id
506 1517 568 1580 sibi
590 1517 752 1599 permittit.
794 1516 892 1579 Recte
912 1514 997 1580 tinuit.
1039 1516 1102 1580 Par
1123 1522 1171 1580 est
1192 1516 1287 1596 enim,
1310 1524 1343 1581 ut
1359 1516 1480 1582 amicus

176 1641 246 1685 cum
269 1620 371 1685 amico
392 1618 608 1698 familiariter,
626 1638 665 1682 ue
688 1616 793 1682 dicam
816 1617 981 1694 audacter,
1002 1625 1087 1699 agat.
1130 1617 1219 1699 Vale,
1241 1618 1378 1699 virorum
1398 1619 1483 1701 sapi-

175 1723 338 1787 entissime
360 1730 391 1786 et
411 1721 582 1786 amicorum
605 1720 828 1785 sincerissime.

256 1824 304 1888 Ex
327 1822 505 1905 tranquillo,
527 1822 580 1886 die
604 1821 718 1886 Vitalis
740 1821 911 1887 MDXllll.

246 1946 428 1997 Handsebriitl.
447 1946 468 1992 Ρ
484 1946 532 1993 tna
549 1946 591 1992 lol.
606 1946 678 1993 lllir.
755 1970 760 1976 ·
817 1951 826 1964 ⁰

174 2156 259 2222 363.
281 2152 324 2225 lt.
347 2172 392 2220 au
416 2152 550 2220 llrbsn.
965 2150 1207 2234 (Gotlralbll.
1245 2152 1312 2221 Um
1335 2154 1368 2225 ’3.
1383 2155 1505 2241 llrrl).¹

246 2280 293 2326 llio
303 2280 398 2325 llblner
409 2279 490 2326 baben
508 2278 585 2325 durclr
605 2278 645 2324 dle
657 2277 839 2335 Verbreunuug
857 2276 902 2323 des
912 2276 1107 2338 Augouspiegala
1125 2277 1208 2324 niebts
1217 2278 1325 2326 erroiclrt
1369 2281 1480 2327 Adamus

175 2350 229 2396 l'ub
248 2350 283 2397 soi
302 2350 329 2396 ln
347 2350 457 2395 Adamas
473 2349 577 2394 Publius
594 2348 685 2393 vitalis
705 2346 861 2394 asmundslt
880 2348 992 2395 worden.

255 2446 394 2529 Egregio
422 2446 491 2509 viro
518 2445 679 2525 nostrique
701 2443 934 2509 studiosissimo
955 2445 1090 2511 Henrico
1112 2444 1286 2529 Urbano,
1316 2449 1480 2532 magistro,

175 2570 333 2616 economo.

254 2654 285 2718 S.
327 2654 363 2717 Si
384 2660 532 2736 saperent
560 2651 694 2736 palliata
722 2656 754 2714 et
774 2651 978 2715 concionaria
1000 2650 1230 2731 mendicabula,
1250 2660 1334 2717 certe
1357 2654 1479 2737 prolite-

174 2762 281 2821 reutur
302 2775 334 2820 se
356 2769 388 2820 ct
408 2774 535 2839 operam
558 2763 589 2818 et
603 2754 704 2818 oleum
727 2752 759 2815 in
783 2752 1017 2817 οοιιιιιιιιιιιιάο2
1038 2748 1174 2836 Speculo
1187 2753 1373 2836 perdidisse.
1417 2758 1480 2823 Sed

174 2859 220 2923 ita
245 2857 384 2923 moribus
411 2864 643 2940 comparatum,
672 2862 706 2920 ut
731 2856 795 2919 ista
820 2856 978 2919 cucullata
1003 2864 1160 2937 portenta,
1189 2862 1223 2920 ut
1245 2865 1319 2922 sunt
1338 2858 1481 2925 homines

174 2962 291 3025 inertes
312 2969 344 3023 et
366 2958 492 3023 barbari
516 2967 547 3022 et
568 2958 731 3038 sediciosi,
754 2977 815 3021 uon
838 2956 967 3021 valeant
987 2955 1188 3040 splendorem
1208 2966 1240 3023 et
1260 2962 1403 3041 graciam
1426 2963 1480 3028 ad-

113 3078 117 3081 ·
174 3062 323 3142 versarii,
352 3061 411 3125 riri
442 3060 691 3143 eloquentissimi
713 3066 744 3123 et
769 3055 978 3141 undecunque
998 3060 1189 3141 doctissimi,
1216 3061 1266 3126 vel
1288 3062 1401 3128 intueri
1430 3067 1480 3129 vel

173 3165 283 3248 pallet,
302 3165 386 3246 quod
398 3171 447 3228 est
458 3163 619 3246 proprium
632 3161 821 3241 invidorum,
832 3161 1062 3226 obliviscuntur·
1074 3164 1219 3243 mantice,
1241 3163 1323 3244 quod
1337 3165 1368 3227 in
1381 3172 1478 3246 terge.

175 3266 312 3331 Tantum
334 3285 409 3331 vero
435 3265 542 3345 abest,
570 3272 605 3327 ut
629 3264 714 3346 ignis
740 3262 794 3328 ille
820 3262 862 3327 ab
884 3262 1147 3328 obtrectatoribus
1168 3273 1200 3327 et
1221 3267 1386 3330 malevolis
1408 3287 1479 3331 cou-

171 3367 265 3433 flatus
293 3366 433 3450 aliquam
461 3366 613 3449 dignitati
639 3374 671 3429 et
693 3366 794 3447 glorie
816 3364 989 3447 Oapnionis
1015 3370 1122 3429 notam
1145 3366 1308 3445 inusserit,
1338 3375 1372 3431 ut
1402 3369 1479 3433 cini-

174 3469 271 3535 lloues
291 3476 322 3533 et
341 3468 555 3533 incendiarios
568 3474 722 3551 perpetua
737 3467 934 3532 consciencie
950 3468 1029 3548 lace,
1050 3486 1113 3549 qua
1129 3468 1274 3531 scelerati
1295 3470 1480 3552 orutiantur,

172 3579 292 3637 exurat.
347 3570 485 3654 Legisti,
517 3571 645 3653 quantis
678 3570 872 3652 argumentis
902 3568 1050 3635 ostendat
1083 3568 1215 3633 author²
1244 3570 1372 3654 Speculi
1400 3572 1478 3638 nibil

172 3674 278 3755 egisse
287 3673 472 3738 Colonarlos
491 3672 721 3755 pedicatoresl‚
744 3673 828 3738 nullo
851 3672 919 3736 iure
936 3670 1094 3761 flammam
1116 3672 1297 3737 excitatam.
1339 3674 1479 3758 Tempus

172 3782 230 3848 est,
250 3782 285 3839 ut
304 3775 478 3839 formulas3
499 3774 593 3839 Croto
614 3777 708 3838 datas
729 3776 770 3838 ad
791 3774 920 3839 crottum
945 3772 1150 3838 remittamus.
1192 3773 1343 3857 Adamas,
1364 3778 1479 3842 famili-

171 3878 235 3942 aris
256 3884 328 3942 tuus
355 3884 388 3941 et
412 3876 475 3940 iam
497 3883 604 3941 noster
629 3884 755 3960 promus
783 3877 902 3941 condus
924 3874 1048 3940 fidelem
1077 3875 1146 3956 agit
1172 3874 1406 3959 obsonatorem
1429 3900 1478 3945 me

172 3980 322 4065 precipue
348 3980 497 4044 observat
522 3986 554 4043 et
581 3985 674 4043 nutus
702 3985 798 4060 atque
824 3986 953 4043 renatus
984 3996 1080 4041 meos.
1123 3976 1260 4042 Meretur
1281 3980 1339 4045 boc
1364 3982 1477 4063 officio,

171 4089 206 4147 ut
228 4082 345 4165 diguus
371 4083 426 4161 sit,
458 4080 509 4145 cui
535 4079 664 4146 modern
690 4101 711 4144 a
731 4100 781 4145 me
801 4082 909 4163 gratia
930 4082 1090 4146 reseratur.
1135 4080 1317 4162 Cognomen
1340 4082 1474 4149 bominis

242 4201 254 4229 ¹
273 4208 307 4253 Tz
324 4210 405 4254 autor.
478 4191 492 4227 ι’
509 4206 543 4252 Ta
563 4205 755 4266 praedicatores

171 4347 372 4355 —.--———

235 4431 247 4474 ¹
268 4434 332 4507 Vgl
342 4435 390 4491 Br.
402 4434 468 4489 361.

232 4512 247 4554 2
264 4514 327 4587 νει.
338 4515 385 4573 nr.
398 4514 466 4570 am.

213 4590 248 4639 »³
269 4594 329 4673 Vgl.
341 4595 387 4658 sr.
400 4596 468 4658 353.
