3625 5192
234 369 238 375 .
306 332 341 381 56
642 329 939 398 ·Gesclriebtsquellen
958 331 1007 384 dor
1025 330 1104 384 Prov.
1122 330 1247 384 Sccbsen.
1335 339 1346 360 ·

306 476 434 554 (lucris,
461 477 537 559 quid
568 478 662 542 luerit
690 478 721 543 iu
744 479 860 544 l'abula.
907 480 1001 543 Certe
1019 479 1124 543 nullus
1145 477 1247 562 lupus.
1289 476 1419 541 Assedit
1438 477 1613 541 Herculesl

306 585 338 642 et
365 588 434 660 tyro
465 579 647 643 Vulcanns²
679 587 711 644 et
738 581 864 644 lunusss.
915 581 998 644 luter
1026 580 1092 644 ulia
1122 580 1164 644 do
1200 578 1420 643 mansiuncula
1446 577 1613 643 Osimundi

295 683 431 762 ,egimus
453 689 484 746 et
505 683 552 746 sic
572 681 612 746 de
634 681 727 746 rebus
746 683 871 748 nostris.
913 683 1008 763 Puto,
1037 681 1198 754 laudabis,
1222 681 1311 762 quia,
1332 687 1367 744 ut
1387 681 1550 761 eleganter
1570 681 1615 744 in-

214 851 216 859 ,
306 784 375 865 quit
396 784 570 850 cucullatus
591 786 715 871 retest,

486 962 589 1022 ‚,oura
610 943 687 1008 viris
708 886 858 1056 {levius
887 895 901 1055 l
925 963 1026 1009 rerum
1049 941 1129 1008 solet
1150 962 1220 1007 esse
1241 887 1257 1046 i

724 987 876 1068 gravibus

1269 886 1451 949 novarum.“

1268 986 1424 1051 suarnm.“

306 1089 389 1167 Quid
418 1092 585 1172 preterea‘l
631 1088 717 1153 Mota
745 1096 814 1153 erat
839 1076 1076 1171 questiosutra
1104 1094 1192 1152 secta
1219 1093 1304 1151 esset
1331 1090 1540 1169 prestantior:
1572 1107 1613 1151 an

306 1211 423 1268 eorum,
445 1193 498 1273 qui
516 1198 637 1256 tantum
653 1191 916 1275 contemplacioni
937 1195 1095 1268 vacarent,
1117 1209 1157 1251 an
1180 1189 1234 1270 qui
1251 1189 1284 1252 iu
1301 1197 1374 1252 actu
1391 1209 1493 1254 rernm
1511 1211 1614 1254 versa-

306 1301 422 1358 rentur.
464 1294 539 1358 l'ost
559 1293 804 1358 dissertaeioues
826 1293 858 1356 in
882 1303 1035 1374 ununque
1051 1297 1173 1372 partem
1193 1311 1279 1355 more
1297 1291 1480 1356 academico
1496 1293 1615 1376 placuit

306 1417 360 1461 ees
387 1395 512 1460 demum
543 1415 613 1460 esse
643 1394 837 1474 laudabiles,
864 1395 918 1475 qui
945 1401 1110 1474 utrumque
1136 1391 1272 1458 ellicium
1294 1394 1615 1477 copularent'purtim

308 1498 431 1562 scilieet
457 1498 579 1561 actuosi
609 1497 724 1580 partim
755 1496 927 1561 sedentarii
957 1503 989 1559 et
1006 1504 1141 1577 segnes.
1187 1494 1352 1559 Adroenvi
1379 1514 1502 1560 versum
1533 1497 1618 1560 vatis

306 1599 481 1684 supradicti
514 1619 577 1662 non
612 1599 841 1679 inelegantem:
886 1597 992 1676 „Ocia
1022 1598 1229 1675 damnantur,
1266 1616 1327 1679 que
1366 1598 1453 1661 nulla
1483 1600 1617 1679 negocia

306 1703 471 1765 tractant.“
522 1700 666 1781 Denique
695 1719 763 1764 cum
794 1719 961 1780 ageremus
989 1699 1030 1762 de
1058 1699 1089 1762 vi
1117 1706 1149 1762 et
1173 1700 1204 1763 ri
1231 1707 1367 1779 armata,
1401 1701 1531 1763 lusinms
1560 1701 1614 1764 ad-

305 1804 432 1867 modum
455 1803 556 1867 l'acele
580 1802 611 1866 in
633 1801 875 1866 semibarbaros.
915 1802 1044 1865 Adduxi
1066 1821 1192 1866 carmen
1209 1801 1386 1865 Nasonis5:
1409 1803 1546 1883 „Tutius
1568 1810 1616 1867 est

252 1930 254 1936 ¹
306 1905 403 1986 igitur
423 1903 505 1968 lictis
524 1902 712 1968 contendere
730 1905 836 1970 verbis
853 1923 946 1986 quam
966 1923 1108 1986 pugnare
1123 1905 1245 1968 rmum.“
1281 1904 1397 1968 Arrisit
1413 1905 1614 1970 Osinmndus.

305 2007 354 2070 Λᾶ
377 2014 548 2071 extremum
571 2006 611 2070 de
632 2007 723 2070 titulo
744 2006 856 2071 domus
879 2017 1070 2070 convenerat
1091 2007 1266 2083 internos,
1286 2013 1319 2070 ut
1339 2007 1517 2089 appellaret
1537 2007 1614 2072 edes

305 2130 393 2173 zeum
416 2108 517 2174 hemel
533 2117 623 2190 stege
645 2127 692 2188 eo,
714 2107 797 2190 quod
814 2117 951 2190 angusta
964 2109 1078 2172 semita
1094 2118 1125 2172 et
1142 2108 1276 2173 acclivis
1294 2109 1344 2173 vel
1363 2107 1468 2191 potius
1484 2129 1615 2192 preceps

305 2210 476 2276 deduceret
493 2211 535 2275 ad
557 2212 694 2274 ianuam.

387 2313 487 2377 Vobis
509 2313 653 2394 iniungo,
675 2321 708 2377 ut
729 2313 849 2394 pariter
869 2313 1038 2394 requiratis
1059 2312 1183 2378 literam
1205 2312 1450 2396 Pythagoricum
1473 2313 1500 2376 Y
1528 2315 1614 2397 apirrd

309 2415 504 2496 Vergilium6
527 2423 557 2479 et
581 2415 720 2480 Persium
731 2417 752 2496 ⁷,
782 2434 852 2478 narn
876 2415 930 2478 via
950 2415 1077 2479 virtutis
1097 2421 1193 2496 atque
1214 2416 1342 2478 celestis
1362 2422 1516 2495 angusta,
1544 2435 1617 2479 con·

308 2518 405 2581 traria
426 2537 500 2581 vero
523 2517 676 2581 latissime
699 2523 794 2599 patet.
837 2516 925 2581 Vale.

379 2641 560 2687 lluudselrrit'tl.
581 2640 601 2685 i·
621 2635 671 2687 359
691 2640 732 2686 lol.
754 2640 821 2688 299r
838 2640 949 2688 --assu

859 2797 1061 2806 ———

308 2923 392 2992 396.
417 2920 460 2993 ll.
482 2939 526 2988 au
552 2921 683 2992 L'rbau.
926 2920 1165 3003 (Gotbalbll.
1197 2922 1296 2989 liurz
1316 2923 1615 3006 ostensurum).

379 3045 438 3093 blut.
470 3047 539 3104 giebt
576 3047 632 3092 eine
666 3047 833 3092 ruml'iibrliclm
864 3046 1028 3104 Subildcruug
1060 3047 1104 3093 der
1135 3047 1255 3106 jiiugston
1288 3048 1554 3108 Ueberscbwcmmuug
1590 3050 1616 3095 in

307 3117 484 3175 fictirguntbul.

390 3215 549 3279 Urbano
570 3217 651 3297 patri
674 3214 874 3279 sanctissimo
897 3215 1057 3279 llutianus
1077 3215 1184 3280 Rulirs.

390 3320 421 3382 S.
456 3317 573 3399 Magna
590 3320 638 3382 vis
654 3337 806 3398 aquarum
826 3318 965 3398 etqirasi
982 3313 1221 3400 auca-aloepbgr,
1243 3337 1340 3402 supra
1356 3337 1450 3399 qiram
1476 3321 1615 3384 enarrari

309 3428 425 3501 potest,
454 3421 587 3484 cenobio
609 3430 712 3482 uestro
734 3421 849 3484 nocuit.
892 3420 963 3496 Qua
985 3419 1026 3483 de
1048 3440 1080 3484 re
1103 3421 1243 3501 pressius
1263 3429 1296 3484 ct
1316 3421 1452 3483 tenuiter
1471 3421 1618 3500 scribam,

307 3530 342 3584 ut
363 3542 427 3585 rem
450 3521 568 3604 oppido
584 3521 818 3586 memorabilem
835 3522 961 3586 facilius
977 3523 1009 3585 in
1027 3522 1167 3586 libellum
1179 3523 1304 3587 referas.
1336 3522 1442 3586 Pridie
1458 3523 1618 3588 calendas

377 3640 388 3664 ’Ἰ
410 3647 432 3689 l·'
445 3632 616 3707 κατακλισμὸς.

370 3841 380 3882 ¹
402 3845 466 3915 Vgl.
488 3845 540 3898 dou
563 3845 676 3914 rorigen
694 3845 782 3920 ⁴lirici.

370 3920 383 3962 ²
405 3925 467 3995 vgr,
487 3925 540 3978 ‹len
562 3925 675 3996 vorigen
699 3924 781 3980 llrirf.
823 3925 849 3979 S.
862 3925 900 3977 55
922 3923 1003 3979 Arsin,
1017 3925 1041 3976 l.

369 4000 383 4042 3
404 4005 493 4058 55558
517 4004 644 4074 Urbicus,
666 4005 761 4060 friiber
783 4006 914 4062 Furnulus
937 4005 1068 4079 Mulieris,
1090 4005 1210 4059 zirrZeit
1230 4004 1339 4059 soleber
1357 4006 1400 4059 bei
1414 4006 1516 4060 l‘rban.
1551 4007 1616 4078 vgl.

310 4085 354 4136 Br.
367 4085 423 4136 ltu
445 4087 471 4141 S.
487 4085 543 4138 327
566 4085 646 4138 Amn.
664 4085 688 4141 l.
1166 4076 1172 4088 ⁸

368 4159 381 4202 ⁴
405 4165 440 4218 Es
461 4165 569 4218 selreiut
591 4167 634 4218 eiu
657 4183 772 4219 ueneror
794 4166 912 4219 llicbler
932 4167 1056 4236 gemeiut
1076 4185 1110 4219 zu
1132 4167 1200 4222 sein.

368 4239 382 4282 5
404 4243 483 4298 Ouid.
501 4246 611 4300 blebam.
627 4247 705 4299 Xlll.
727 4247 744 4298 u
779 4246 846 4299 -ll).

370 4321 383 4360 (ἲ
405 4325 486 4394 Verg.
509 4325 578 4380 Aen.
599 4326 649 4378 Vl.
669 4325 739 4379 540:
763 4327 816 4379 llic
839 4328 916 4380 iocus
931 4333 980 4391 est,
1001 4328 1088 4396 panis
1109 4327 1156 4380 ubi
1177 4345 1206 4380 sc
1226 4328 1271 4381 via
1291 4323 1372 4379 findit
1392 4326 1420 4379 in
1442 4327 1547 4383 ambas.

371 4401 382 4442 7
405 4405 516 4458 Persius
537 4405 589 4462 III.
612 4406 661 4457 56:
692 4407 726 4458 Fr
753 4406 802 4458 tibi
832 4425 902 4476 quum
928 4407 1035 4460 Samios
1059 4407 1170 4461 (induxit
1200 4408 1279 4461 litem
1303 4425 1400 4461 minos.
1448 4408 1615 4461 noandum

308 4485 433 4538 erudiret
454 4485 593 4540 Armenius
619 4486 663 4539 dic
687 4487 779 4540 Litora
803 4486 989 4558 Pythagorica
1017 4491 1113 4559 [Arisgt
1135 4489 1253 4542 Sebenk.
1275 4490 1303 4542 ὃ.
1329 4487 1410 4553 l3s):
1440 4487 1615 4559 Pythagorae

308 4565 412 4621 bivium
434 4566 517 4620 ramis
538 4573 620 4636 puteo
641 4567 779 4638 mubiguis
800 4565 832 4621 Y.
