<?xml version="1.0" encoding="UTF-8"?>
<!DOCTYPE html PUBLIC "-//W3C//DTD XHTML 1.0 Transitional//EN"
    "http://www.w3.org/TR/xhtml1/DTD/xhtml1-transitional.dtd">
<html xmlns="http://www.w3.org/1999/xhtml" xml:lang="en" lang="en">
 <head>
  <title>
</title>
<meta http-equiv="Content-Type" content="text/html;charset=utf-8" />
  <meta name='ocr-system' content='tesseract 3.04.00' />
  <meta name='ocr-capabilities' content='ocr_page ocr_carea ocr_par ocr_line ocrx_word'/>
</head>
<body>
  <div class='ocr_page' id='page_1' title='image "./derbriefwechsel00sachgoog_0669.png"; bbox 0 0 3625 5192; ppageno 0'>
   <div class='ocr_carea' id='block_1_1' title="bbox 329 347 1635 580">
    <p class='ocr_par' dir='ltr' id='par_1_1' title="bbox 329 347 1635 580">
     <span class='ocr_line' id='line_1_1' title="bbox 329 347 1259 416; baseline 0.004 -18"><span class='ocrx_word' id='word_1_1' title='bbox 329 347 380 398; x_wconf 81' lang='grc'>162</span> <span class='ocrx_word' id='word_1_2' title='bbox 699 347 959 416; x_wconf 86' lang='lat' dir='ltr'>Gesehichtsqnellcn</span> <span class='ocrx_word' id='word_1_3' title='bbox 979 351 1028 402; x_wconf 87' lang='lat' dir='ltr'>der</span> <span class='ocrx_word' id='word_1_4' title='bbox 1044 347 1119 402; x_wconf 86' lang='lat' dir='ltr'>Prov.</span> <span class='ocrx_word' id='word_1_5' title='bbox 1137 349 1259 403; x_wconf 86' lang='lat' dir='ltr'>Saohsen.</span> 
     </span>
     <span class='ocr_line' id='line_1_2' title="bbox 330 491 1635 580; baseline 0.001 -22"><span class='ocrx_word' id='word_1_6' title='bbox 330 493 411 559; x_wconf 83' lang='grc'><strong>5111.</strong></span> <span class='ocrx_word' id='word_1_7' title='bbox 433 491 476 562; x_wconf 87' lang='lat' dir='ltr'>ll.</span> <span class='ocrx_word' id='word_1_8' title='bbox 498 512 545 559; x_wconf 88' lang='lat' dir='ltr'>au</span> <span class='ocrx_word' id='word_1_9' title='bbox 566 493 688 576; x_wconf 75' lang='lat' dir='ltr'>lloban</span> <span class='ocrx_word' id='word_1_10' title='bbox 709 493 856 561; x_wconf 90' lang='lat' dir='ltr'>llcssus.</span> <span class='ocrx_word' id='word_1_11' title='bbox 1100 494 1340 580; x_wconf 72' lang='grc'><strong>(1111111515.</strong></span> <span class='ocrx_word' id='word_1_12' title='bbox 1382 494 1450 560; x_wconf 90' lang='lat' dir='ltr'>Um</span> <span class='ocrx_word' id='word_1_13' title='bbox 1467 493 1635 577; x_wconf 67' lang='lat' dir='ltr'>usual.)</span> 
     </span>
    </p>
   </div>
   <div class='ocr_carea' id='block_1_2' title="bbox 328 605 1634 735">
    <p class='ocr_par' dir='ltr' id='par_1_2' title="bbox 328 605 1634 735">
     <span class='ocr_line' id='line_1_3' title="bbox 397 605 1634 676; baseline -0.002 -26"><span class='ocrx_word' id='word_1_14' title='bbox 397 605 458 651; x_wconf 80' lang='lat' dir='ltr'>blut.</span> <span class='ocrx_word' id='word_1_15' title='bbox 483 606 642 652; x_wconf 81' lang='lat' dir='ltr'>wiederholt&#39;</span> <span class='ocrx_word' id='word_1_16' title='bbox 653 606 723 652; x_wconf 83' lang='lat' dir='ltr'>seina</span> <span class='ocrx_word' id='word_1_17' title='bbox 742 607 937 668; x_wconf 76' lang='lat' dir='ltr'>Versichcrung‚</span> <span class='ocrx_word' id='word_1_18' title='bbox 961 607 1002 654; x_wconf 90' lang='lat' dir='ltr'>die</span> <span class='ocrx_word' id='word_1_19' title='bbox 1020 608 1103 676; x_wconf 70' lang='lat' dir='ltr'>nnete</span> <span class='ocrx_word' id='word_1_20' title='bbox 1125 607 1246 654; x_wconf 72' lang='lat' dir='ltr'>numisma</span> <span class='ocrx_word' id='word_1_21' title='bbox 1264 607 1316 652; x_wconf 90' lang='lat' dir='ltr'>und</span> <span class='ocrx_word' id='word_1_22' title='bbox 1335 605 1476 652; x_wconf 81' lang='lat' dir='ltr'>verbranut</span> <span class='ocrx_word' id='word_1_23' title='bbox 1493 621 1522 651; x_wconf 83' lang='lat' dir='ltr'>zu</span> <span class='ocrx_word' id='word_1_24' title='bbox 1541 605 1634 663; x_wconf 77' lang='lat' dir='ltr'>huben,</span> 
     </span>
     <span class='ocr_line' id='line_1_4' title="bbox 328 676 1207 735; baseline 0.006 -15"><span class='ocrx_word' id='word_1_25' title='bbox 328 689 376 722; x_wconf 88' lang='lat' dir='ltr'>nur</span> <span class='ocrx_word' id='word_1_26' title='bbox 397 676 437 721; x_wconf 92' lang='lat' dir='ltr'>ein</span> <span class='ocrx_word' id='word_1_27' title='bbox 458 689 520 735; x_wconf 78' lang='lat' dir='ltr'>paar</span> <span class='ocrx_word' id='word_1_28' title='bbox 538 676 632 722; x_wconf 80' lang='lat' dir='ltr'>Fetzsn</span> <span class='ocrx_word' id='word_1_29' title='bbox 650 676 718 722; x_wconf 85' lang='lat' dir='ltr'>scien</span> <span class='ocrx_word' id='word_1_30' title='bbox 737 691 782 722; x_wconf 86' lang='lat' dir='ltr'>ans</span> <span class='ocrx_word' id='word_1_31' title='bbox 800 677 928 723; x_wconf 82' lang='lat' dir='ltr'>Varseheu</span> <span class='ocrx_word' id='word_1_32' title='bbox 946 679 1081 724; x_wconf 85' lang='lat' dir='ltr'>vcrsehont</span> <span class='ocrx_word' id='word_1_33' title='bbox 1099 678 1207 725; x_wconf 79' lang='lat' dir='ltr'>worden.</span> 
     </span>
    </p>
   </div>
   <div class='ocr_carea' id='block_1_3' title="bbox 326 759 1638 2572">
    <p class='ocr_par' dir='ltr' id='par_1_3' title="bbox 407 759 1006 843">
     <span class='ocr_line' id='line_1_5' title="bbox 407 759 1006 843; baseline 0.003 -21"><span class='ocrx_word' id='word_1_34' title='bbox 407 759 566 824; x_wconf 83' lang='lat' dir='ltr'>Eobano</span> <span class='ocrx_word' id='word_1_35' title='bbox 587 779 653 840; x_wconf 90' lang='lat' dir='ltr'>suo,</span> <span class='ocrx_word' id='word_1_36' title='bbox 676 768 768 843; x_wconf 84' lang='lat' dir='ltr'>poete</span> <span class='ocrx_word' id='word_1_37' title='bbox 788 761 1006 826; x_wconf 89' lang='lat' dir='ltr'>disertissimo.</span> 
     </span>
    </p>

    <p class='ocr_par' dir='ltr' id='par_1_4' title="bbox 326 861 1638 2572">
     <span class='ocr_line' id='line_1_6' title="bbox 407 861 1635 946; baseline -0.002 -21"><span class='ocrx_word' id='word_1_38' title='bbox 407 863 439 925; x_wconf 89' lang='lat' dir='ltr'>S.</span> <span class='ocrx_word' id='word_1_39' title='bbox 482 861 615 925; x_wconf 81' lang='lat' dir='ltr'>Factum</span> <span class='ocrx_word' id='word_1_40' title='bbox 641 869 690 927; x_wconf 88' lang='lat' dir='ltr'>est</span> <span class='ocrx_word' id='word_1_41' title='bbox 717 863 842 941; x_wconf 77' lang='lat' dir='ltr'>divina,</span> <span class='ocrx_word' id='word_1_42' title='bbox 872 882 954 943; x_wconf 90' lang='lat' dir='ltr'>reor,</span> <span class='ocrx_word' id='word_1_43' title='bbox 982 862 1198 945; x_wconf 89' lang='lat' dir='ltr'>providentia,</span> <span class='ocrx_word' id='word_1_44' title='bbox 1226 881 1287 944; x_wconf 86' lang='lat' dir='ltr'>que</span> <span class='ocrx_word' id='word_1_45' title='bbox 1309 882 1433 946; x_wconf 83' lang='lat' dir='ltr'><strong>semper</strong></span> <span class='ocrx_word' id='word_1_46' title='bbox 1453 862 1516 926; x_wconf 95' lang='lat' dir='ltr'>illis</span> <span class='ocrx_word' id='word_1_47' title='bbox 1538 861 1635 940; x_wconf 86' lang='lat' dir='ltr'>lavet,</span> 
     </span>
     <span class='ocr_line' id='line_1_7' title="bbox 328 963 1636 1046; baseline -0.002 -19"><span class='ocrx_word' id='word_1_48' title='bbox 328 964 382 1046; x_wconf 88' lang='lat' dir='ltr'>qui</span> <span class='ocrx_word' id='word_1_49' title='bbox 411 970 563 1027; x_wconf 81' lang='lat' dir='ltr'><strong>stateram</strong></span> <span class='ocrx_word' id='word_1_50' title='bbox 592 983 654 1027; x_wconf 92' lang='lat' dir='ltr'>non</span> <span class='ocrx_word' id='word_1_51' title='bbox 683 965 881 1044; x_wconf 88' lang='lat' dir='ltr'>transiliunt,</span> <span class='ocrx_word' id='word_1_52' title='bbox 911 965 978 1028; x_wconf 89' lang='lat' dir='ltr'>sive</span> <span class='ocrx_word' id='word_1_53' title='bbox 1007 971 1038 1028; x_wconf 91' lang='lat' dir='ltr'>tu</span> <span class='ocrx_word' id='word_1_54' title='bbox 1061 963 1193 1028; x_wconf 84' lang='lat' dir='ltr'><strong>Critolai</strong></span> <span class='ocrx_word' id='word_1_55' title='bbox 1223 964 1378 1028; x_wconf 88' lang='lat' dir='ltr'>bilaueenr</span> <span class='ocrx_word' id='word_1_56' title='bbox 1408 964 1477 1027; x_wconf 85' lang='lat' dir='ltr'>sive</span> <span class='ocrx_word' id='word_1_57' title='bbox 1504 963 1636 1026; x_wconf 89' lang='lat' dir='ltr'>alterius</span> 
     </span>
     <span class='ocr_line' id='line_1_8' title="bbox 326 1064 1635 1141; baseline -0.001 -12"><span class='ocrx_word' id='word_1_58' title='bbox 326 1067 477 1130; x_wconf 81' lang='lat' dir='ltr'>trutinam</span> <span class='ocrx_word' id='word_1_59' title='bbox 508 1064 757 1141; x_wconf 86' lang='lat' dir='ltr'>desideraveris,</span> <span class='ocrx_word' id='word_1_60' title='bbox 785 1074 819 1129; x_wconf 92' lang='lat' dir='ltr'>ut</span> <span class='ocrx_word' id='word_1_61' title='bbox 845 1067 978 1130; x_wconf 89' lang='lat' dir='ltr'>libertas</span> <span class='ocrx_word' id='word_1_62' title='bbox 1003 1084 1075 1129; x_wconf 91' lang='lat' dir='ltr'>mea</span> <span class='ocrx_word' id='word_1_63' title='bbox 1100 1065 1202 1131; x_wconf 90' lang='lat' dir='ltr'>fidelis</span> <span class='ocrx_word' id='word_1_64' title='bbox 1229 1073 1260 1129; x_wconf 93' lang='lat' dir='ltr'>et</span> <span class='ocrx_word' id='word_1_65' title='bbox 1286 1067 1411 1130; x_wconf 88' lang='lat' dir='ltr'>sincera</span> <span class='ocrx_word' id='word_1_66' title='bbox 1438 1072 1580 1128; x_wconf 81' lang='lat' dir='ltr'>neutram</span> <span class='ocrx_word' id='word_1_67' title='bbox 1601 1064 1635 1128; x_wconf 94' lang='lat' dir='ltr'>in</span> 
     </span>
     <span class='ocr_line' id='line_1_9' title="bbox 328 1167 1636 1251; baseline 0.001 -21"><span class='ocrx_word' id='word_1_68' title='bbox 328 1176 450 1251; x_wconf 90' lang='lat' dir='ltr'>partem</span> <span class='ocrx_word' id='word_1_69' title='bbox 477 1167 556 1231; x_wconf 82' lang='lat' dir='ltr'>libre</span> <span class='ocrx_word' id='word_1_70' title='bbox 586 1176 713 1249; x_wconf 80' lang='lat' dir='ltr'>vergat,</span> <span class='ocrx_word' id='word_1_71' title='bbox 743 1168 800 1232; x_wconf 89' lang='lat' dir='ltr'>sed</span> <span class='ocrx_word' id='word_1_72' title='bbox 827 1188 907 1251; x_wconf 88' lang='lat' dir='ltr'>equo</span> <span class='ocrx_word' id='word_1_73' title='bbox 936 1169 1080 1250; x_wconf 88' lang='lat' dir='ltr'>iustoque</span> <span class='ocrx_word' id='word_1_74' title='bbox 1110 1169 1234 1232; x_wconf 91' lang='lat' dir='ltr'>boniet</span> <span class='ocrx_word' id='word_1_75' title='bbox 1255 1169 1338 1232; x_wconf 89' lang='lat' dir='ltr'>docti</span> <span class='ocrx_word' id='word_1_76' title='bbox 1360 1169 1421 1232; x_wconf 87' lang='lat' dir='ltr'>viri</span> <span class='ocrx_word' id='word_1_77' title='bbox 1443 1167 1636 1250; x_wconf 82' lang='lat' dir='ltr'>ponderibus</span> 
     </span>
     <span class='ocr_line' id='line_1_10' title="bbox 327 1268 1637 1353; baseline -0.002 -20"><span class='ocrx_word' id='word_1_78' title='bbox 327 1269 528 1353; x_wconf 88' lang='lat' dir='ltr'>respondeat.</span> <span class='ocrx_word' id='word_1_79' title='bbox 569 1268 635 1332; x_wconf 77' lang='lat' dir='ltr'>Soli</span> <span class='ocrx_word' id='word_1_80' title='bbox 658 1269 727 1332; x_wconf 90' lang='lat' dir='ltr'>Deo</span> <span class='ocrx_word' id='word_1_81' title='bbox 756 1270 868 1350; x_wconf 87' lang='lat' dir='ltr'>gloria.</span> <span class='ocrx_word' id='word_1_82' title='bbox 910 1269 977 1332; x_wconf 87' lang='lat' dir='ltr'>Iam</span> <span class='ocrx_word' id='word_1_83' title='bbox 1008 1277 1041 1333; x_wconf 90' lang='lat' dir='ltr'>tu</span> <span class='ocrx_word' id='word_1_84' title='bbox 1069 1269 1194 1333; x_wconf 83' lang='lat' dir='ltr'>videbis</span> <span class='ocrx_word' id='word_1_85' title='bbox 1221 1289 1328 1334; x_wconf 89' lang='lat' dir='ltr'>verum</span> <span class='ocrx_word' id='word_1_86' title='bbox 1361 1289 1430 1334; x_wconf 89' lang='lat' dir='ltr'>esse</span> <span class='ocrx_word' id='word_1_87' title='bbox 1450 1269 1637 1347; x_wconf 82' lang='lat' dir='ltr'>Matianum,</span> 
     </span>
     <span class='ocr_line' id='line_1_11' title="bbox 328 1369 1637 1452; baseline -0.003 -18"><span class='ocrx_word' id='word_1_88' title='bbox 328 1372 392 1434; x_wconf 89' lang='lat' dir='ltr'>iarn</span> <span class='ocrx_word' id='word_1_89' title='bbox 418 1371 495 1434; x_wconf 94' lang='lat' dir='ltr'>mihi</span> <span class='ocrx_word' id='word_1_90' title='bbox 520 1371 642 1451; x_wconf 86' lang='lat' dir='ltr'>gratias</span> <span class='ocrx_word' id='word_1_91' title='bbox 672 1389 764 1450; x_wconf 78' lang='lat' dir='ltr'>ages,</span> <span class='ocrx_word' id='word_1_92' title='bbox 793 1372 858 1434; x_wconf 87' lang='lat' dir='ltr'>iarn</span> <span class='ocrx_word' id='word_1_93' title='bbox 883 1377 914 1435; x_wconf 92' lang='lat' dir='ltr'>te</span> <span class='ocrx_word' id='word_1_94' title='bbox 941 1370 1133 1434; x_wconf 80' lang='lat' dir='ltr'>morositatis</span> <span class='ocrx_word' id='word_1_95' title='bbox 1154 1378 1206 1434; x_wconf 92' lang='lat' dir='ltr'>tue</span> <span class='ocrx_word' id='word_1_96' title='bbox 1229 1390 1267 1435; x_wconf 90' lang='lat' dir='ltr'>ac</span> <span class='ocrx_word' id='word_1_97' title='bbox 1288 1370 1526 1435; x_wconf 84' lang='lat' dir='ltr'>obtrectationis</span> <span class='ocrx_word' id='word_1_98' title='bbox 1548 1369 1637 1452; x_wconf 90' lang='lat' dir='ltr'>peni-</span> 
     </span>
     <span class='ocr_line' id='line_1_12' title="bbox 327 1471 1636 1555; baseline -0.002 -19"><span class='ocrx_word' id='word_1_99' title='bbox 327 1473 415 1537; x_wconf 89' lang='lat' dir='ltr'>tebit.</span> <span class='ocrx_word' id='word_1_100' title='bbox 452 1472 558 1536; x_wconf 92' lang='lat' dir='ltr'>Voluit</span> <span class='ocrx_word' id='word_1_101' title='bbox 575 1479 702 1536; x_wconf 88' lang='lat' dir='ltr'>eternus</span> <span class='ocrx_word' id='word_1_102' title='bbox 721 1481 821 1555; x_wconf 91' lang='lat' dir='ltr'>pater,</span> <span class='ocrx_word' id='word_1_103' title='bbox 842 1491 882 1534; x_wconf 92' lang='lat' dir='ltr'>ne</span> <span class='ocrx_word' id='word_1_104' title='bbox 898 1481 1063 1555; x_wconf 89' lang='lat' dir='ltr'>suspectus</span> <span class='ocrx_word' id='word_1_105' title='bbox 1079 1480 1162 1536; x_wconf 88' lang='lat' dir='ltr'>esset</span> <span class='ocrx_word' id='word_1_106' title='bbox 1179 1472 1237 1536; x_wconf 88' lang='lat' dir='ltr'>tibi</span> <span class='ocrx_word' id='word_1_107' title='bbox 1256 1491 1358 1536; x_wconf 89' lang='lat' dir='ltr'>sermo</span> <span class='ocrx_word' id='word_1_108' title='bbox 1372 1479 1478 1536; x_wconf 87' lang='lat' dir='ltr'>noster</span> <span class='ocrx_word' id='word_1_109' title='bbox 1490 1471 1636 1552; x_wconf 82' lang='lat' dir='ltr'>obiurga·</span> 
     </span>
     <span class='ocr_line' id='line_1_13' title="bbox 327 1572 1635 1654; baseline -0.001 -17"><span class='ocrx_word' id='word_1_110' title='bbox 327 1574 435 1638; x_wconf 89' lang='lat' dir='ltr'>torius.</span> <span class='ocrx_word' id='word_1_111' title='bbox 477 1574 597 1638; x_wconf 87' lang='lat' dir='ltr'>inuno</span> <span class='ocrx_word' id='word_1_112' title='bbox 617 1573 960 1638; x_wconf 85' lang='lat' dir='ltr'>etmussalllutiauurn</span> <span class='ocrx_word' id='word_1_113' title='bbox 978 1593 1084 1638; x_wconf 89' lang='lat' dir='ltr'>carere</span> <span class='ocrx_word' id='word_1_114' title='bbox 1103 1572 1175 1637; x_wconf 88' lang='lat' dir='ltr'>lide.</span> <span class='ocrx_word' id='word_1_115' title='bbox 1218 1573 1371 1652; x_wconf 81' lang='lat' dir='ltr'>Quorsum</span> <span class='ocrx_word' id='word_1_116' title='bbox 1390 1573 1471 1638; x_wconf 80' lang='lat' dir='ltr'>hee?</span> <span class='ocrx_word' id='word_1_117' title='bbox 1512 1573 1635 1654; x_wconf 82' lang='lat' dir='ltr'>Nempe</span> 
     </span>
     <span class='ocr_line' id='line_1_14' title="bbox 328 1674 1636 1753; baseline -0.004 -13"><span class='ocrx_word' id='word_1_118' title='bbox 328 1685 361 1740; x_wconf 92' lang='lat' dir='ltr'>ut</span> <span class='ocrx_word' id='word_1_119' title='bbox 390 1677 569 1740; x_wconf 90' lang='lat' dir='ltr'>contuearis</span> <span class='ocrx_word' id='word_1_120' title='bbox 596 1695 697 1740; x_wconf 86' lang='lat' dir='ltr'>meam</span> <span class='ocrx_word' id='word_1_121' title='bbox 730 1677 944 1740; x_wconf 90' lang='lat' dir='ltr'>innocentiam</span> <span class='ocrx_word' id='word_1_122' title='bbox 972 1675 1003 1739; x_wconf 92' lang='lat' dir='ltr'>in</span> <span class='ocrx_word' id='word_1_123' title='bbox 1033 1676 1210 1741; x_wconf 88' lang='lat' dir='ltr'>clarissima</span> <span class='ocrx_word' id='word_1_124' title='bbox 1241 1677 1387 1740; x_wconf 84' lang='lat' dir='ltr'>veritatis</span> <span class='ocrx_word' id='word_1_125' title='bbox 1417 1675 1494 1739; x_wconf 91' lang='lat' dir='ltr'>luce.</span> <span class='ocrx_word' id='word_1_126' title='bbox 1548 1674 1636 1753; x_wconf 81' lang='lat' dir='ltr'>Dixi,</span> 
     </span>
     <span class='ocr_line' id='line_1_15' title="bbox 327 1775 1633 1860; baseline -0.003 -18"><span class='ocrx_word' id='word_1_127' title='bbox 327 1779 445 1858; x_wconf 84' lang='lat' dir='ltr'>fateor,</span> <span class='ocrx_word' id='word_1_128' title='bbox 465 1778 550 1842; x_wconf 86' lang='lat' dir='ltr'>Croti</span> <span class='ocrx_word' id='word_1_129' title='bbox 572 1779 704 1842; x_wconf 87' lang='lat' dir='ltr'>literas1</span> <span class='ocrx_word' id='word_1_130' title='bbox 725 1778 903 1842; x_wconf 88' lang='lat' dir='ltr'>minutatim</span> <span class='ocrx_word' id='word_1_131' title='bbox 926 1787 1095 1860; x_wconf 88' lang='lat' dir='ltr'>concerpta</span> <span class='ocrx_word' id='word_1_132' title='bbox 1124 1777 1209 1858; x_wconf 86' lang='lat' dir='ltr'>sigui</span> <span class='ocrx_word' id='word_1_133' title='bbox 1233 1777 1388 1842; x_wconf 82' lang='lat' dir='ltr'>ustulatus</span> <span class='ocrx_word' id='word_1_134' title='bbox 1413 1776 1517 1841; x_wconf 87' lang='lat' dir='ltr'>luisse.</span> <span class='ocrx_word' id='word_1_135' title='bbox 1562 1775 1633 1840; x_wconf 90' lang='lat' dir='ltr'>Non</span> 
     </span>
     <span class='ocr_line' id='line_1_16' title="bbox 328 1877 1634 1960; baseline -0.002 -15"><span class='ocrx_word' id='word_1_136' title='bbox 328 1878 495 1959; x_wconf 84' lang='lat' dir='ltr'>credebas,</span> <span class='ocrx_word' id='word_1_137' title='bbox 521 1900 572 1943; x_wconf 91' lang='lat' dir='ltr'>me</span> <span class='ocrx_word' id='word_1_138' title='bbox 598 1879 781 1944; x_wconf 84' lang='lat' dir='ltr'>accusabas.</span> <span class='ocrx_word' id='word_1_139' title='bbox 831 1877 1022 1942; x_wconf 88' lang='lat' dir='ltr'>Nesciebam</span> <span class='ocrx_word' id='word_1_140' title='bbox 1052 1879 1191 1960; x_wconf 87' lang='lat' dir='ltr'>prolerre</span> <span class='ocrx_word' id='word_1_141' title='bbox 1221 1880 1442 1943; x_wconf 90' lang='lat' dir='ltr'>testimonium.</span> <span class='ocrx_word' id='word_1_142' title='bbox 1491 1878 1634 1942; x_wconf 85' lang='lat' dir='ltr'>Tandem</span> 
     </span>
     <span class='ocr_line' id='line_1_17' title="bbox 327 1979 1636 2062; baseline -0.002 -15"><span class='ocrx_word' id='word_1_143' title='bbox 327 2002 396 2047; x_wconf 89' lang='lat' dir='ltr'>eum</span> <span class='ocrx_word' id='word_1_144' title='bbox 426 1981 627 2046; x_wconf 91' lang='lat' dir='ltr'>iureiurando</span> <span class='ocrx_word' id='word_1_145' title='bbox 653 2001 703 2045; x_wconf 90' lang='lat' dir='ltr'>me</span> <span class='ocrx_word' id='word_1_146' title='bbox 731 1999 868 2062; x_wconf 88' lang='lat' dir='ltr'>purgare</span> <span class='ocrx_word' id='word_1_147' title='bbox 899 1979 1061 2058; x_wconf 89' lang='lat' dir='ltr'>volebam,</span> <span class='ocrx_word' id='word_1_148' title='bbox 1099 1979 1212 2044; x_wconf 89' lang='lat' dir='ltr'>incidit</span> <span class='ocrx_word' id='word_1_149' title='bbox 1237 1981 1316 2044; x_wconf 91' lang='lat' dir='ltr'>l&#39;orte</span> <span class='ocrx_word' id='word_1_150' title='bbox 1347 1981 1380 2045; x_wconf 92' lang='lat' dir='ltr'>in</span> <span class='ocrx_word' id='word_1_151' title='bbox 1409 2001 1519 2044; x_wconf 89' lang='lat' dir='ltr'>manus</span> <span class='ocrx_word' id='word_1_152' title='bbox 1547 1999 1636 2044; x_wconf 87' lang='lat' dir='ltr'>meas</span> 
     </span>
     <span class='ocr_line' id='line_1_18' title="bbox 327 2081 1634 2165; baseline -0.005 -17"><span class='ocrx_word' id='word_1_153' title='bbox 327 2085 438 2148; x_wconf 91' lang='lat' dir='ltr'>cartha</span> <span class='ocrx_word' id='word_1_154' title='bbox 471 2085 607 2164; x_wconf 87' lang='lat' dir='ltr'>quedam</span> <span class='ocrx_word' id='word_1_155' title='bbox 642 2084 760 2148; x_wconf 87' lang='lat' dir='ltr'>reiecta</span> <span class='ocrx_word' id='word_1_156' title='bbox 788 2092 820 2148; x_wconf 88' lang='lat' dir='ltr'>et</span> <span class='ocrx_word' id='word_1_157' title='bbox 843 2103 997 2149; x_wconf 90' lang='lat' dir='ltr'>conversa</span> <span class='ocrx_word' id='word_1_158' title='bbox 1024 2103 1093 2147; x_wconf 91' lang='lat' dir='ltr'>cum</span> <span class='ocrx_word' id='word_1_159' title='bbox 1122 2084 1250 2165; x_wconf 89' lang='lat' dir='ltr'>pulvere</span> <span class='ocrx_word' id='word_1_160' title='bbox 1278 2082 1521 2165; x_wconf 82' lang='lat' dir='ltr'>chirographum</span> <span class='ocrx_word' id='word_1_161' title='bbox 1548 2081 1634 2145; x_wconf 82' lang='lat' dir='ltr'>Croti</span> 
     </span>
     <span class='ocr_line' id='line_1_19' title="bbox 331 2183 1635 2267; baseline -0.002 -17"><span class='ocrx_word' id='word_1_162' title='bbox 331 2187 505 2251; x_wconf 88' lang='lat' dir='ltr'>continens.</span> <span class='ocrx_word' id='word_1_163' title='bbox 547 2184 675 2264; x_wconf 85' lang='lat' dir='ltr'>Allero,</span> <span class='ocrx_word' id='word_1_164' title='bbox 700 2185 787 2266; x_wconf 87' lang='lat' dir='ltr'>lego,</span> <span class='ocrx_word' id='word_1_165' title='bbox 817 2185 938 2267; x_wconf 90' lang='lat' dir='ltr'>aspicio</span> <span class='ocrx_word' id='word_1_166' title='bbox 969 2185 1099 2248; x_wconf 89' lang='lat' dir='ltr'>limaces</span> <span class='ocrx_word' id='word_1_167' title='bbox 1127 2203 1196 2248; x_wconf 90' lang='lat' dir='ltr'>oum</span> <span class='ocrx_word' id='word_1_168' title='bbox 1225 2183 1414 2247; x_wconf 87' lang='lat' dir='ltr'>domuncula</span> <span class='ocrx_word' id='word_1_169' title='bbox 1440 2203 1460 2247; x_wconf 87' lang='lat' dir='ltr'>a</span> <span class='ocrx_word' id='word_1_170' title='bbox 1485 2204 1534 2248; x_wconf 92' lang='lat' dir='ltr'>me</span> <span class='ocrx_word' id='word_1_171' title='bbox 1553 2183 1635 2247; x_wconf 86' lang='lat' dir='ltr'>male</span> 
     </span>
     <span class='ocr_line' id='line_1_20' title="bbox 328 2285 1635 2369; baseline -0.004 -16"><span class='ocrx_word' id='word_1_172' title='bbox 328 2289 527 2353; x_wconf 84' lang='lat' dir='ltr'>deformatas.</span> <span class='ocrx_word' id='word_1_173' title='bbox 569 2287 643 2351; x_wconf 82' lang='lat' dir='ltr'>Sum</span> <span class='ocrx_word' id='word_1_174' title='bbox 674 2287 800 2369; x_wconf 85' lang='lat' dir='ltr'>ineptus</span> <span class='ocrx_word' id='word_1_175' title='bbox 820 2287 942 2368; x_wconf 78' lang='lat' dir='ltr'>pictor2</span> <span class='ocrx_word' id='word_1_176' title='bbox 973 2293 1005 2348; x_wconf 86' lang='lat' dir='ltr'>et</span> <span class='ocrx_word' id='word_1_177' title='bbox 1026 2285 1146 2349; x_wconf 82' lang='lat' dir='ltr'>excidit</span> <span class='ocrx_word' id='word_1_178' title='bbox 1165 2305 1221 2369; x_wconf 92' lang='lat' dir='ltr'>pro</span> <span class='ocrx_word' id='word_1_179' title='bbox 1249 2285 1409 2350; x_wconf 84' lang='lat' dir='ltr'>testudine</span> <span class='ocrx_word' id='word_1_180' title='bbox 1429 2285 1521 2350; x_wconf 90' lang='lat' dir='ltr'>virile</span> <span class='ocrx_word' id='word_1_181' title='bbox 1541 2306 1635 2350; x_wconf 90' lang='lat' dir='ltr'>mem-</span> 
     </span>
     <span class='ocr_line' id='line_1_21' title="bbox 328 2386 1636 2470; baseline -0.003 -16"><span class='ocrx_word' id='word_1_182' title='bbox 328 2391 427 2455; x_wconf 89' lang='lat' dir='ltr'>brum.</span> <span class='ocrx_word' id='word_1_183' title='bbox 475 2390 558 2452; x_wconf 90' lang='lat' dir='ltr'>Nam</span> <span class='ocrx_word' id='word_1_184' title='bbox 588 2389 717 2453; x_wconf 90' lang='lat' dir='ltr'>novitiis</span> <span class='ocrx_word' id='word_1_185' title='bbox 750 2388 871 2452; x_wconf 78' lang='lat' dir='ltr'>hortis3</span> <span class='ocrx_word' id='word_1_186' title='bbox 899 2388 1014 2452; x_wconf 86' lang='lat' dir='ltr'>nostris</span> <span class='ocrx_word' id='word_1_187' title='bbox 1043 2387 1076 2450; x_wconf 95' lang='lat' dir='ltr'>id</span> <span class='ocrx_word' id='word_1_188' title='bbox 1103 2387 1279 2470; x_wconf 84' lang='lat' dir='ltr'>symbolum</span> <span class='ocrx_word' id='word_1_189' title='bbox 1306 2386 1436 2469; x_wconf 83' lang='lat' dir='ltr'>ailigere</span> <span class='ocrx_word' id='word_1_190' title='bbox 1468 2386 1569 2466; x_wconf 86' lang='lat' dir='ltr'>volui,</span> <span class='ocrx_word' id='word_1_191' title='bbox 1602 2395 1636 2450; x_wconf 93' lang='lat' dir='ltr'>ut</span> 
     </span>
     <span class='ocr_line' id='line_1_22' title="bbox 328 2487 1638 2572; baseline -0.004 -17"><span class='ocrx_word' id='word_1_192' title='bbox 328 2493 424 2572; x_wconf 88' lang='lat' dir='ltr'>vulgo</span> <span class='ocrx_word' id='word_1_193' title='bbox 438 2492 676 2554; x_wconf 89' lang='lat' dir='ltr'>nominarentur</span> <span class='ocrx_word' id='word_1_194' title='bbox 692 2511 759 2553; x_wconf 83' lang='lat' dir='ltr'>aum</span> <span class='ocrx_word' id='word_1_195' title='bbox 777 2490 1053 2555; x_wconf 88' lang='lat' dir='ltr'>Schneckenborn.</span> <span class='ocrx_word' id='word_1_196' title='bbox 1087 2489 1155 2553; x_wconf 90' lang='lat' dir='ltr'>Hae</span> <span class='ocrx_word' id='word_1_197' title='bbox 1173 2490 1402 2553; x_wconf 88' lang='lat' dir='ltr'>commaculata</span> <span class='ocrx_word' id='word_1_198' title='bbox 1418 2487 1568 2553; x_wconf 86' lang='lat' dir='ltr'>schedula</span> <span class='ocrx_word' id='word_1_199' title='bbox 1584 2509 1638 2552; x_wconf 84' lang='lat' dir='ltr'>ex-</span> 
     </span>
    </p>
   </div>
   <div class='ocr_carea' id='block_1_4' title="bbox 264 2590 1640 3268">
    <p class='ocr_par' dir='ltr' id='par_1_5' title="bbox 264 2590 1640 3268">
     <span class='ocr_line' id='line_1_23' title="bbox 264 2590 1638 2676; baseline -0.001 -20"><span class='ocrx_word' id='word_1_200' title='bbox 264 2607 268 2616; x_wconf 85' lang='lat'>&#39;</span> <span class='ocrx_word' id='word_1_201' title='bbox 328 2594 443 2656; x_wconf 88' lang='lat' dir='ltr'>citatus</span> <span class='ocrx_word' id='word_1_202' title='bbox 463 2592 605 2656; x_wconf 86' lang='lat' dir='ltr'>subverti</span> <span class='ocrx_word' id='word_1_203' title='bbox 620 2599 718 2655; x_wconf 90' lang='lat' dir='ltr'>totum</span> <span class='ocrx_word' id='word_1_204' title='bbox 732 2591 1008 2676; x_wconf 89' lang='lat' dir='ltr'>carthophilatium</span> <span class='ocrx_word' id='word_1_205' title='bbox 1028 2592 1059 2655; x_wconf 91' lang='lat' dir='ltr'>in</span> <span class='ocrx_word' id='word_1_206' title='bbox 1077 2591 1210 2656; x_wconf 89' lang='lat' dir='ltr'>hiberno</span> <span class='ocrx_word' id='word_1_207' title='bbox 1227 2590 1376 2655; x_wconf 89' lang='lat' dir='ltr'>triclinio.</span> <span class='ocrx_word' id='word_1_208' title='bbox 1400 2598 1434 2654; x_wconf 95' lang='lat' dir='ltr'>ut</span> <span class='ocrx_word' id='word_1_209' title='bbox 1451 2609 1638 2672; x_wconf 78' lang='lat' dir='ltr'>gemianurn</span> 
     </span>
     <span class='ocr_line' id='line_1_24' title="bbox 330 2691 1640 2776; baseline 0 -20"><span class='ocrx_word' id='word_1_210' title='bbox 330 2694 482 2775; x_wconf 88' lang='lat' dir='ltr'>quiddam</span> <span class='ocrx_word' id='word_1_211' title='bbox 504 2712 542 2757; x_wconf 88' lang='lat' dir='ltr'>ac</span> <span class='ocrx_word' id='word_1_212' title='bbox 563 2694 714 2758; x_wconf 90' lang='lat' dir='ltr'>sororium</span> <span class='ocrx_word' id='word_1_213' title='bbox 740 2695 963 2776; x_wconf 89' lang='lat' dir='ltr'>perquirerem.</span> <span class='ocrx_word' id='word_1_214' title='bbox 1005 2693 1134 2775; x_wconf 86' lang='lat' dir='ltr'>Reperti</span> <span class='ocrx_word' id='word_1_215' title='bbox 1156 2700 1228 2756; x_wconf 87' lang='lat' dir='ltr'>sunt</span> <span class='ocrx_word' id='word_1_216' title='bbox 1253 2691 1315 2758; x_wconf 90' lang='lat' dir='ltr'>duo</span> <span class='ocrx_word' id='word_1_217' title='bbox 1343 2700 1453 2770; x_wconf 86' lang='lat' dir='ltr'>testes,</span> <span class='ocrx_word' id='word_1_218' title='bbox 1484 2712 1523 2757; x_wconf 89' lang='lat' dir='ltr'>ue</span> <span class='ocrx_word' id='word_1_219' title='bbox 1552 2692 1640 2757; x_wconf 85' lang='lat' dir='ltr'>solus</span> 
     </span>
     <span class='ocr_line' id='line_1_25' title="bbox 330 2793 1638 2879; baseline -0.003 -20"><span class='ocrx_word' id='word_1_220' title='bbox 330 2803 429 2860; x_wconf 86' lang='lat' dir='ltr'>staret</span> <span class='ocrx_word' id='word_1_221' title='bbox 444 2795 587 2879; x_wconf 89' lang='lat' dir='ltr'>Priapus,</span> <span class='ocrx_word' id='word_1_222' title='bbox 610 2795 690 2858; x_wconf 90' lang='lat' dir='ltr'>alter</span> <span class='ocrx_word' id='word_1_223' title='bbox 702 2796 904 2876; x_wconf 82' lang='lat' dir='ltr'>semigrecus,</span> <span class='ocrx_word' id='word_1_224' title='bbox 927 2795 1007 2860; x_wconf 89' lang='lat' dir='ltr'>alter</span> <span class='ocrx_word' id='word_1_225' title='bbox 1022 2795 1266 2870; x_wconf 66' lang='lat' dir='ltr'>semibarbarus,</span> <span class='ocrx_word' id='word_1_226' title='bbox 1290 2803 1420 2875; x_wconf 88' lang='lat' dir='ltr'>uterque</span> <span class='ocrx_word' id='word_1_227' title='bbox 1434 2793 1495 2857; x_wconf 89' lang='lat' dir='ltr'>fide</span> <span class='ocrx_word' id='word_1_228' title='bbox 1510 2795 1638 2874; x_wconf 85' lang='lat' dir='ltr'>dignus.</span> 
     </span>
     <span class='ocr_line' id='line_1_26' title="bbox 329 2895 1639 2982; baseline -0.003 -20"><span class='ocrx_word' id='word_1_229' title='bbox 329 2897 356 2962; x_wconf 93' lang='grc' dir='ltr'>Ο</span> <span class='ocrx_word' id='word_1_230' title='bbox 387 2917 443 2962; x_wconf 90' lang='lat' dir='ltr'>vos</span> <span class='ocrx_word' id='word_1_231' title='bbox 467 2897 753 2982; x_wconf 87' lang='lat' dir='ltr'>auspiciatissimas</span> <span class='ocrx_word' id='word_1_232' title='bbox 781 2897 923 2960; x_wconf 87' lang='lat' dir='ltr'>chartas!</span> <span class='ocrx_word' id='word_1_233' title='bbox 952 2898 1024 2978; x_wconf 87' lang='lat' dir='ltr'>quis</span> <span class='ocrx_word' id='word_1_234' title='bbox 1050 2895 1177 2960; x_wconf 90' lang='lat' dir='ltr'>deorum</span> <span class='ocrx_word' id='word_1_235' title='bbox 1207 2895 1400 2960; x_wconf 77' lang='lat' dir='ltr'>defendebat</span> <span class='ocrx_word' id='word_1_236' title='bbox 1429 2915 1486 2959; x_wconf 84' lang='lat' dir='ltr'>vos</span> <span class='ocrx_word' id='word_1_237' title='bbox 1515 2895 1557 2959; x_wconf 89' lang='lat' dir='ltr'>ab</span> <span class='ocrx_word' id='word_1_238' title='bbox 1589 2896 1639 2959; x_wconf 91' lang='lat' dir='ltr'>in·</span> 
     </span>
     <span class='ocr_line' id='line_1_27' title="bbox 330 2998 1639 3082; baseline -0.002 -19"><span class='ocrx_word' id='word_1_239' title='bbox 330 2999 424 3063; x_wconf 90' lang='lat' dir='ltr'>teritu</span> <span class='ocrx_word' id='word_1_240' title='bbox 453 3006 485 3063; x_wconf 90' lang='lat' dir='ltr'>et</span> <span class='ocrx_word' id='word_1_241' title='bbox 512 2998 646 3064; x_wconf 83' lang='lat' dir='ltr'>favilla?</span> <span class='ocrx_word' id='word_1_242' title='bbox 692 2998 828 3062; x_wconf 88' lang='lat' dir='ltr'>Periisse</span> <span class='ocrx_word' id='word_1_243' title='bbox 859 2999 1028 3082; x_wconf 88' lang='lat' dir='ltr'>putabam,</span> <span class='ocrx_word' id='word_1_244' title='bbox 1056 3017 1124 3062; x_wconf 92' lang='lat' dir='ltr'>eum</span> <span class='ocrx_word' id='word_1_245' title='bbox 1152 2998 1249 3061; x_wconf 88' lang='lat' dir='ltr'>multo</span> <span class='ocrx_word' id='word_1_246' title='bbox 1276 2998 1416 3061; x_wconf 87' lang='lat' dir='ltr'>maxima</span> <span class='ocrx_word' id='word_1_247' title='bbox 1445 3017 1518 3079; x_wconf 91' lang='lat' dir='ltr'>pars</span> <span class='ocrx_word' id='word_1_248' title='bbox 1540 2999 1639 3061; x_wconf 87' lang='lat' dir='ltr'>vestri</span> 
     </span>
     <span class='ocr_line' id='line_1_28' title="bbox 329 3094 1639 3184; baseline -0.004 -19"><span class='ocrx_word' id='word_1_249' title='bbox 329 3101 464 3165; x_wconf 89' lang='lat' dir='ltr'>ardebat</span> <span class='ocrx_word' id='word_1_250' title='bbox 490 3102 523 3165; x_wconf 92' lang='lat' dir='ltr'>in</span> <span class='ocrx_word' id='word_1_251' title='bbox 549 3100 725 3184; x_wconf 89' lang='lat' dir='ltr'>vaporario.</span> <span class='ocrx_word' id='word_1_252' title='bbox 770 3099 862 3163; x_wconf 92' lang='lat' dir='ltr'>Nunc</span> <span class='ocrx_word' id='word_1_253' title='bbox 891 3094 972 3166; x_wconf 92' lang='lat' dir='ltr'>bene</span> <span class='ocrx_word' id='word_1_254' title='bbox 1001 3101 1105 3164; x_wconf 86' lang='lat' dir='ltr'>habet.</span> <span class='ocrx_word' id='word_1_255' title='bbox 1148 3100 1246 3167; x_wconf 86' lang='lat' dir='ltr'>Salva</span> <span class='ocrx_word' id='word_1_256' title='bbox 1270 3099 1350 3162; x_wconf 88' lang='lat' dir='ltr'>fides</span> <span class='ocrx_word' id='word_1_257' title='bbox 1377 3105 1483 3162; x_wconf 88' lang='lat' dir='ltr'>nostra</span> <span class='ocrx_word' id='word_1_258' title='bbox 1509 3098 1639 3162; x_wconf 86' lang='lat' dir='ltr'>durabit</span> 
     </span>
     <span class='ocr_line' id='line_1_29' title="bbox 331 3203 847 3268; baseline -0.004 -2"><span class='ocrx_word' id='word_1_259' title='bbox 331 3204 362 3266; x_wconf 94' lang='lat' dir='ltr'>in</span> <span class='ocrx_word' id='word_1_260' title='bbox 385 3203 492 3267; x_wconf 87' lang='lat' dir='ltr'>secula</span> <span class='ocrx_word' id='word_1_261' title='bbox 512 3204 696 3268; x_wconf 88' lang='lat' dir='ltr'>seculorum.</span> <span class='ocrx_word' id='word_1_262' title='bbox 737 3204 847 3265; x_wconf 81' lang='lat' dir='ltr'>Amen.</span> 
     </span>
    </p>
   </div>
   <div class='ocr_carea' id='block_1_5' title="bbox 400 3309 1024 3376">
    <p class='ocr_par' dir='ltr' id='par_1_6' title="bbox 400 3309 1024 3376">
     <span class='ocr_line' id='line_1_30' title="bbox 400 3309 1024 3376; baseline 0.002 -18"><span class='ocrx_word' id='word_1_263' title='bbox 400 3313 582 3376; x_wconf 62' lang='lat' dir='ltr'>Handsehriltl.</span> <span class='ocrx_word' id='word_1_264' title='bbox 601 3313 682 3358; x_wconf 71' lang='lat' dir='ltr'>sets</span> <span class='ocrx_word' id='word_1_265' title='bbox 702 3312 950 3360; x_wconf 63' lang='lat' dir='ltr'>rossum—soor.</span> <span class='ocrx_word' id='word_1_266' title='bbox 1021 3309 1024 3315; x_wconf 54' lang='lat'><strong>¹</strong></span> 
     </span>
    </p>
   </div>
   <div class='ocr_carea' id='block_1_6' title="bbox 332 3501 1637 3585">
    <p class='ocr_par' dir='ltr' id='par_1_7' title="bbox 332 3501 1637 3585">
     <span class='ocr_line' id='line_1_31' title="bbox 332 3501 1637 3585; baseline -0.002 -16"><span class='ocrx_word' id='word_1_267' title='bbox 332 3502 418 3569; x_wconf 73' lang='grc'><strong>5112.</strong></span> <span class='ocrx_word' id='word_1_268' title='bbox 438 3502 482 3569; x_wconf 88' lang='grc'>11.</span> <span class='ocrx_word' id='word_1_269' title='bbox 504 3521 550 3570; x_wconf 90' lang='lat' dir='ltr'>an</span> <span class='ocrx_word' id='word_1_270' title='bbox 571 3502 706 3570; x_wconf 85' lang='lat' dir='ltr'>Urbau.</span> <span class='ocrx_word' id='word_1_271' title='bbox 1140 3501 1273 3585; x_wconf 81' lang='lat' dir='ltr'>(liotha</span> <span class='ocrx_word' id='word_1_272' title='bbox 1289 3505 1385 3573; x_wconf 87' lang='grc'><strong>1515.</strong></span> <span class='ocrx_word' id='word_1_273' title='bbox 1420 3501 1521 3568; x_wconf 81' lang='lat' dir='ltr'>Eudo</span> <span class='ocrx_word' id='word_1_274' title='bbox 1537 3501 1637 3584; x_wconf 87' lang='lat' dir='ltr'>blal.)</span> 
     </span>
    </p>
   </div>
   <div class='ocr_carea' id='block_1_7' title="bbox 331 3613 1640 3954">
    <p class='ocr_par' dir='ltr' id='par_1_8' title="bbox 331 3613 1640 3954">
     <span class='ocr_line' id='line_1_32' title="bbox 401 3613 1638 3674; baseline 0.001 -16"><span class='ocrx_word' id='word_1_275' title='bbox 401 3613 463 3659; x_wconf 84' lang='grc'><strong>11111.</strong></span> <span class='ocrx_word' id='word_1_276' title='bbox 488 3614 614 3660; x_wconf 85' lang='lat' dir='ltr'>beriebtet</span> <span class='ocrx_word' id='word_1_277' title='bbox 637 3614 700 3660; x_wconf 86' lang='lat' dir='ltr'>liber</span> <span class='ocrx_word' id='word_1_278' title='bbox 730 3614 771 3660; x_wconf 88' lang='lat' dir='ltr'>ein</span> <span class='ocrx_word' id='word_1_279' title='bbox 798 3614 1039 3660; x_wconf 84' lang='lat' dir='ltr'>Gauncrstilehchon</span> <span class='ocrx_word' id='word_1_280' title='bbox 1066 3629 1117 3660; x_wconf 87' lang='lat' dir='ltr'>von</span> <span class='ocrx_word' id='word_1_281' title='bbox 1139 3613 1266 3674; x_wconf 86' lang='lat' dir='ltr'>Spalatins</span> <span class='ocrx_word' id='word_1_282' title='bbox 1289 3615 1396 3674; x_wconf 85' lang='lat' dir='ltr'>Bruder‚</span> <span class='ocrx_word' id='word_1_283' title='bbox 1424 3613 1559 3670; x_wconf 79' lang='lat' dir='ltr'>erkunrligt</span> <span class='ocrx_word' id='word_1_284' title='bbox 1584 3613 1638 3659; x_wconf 83' lang='lat' dir='ltr'>sich</span> 
     </span>
     <span class='ocr_line' id='line_1_33' title="bbox 331 3683 1640 3744; baseline -0.001 -14"><span class='ocrx_word' id='word_1_285' title='bbox 331 3685 396 3730; x_wconf 85' lang='lat' dir='ltr'>nach</span> <span class='ocrx_word' id='word_1_286' title='bbox 410 3683 532 3744; x_wconf 84' lang='lat' dir='ltr'>Petrcjus,</span> <span class='ocrx_word' id='word_1_287' title='bbox 551 3685 638 3744; x_wconf 80' lang='lat' dir='ltr'>tadelt‚</span> <span class='ocrx_word' id='word_1_288' title='bbox 658 3685 714 3730; x_wconf 85' lang='lat' dir='ltr'>dass</span> <span class='ocrx_word' id='word_1_289' title='bbox 723 3685 816 3730; x_wconf 76' lang='lat' dir='ltr'>Hessius</span> <span class='ocrx_word' id='word_1_290' title='bbox 834 3685 912 3730; x_wconf 80' lang='lat' dir='ltr'>selbst</span> <span class='ocrx_word' id='word_1_291' title='bbox 931 3686 995 3730; x_wconf 82' lang='lat' dir='ltr'>nach</span> <span class='ocrx_word' id='word_1_292' title='bbox 1014 3685 1094 3731; x_wconf 82' lang='lat' dir='ltr'>Fulda</span> <span class='ocrx_word' id='word_1_293' title='bbox 1112 3685 1192 3744; x_wconf 78' lang='lat' dir='ltr'>gehen</span> <span class='ocrx_word' id='word_1_294' title='bbox 1212 3686 1282 3731; x_wconf 50' lang='lat' dir='ltr'>avallo</span> <span class='ocrx_word' id='word_1_295' title='bbox 1303 3685 1354 3730; x_wconf 91' lang='lat' dir='ltr'>und</span> <span class='ocrx_word' id='word_1_296' title='bbox 1373 3685 1487 3729; x_wconf 87' lang='lat' dir='ltr'>wundert</span> <span class='ocrx_word' id='word_1_297' title='bbox 1504 3683 1558 3729; x_wconf 82' lang='lat' dir='ltr'>sich</span> <span class='ocrx_word' id='word_1_298' title='bbox 1578 3685 1640 3729; x_wconf 85' lang='lat' dir='ltr'>iiber</span> 
     </span>
     <span class='ocr_line' id='line_1_34' title="bbox 334 3753 1640 3814; baseline -0.002 -14"><span class='ocrx_word' id='word_1_299' title='bbox 334 3755 377 3800; x_wconf 81' lang='lat' dir='ltr'>dea</span> <span class='ocrx_word' id='word_1_300' title='bbox 395 3753 525 3799; x_wconf 76' lang='lat' dir='ltr'>Musardns</span> <span class='ocrx_word' id='word_1_301' title='bbox 544 3755 672 3814; x_wconf 85' lang='lat' dir='ltr'>Hoffnung</span> <span class='ocrx_word' id='word_1_302' title='bbox 694 3756 739 3800; x_wconf 86' lang='lat' dir='ltr'>aui</span> <span class='ocrx_word' id='word_1_303' title='bbox 759 3755 800 3800; x_wconf 90' lang='lat' dir='ltr'>dic</span> <span class='ocrx_word' id='word_1_304' title='bbox 818 3755 962 3801; x_wconf 81' lang='lat' dir='ltr'>Schbnaucr</span> <span class='ocrx_word' id='word_1_305' title='bbox 980 3755 1097 3800; x_wconf 84' lang='lat' dir='ltr'>Plriiude.</span> <span class='ocrx_word' id='word_1_306' title='bbox 1134 3755 1168 3800; x_wconf 83' lang='lat' dir='ltr'>Er</span> <span class='ocrx_word' id='word_1_307' title='bbox 1192 3755 1284 3801; x_wconf 86' lang='lat' dir='ltr'>maidct</span> <span class='ocrx_word' id='word_1_308' title='bbox 1311 3755 1359 3801; x_wconf 90' lang='lat' dir='ltr'>dan</span> <span class='ocrx_word' id='word_1_309' title='bbox 1379 3754 1494 3800; x_wconf 84' lang='lat' dir='ltr'>Vcrkebr</span> <span class='ocrx_word' id='word_1_310' title='bbox 1516 3753 1562 3798; x_wconf 86' lang='lat' dir='ltr'>mit</span> <span class='ocrx_word' id='word_1_311' title='bbox 1587 3755 1640 3798; x_wconf 82' lang='lat' dir='ltr'>llu—</span> 
     </span>
     <span class='ocr_line' id='line_1_35' title="bbox 332 3823 1640 3884; baseline -0.002 -15"><span class='ocrx_word' id='word_1_312' title='bbox 332 3824 426 3882; x_wconf 83' lang='lat' dir='ltr'>ronius,</span> <span class='ocrx_word' id='word_1_313' title='bbox 447 3838 488 3869; x_wconf 91' lang='lat' dir='ltr'>um</span> <span class='ocrx_word' id='word_1_314' title='bbox 507 3825 551 3870; x_wconf 78' lang='lat' dir='ltr'>das</span> <span class='ocrx_word' id='word_1_315' title='bbox 572 3829 760 3884; x_wconf 82' lang='lat' dir='ltr'>unausgcsetztc</span> <span class='ocrx_word' id='word_1_316' title='bbox 778 3824 925 3883; x_wconf 85' lang='lat' dir='ltr'>Spionicron</span> <span class='ocrx_word' id='word_1_317' title='bbox 945 3825 989 3870; x_wconf 89' lang='lat' dir='ltr'>dor</span> <span class='ocrx_word' id='word_1_318' title='bbox 1007 3824 1203 3883; x_wconf 77' lang='lat' dir='ltr'>Kdtclingsehen</span> <span class='ocrx_word' id='word_1_319' title='bbox 1217 3824 1291 3884; x_wconf 88' lang='lat' dir='ltr'>Sippa</span> <span class='ocrx_word' id='word_1_320' title='bbox 1310 3839 1339 3870; x_wconf 88' lang='lat' dir='ltr'>zu</span> <span class='ocrx_word' id='word_1_321' title='bbox 1358 3825 1481 3870; x_wconf 83' lang='lat' dir='ltr'>veroitelu</span> <span class='ocrx_word' id='word_1_322' title='bbox 1502 3823 1552 3869; x_wconf 90' lang='lat' dir='ltr'>und</span> <span class='ocrx_word' id='word_1_323' title='bbox 1574 3825 1640 3882; x_wconf 72' lang='lat' dir='ltr'>irrigt</span> 
     </span>
     <span class='ocr_line' id='line_1_36' title="bbox 331 3894 946 3954; baseline 0 -14"><span class='ocrx_word' id='word_1_324' title='bbox 331 3895 397 3940; x_wconf 82' lang='lat' dir='ltr'>nach</span> <span class='ocrx_word' id='word_1_325' title='bbox 414 3894 512 3940; x_wconf 83' lang='lat' dir='ltr'>Fsmels</span> <span class='ocrx_word' id='word_1_326' title='bbox 532 3895 670 3942; x_wconf 86' lang='lat' dir='ltr'>Verbalten</span> <span class='ocrx_word' id='word_1_327' title='bbox 687 3909 766 3954; x_wconf 77' lang='lat' dir='ltr'>gagen</span> <span class='ocrx_word' id='word_1_328' title='bbox 784 3895 885 3940; x_wconf 78' lang='lat' dir='ltr'>&#39;liloniu</span> <span class='ocrx_word' id='word_1_329' title='bbox 905 3909 946 3940; x_wconf 88' lang='lat' dir='ltr'>un.</span> 
     </span>
    </p>
   </div>
   <div class='ocr_carea' id='block_1_8' title="bbox 332 3977 1641 4165">
    <p class='ocr_par' dir='ltr' id='par_1_9' title="bbox 332 3977 1641 4165">
     <span class='ocr_line' id='line_1_37' title="bbox 410 3977 1641 4060; baseline -0.002 -19"><span class='ocrx_word' id='word_1_330' title='bbox 410 3978 548 4060; x_wconf 82' lang='lat' dir='ltr'>Egregie</span> <span class='ocrx_word' id='word_1_331' title='bbox 576 3981 644 4045; x_wconf 80' lang='lat' dir='ltr'>viro</span> <span class='ocrx_word' id='word_1_332' title='bbox 675 3979 826 4060; x_wconf 87' lang='lat' dir='ltr'>magistro</span> <span class='ocrx_word' id='word_1_333' title='bbox 853 3978 1013 4042; x_wconf 86' lang='lat' dir='ltr'>lieurieho</span> <span class='ocrx_word' id='word_1_334' title='bbox 1041 3979 1209 4059; x_wconf 90' lang='lat' dir='ltr'>Urbano,</span> <span class='ocrx_word' id='word_1_335' title='bbox 1240 3977 1383 4042; x_wconf 85' lang='lat' dir='ltr'>sacrifico</span> <span class='ocrx_word' id='word_1_336' title='bbox 1416 3987 1447 4042; x_wconf 92' lang='lat' dir='ltr'>et</span> <span class='ocrx_word' id='word_1_337' title='bbox 1478 3997 1641 4057; x_wconf 88' lang='lat' dir='ltr'>ecouomo,</span> 
     </span>
     <span class='ocr_line' id='line_1_38' title="bbox 332 4078 616 4165; baseline 0.004 -23"><span class='ocrx_word' id='word_1_338' title='bbox 332 4078 435 4144; x_wconf 90' lang='lat' dir='ltr'>amicb</span> <span class='ocrx_word' id='word_1_339' title='bbox 456 4081 616 4165; x_wconf 89' lang='lat' dir='ltr'>precipuo.</span> 
     </span>
    </p>
   </div>
   <div class='ocr_carea' id='block_1_9' title="bbox 333 4251 1790 4646">
    <p class='ocr_par' dir='ltr' id='par_1_10' title="bbox 395 4251 820 4326">
     <span class='ocr_line' id='line_1_39' title="bbox 395 4251 820 4326; baseline 0 -18"><span class='ocrx_word' id='word_1_340' title='bbox 395 4251 407 4293; x_wconf 89' lang='lat'>1</span> <span class='ocrx_word' id='word_1_341' title='bbox 429 4255 493 4326; x_wconf 88' lang='lat' dir='ltr'>Vgl.</span> <span class='ocrx_word' id='word_1_342' title='bbox 505 4255 552 4311; x_wconf 89' lang='lat' dir='ltr'>Br.</span> <span class='ocrx_word' id='word_1_343' title='bbox 564 4254 630 4310; x_wconf 83' lang='lat'>494.</span> <span class='ocrx_word' id='word_1_344' title='bbox 642 4254 698 4309; x_wconf 84' lang='grc'>497</span> <span class='ocrx_word' id='word_1_345' title='bbox 707 4257 820 4312; x_wconf 81' lang='grc'><strong>-500,</strong></span> 
     </span>
    </p>

    <p class='ocr_par' dir='ltr' id='par_1_11' title="bbox 396 4331 1693 4408">
     <span class='ocr_line' id='line_1_40' title="bbox 396 4331 1693 4408; baseline -0.002 -20"><span class='ocrx_word' id='word_1_346' title='bbox 396 4331 410 4373; x_wconf 77' lang='lat'><strong>2</strong></span> <span class='ocrx_word' id='word_1_347' title='bbox 431 4336 552 4390; x_wconf 89' lang='lat' dir='ltr'>Mutians</span> <span class='ocrx_word' id='word_1_348' title='bbox 573 4337 704 4392; x_wconf 85' lang='lat' dir='ltr'>Vorliebe</span> <span class='ocrx_word' id='word_1_349' title='bbox 725 4337 771 4391; x_wconf 79' lang='lat' dir='ltr'>fiir</span> <span class='ocrx_word' id='word_1_350' title='bbox 791 4337 988 4408; x_wconf 81' lang='lat' dir='ltr'>Zeiebnuugen</span> <span class='ocrx_word' id='word_1_351' title='bbox 1011 4337 1066 4390; x_wconf 93' lang='lat' dir='ltr'>und</span> <span class='ocrx_word' id='word_1_352' title='bbox 1078 4335 1227 4390; x_wconf 82' lang='lat' dir='ltr'>blalercien</span> <span class='ocrx_word' id='word_1_353' title='bbox 1250 4335 1358 4389; x_wconf 86' lang='lat' dir='ltr'>solcher</span> <span class='ocrx_word' id='word_1_354' title='bbox 1377 4333 1429 4388; x_wconf 76' lang='lat' dir='ltr'>Aa</span> <span class='ocrx_word' id='word_1_355' title='bbox 1449 4332 1558 4386; x_wconf 87' lang='lat' dir='ltr'>scheint</span> <span class='ocrx_word' id='word_1_356' title='bbox 1578 4331 1640 4386; x_wconf 88' lang='lat' dir='ltr'>sich</span> <span class='ocrx_word' id='word_1_357' title='bbox 1689 4366 1693 4385; x_wconf 77' lang='grc'><strong><em>,</em></strong></span> 
     </span>
    </p>

    <p class='ocr_par' dir='ltr' id='par_1_12' title="bbox 333 4402 1790 4646">
     <span class='ocr_line' id='line_1_41' title="bbox 333 4402 1703 4529; baseline -0.004 -59"><span class='ocrx_word' id='word_1_358' title='bbox 333 4418 406 4470; x_wconf 88' lang='lat' dir='ltr'>auch</span> <span class='ocrx_word' id='word_1_359' title='bbox 427 4416 478 4470; x_wconf 81' lang='lat' dir='ltr'>arri</span> <span class='ocrx_word' id='word_1_360' title='bbox 495 4416 587 4486; x_wconf 87' lang='lat' dir='ltr'>einige</span> <span class='ocrx_word' id='word_1_361' title='bbox 604 4417 696 4470; x_wconf 85' lang='lat' dir='ltr'>seiner</span> <span class='ocrx_word' id='word_1_362' title='bbox 714 4420 821 4488; x_wconf 81' lang='lat' dir='ltr'>jungeri</span> <span class='ocrx_word' id='word_1_363' title='bbox 842 4417 997 4488; x_wconf 81' lang='lat' dir='ltr'>Freundes,</span> <span class='ocrx_word' id='word_1_364' title='bbox 1019 4436 1039 4470; x_wconf 83' lang='lat' dir='ltr'>z.</span> <span class='ocrx_word' id='word_1_365' title='bbox 1061 4415 1094 4472; x_wconf 91' lang='lat' dir='ltr'>B.</span> <span class='ocrx_word' id='word_1_366' title='bbox 1115 4415 1167 4469; x_wconf 85' lang='lat' dir='ltr'>aui</span> <span class='ocrx_word' id='word_1_367' title='bbox 1183 4415 1280 4470; x_wconf 84' lang='lat' dir='ltr'>Justus</span> <span class='ocrx_word' id='word_1_368' title='bbox 1301 4415 1388 4470; x_wconf 85' lang='lat' dir='ltr'>Jonas</span> <span class='ocrx_word' id='word_1_369' title='bbox 1415 4414 1581 4483; x_wconf 77' lang='lat' dir='ltr'>iihcrtrngen</span> <span class='ocrx_word' id='word_1_370' title='bbox 1605 4431 1641 4466; x_wconf 82' lang='lat' dir='ltr'>au</span> <span class='ocrx_word' id='word_1_371' title='bbox 1690 4402 1703 4529; x_wconf 38' lang='lat' dir='ltr'>&#39;x</span> 
     </span>
     <span class='ocr_line' id='line_1_42' title="bbox 333 4497 1790 4646; baseline -0.003 -14"><span class='ocrx_word' id='word_1_372' title='bbox 333 4497 524 4632; x_wconf 40' lang='lat' dir='ltr'>habean&#39;Wann</span> <span class='ocrx_word' id='word_1_373' title='bbox 547 4578 654 4632; x_wconf 88' lang='lat' dir='ltr'>blutian</span> <span class='ocrx_word' id='word_1_374' title='bbox 675 4577 750 4632; x_wconf 91' lang='lat' dir='ltr'>dicsc</span> <span class='ocrx_word' id='word_1_375' title='bbox 771 4577 921 4642; x_wconf 83' lang='lat' dir='ltr'>erworbcn,</span> <span class='ocrx_word' id='word_1_376' title='bbox 941 4577 1008 4630; x_wconf 82' lang='lat' dir='ltr'>wird</span> <span class='ocrx_word' id='word_1_377' title='bbox 1030 4577 1161 4646; x_wconf 79' lang='lat' dir='ltr'>nirgcnds</span> <span class='ocrx_word' id='word_1_378' title='bbox 1180 4575 1325 4646; x_wconf 81' lang='lat' dir='ltr'>gemeldet</span> <span class='ocrx_word' id='word_1_379' title='bbox 1789 4543 1790 4548; x_wconf 15' lang='lat'>¹</span> 
     </span>
    </p>
   </div>
   <div class='ocr_carea' id='block_1_10' title="bbox 0 0 1823 5192">
    <p class='ocr_par' dir='ltr' id='par_1_13' title="bbox 0 0 1823 5192">
     <span class='ocr_line' id='line_1_43' title="bbox 0 0 1823 5192; baseline 0 0"><span class='ocrx_word' id='word_1_380' title='bbox 0 0 1823 5192; x_wconf 95' lang='lat' dir='ltr'> </span> 
     </span>
    </p>
   </div>
  </div>
 </body>
</html>
