3625 5192
324 329 373 402 164
703 339 961 409 (leschiclrtsqnellen
981 343 1029 395 der
1047 339 1121 395 Pron.
1144 341 1265 396 Suclrsen.

323 493 509 560 maledictis.
552 491 709 557 Vecordia
730 498 778 554 est
789 492 867 554 tanti
882 491 1008 574 patroni
1024 489 1130 555 ledere
1143 491 1359 556 concubinam.
1401 490 1516 555 Valeat
1526 490 1629 574 patrie

323 595 496 665 communis
517 595 654 677 Erinnys
667 596 687 658 ¹.
720 573 907 674 ⁵„Cedanrus
929 591 1036 656 Pluebo
1056 599 1087 656 et
1108 594 1218 656 moniti
1250 593 1380 659 meliora
1411 595 1628 676 sequamur2.“
1686 635 1688 638 ⁴

323 699 421 780 Audi,
451 697 527 778 quid
556 697 654 762 iaciat
683 717 738 772 rex!
767 697 797 758 in
828 715 925 776 regno
954 695 1132 759 Hessiatico
1154 696 1208 774 (de
1230 695 1474 780 lantgraphio⁸³
1494 697 1627 778 loquor).

233 789 237 796 ’
293 851 298 862 .
324 802 444 885 Agnita
466 801 664 884 possessione
690 817 757 863 mee
778 798 881 879 patrie
902 804 1007 862 scorta
1029 797 1226 862 sacerdotum
1248 797 1355 880 exegit
1377 797 1628 881 deportavitque.

324 904 472 969 Castrant
491 922 525 968 se
549 901 637 966 vidui
658 898 837 964 sacerdotes
865 899 909 962 uti
936 899 1011 962 olim
1042 899 1257 983 hierophante.
1300 899 1464 964 thanum
1484 899 1628 976 Hessum,

324 1005 612 1088 ingeniosissimum
639 1004 800 1082 iuvenem,
836 1001 951 1082 quibus
978 1002 1112 1085 poteris,
1145 1001 1476 1070 commendacionibus
1500 1002 1628 1068 adiuva.

324 1091 400 1172 Esto
421 1106 598 1171 declarator
619 1110 650 1169 et
675 1125 767 1188 preco
794 1103 922 1168 lnornoris
947 1111 979 1168 et
1002 1105 1124 1185 comple
1151 1103 1340 1168 auditorium
1361 1104 1565 1169 ornatissima
1586 1105 1629 1169 lo·

324 1209 493 1291 quacitate.
547 1208 658 1292 Nuper
688 1206 830 1270 cavillari
860 1206 953 1270 libuit
983 1209 1078 1289 super
1099 1207 1157 1270 hoc
1178 1206 1274 1270 verbo
1299 1207 1457 1290 eomplcm
1483 1208 1552 1271 risit
1572 1207 1629 1272 Pe·

325 1311 438 1391 treius,
464 1329 525 1375 non
553 1309 623 1374 risit
652 1309 810 1374 Eobeuus.
859 1307 928 1389 Ego
949 1307 1047 1373 derisi
1069 1327 1138 1383 eos,
1170 1309 1222 1388 qui
1246 1310 1373 1374 uerbum
1395 1327 1451 1372 suo
1477 1309 1631 1390 regimine

327 1413 513 1478 naudantes
533 1413 643 1476 dicunt
664 1410 903 1495 simpliciter·‚et
930 1410 1081 1496 absolute.
1125 1400 1281 1495 Complet,
1309 1411 1466 1496 deposuit,
1487 1412 1632 1476 rnutavit.
1682 1445 1689 1456 x

325 1514 410 1592 Quid
432 1515 568 1598 complet
589 1520 711 1578 amator
721 1512 848 1597 puelle?
889 1513 934 1577 Os
957 1512 1077 1594 lingua,
1098 1533 1358 1596 cunnumpenne.
1400 1513 1485 1592 Quid
1500 1513 1631 1598 deponit

325 1636 426 1682 novus
447 1615 657 1688 scolasticus?
697 1615 818 1697 Pignus
838 1613 1018 1695 fidelitatis,
1039 1614 1098 1679 hoc
1124 1622 1185 1694 est,
1206 1615 1434 1680 iusiurandum.
1477 1616 1560 1693 Quid
1583 1624 1632 1681 est

324 1724 446 1782 mutare
466 1717 554 1782 aliud
575 1737 668 1800 quam
690 1717 908 1798 hirquitallire.
950 1716 1016 1780 Hec
1041 1716 1161 1782 urbane
1188 1717 1276 1781 dicta
1301 1717 1490 1800 quibusdam
1513 1725 1547 1782 ut
1565 1738 1629 1781 mo-

324 1804 416 1901 lesta,
439 1820 559 1906 putida,
582 1821 693 1904 odiosa
716 1821 881 1901 negocium
903 1821 1072 1884 lacessunt.
1115 1819 1182 1884 Nos
1203 1839 1277 1883 vero
1299 1820 1629 1894 iooemurliberaliter.

324 1923 413 1988 Vale.
457 1937 459 1940 ·

388 2049 576 2107 sllandschristl.
595 2045 676 2096 1³86?
688 2048 729 2094 sol.
740 2047 850 2095 aaov-
861 2049 937 2096 asir.
981 2047 1055 2095 nour.
1076 2046 1100 2092 b.
1118 2047 1152 2092 Tz
1170 2047 1193 2095 S.
1208 2047 1255 2095 176
1276 2063 1320 2093 ron
1338 2048 1404 2094 Audi
1424 2048 1483 2106 quid
1503 2048 1540 2092 dia
1558 2061 1631 2093 orna-

325 2119 420 2166 tissima
437 2119 598 2178 loquacitate.

395 2241 406 2268 Ι
426 2247 457 2292 Ἰΐτ
475 2247 622 2306 landgrafio.

331 2423 404 2494 119.
423 2421 467 2488 11.
479 2440 524 2489 an
547 2421 676 2489 erotus
699 2421 902 2492 Rubeanus.
1151 2419 1407 2503 (uotuolooa).
1429 2419 1567 2487 danaar
1577 2421 1630 2488 17

398 2551 459 2598 Mnt.
477 2551 578 2610 erziihlt‚
598 2552 708 2598 welches
718 2551 837 2611 Anklang
851 2551 895 2597 das
905 2550 1013 2597 Gedicht
1027 2550 1070 2596 dum¹
1079 2549 1165 2596 Eobsn
1178 2549 1271 2595 Remus
1285 2549 1331 2595 aui
1337 2549 1395 2597 doli.
1405 2549 1573 2606 Engcllr'lndor
1591 2549 1632 2594 boi

329 2624 385 2669 dem
413 2622 484 2668 dariu
511 2621 655 2668 Geleierten
678 2621 810 2680 geltruden.
850 2621 910 2667 Vom
934 2622 997 2666 Hele
1022 2620 1162 2668 Friedriehs
1185 2620 1228 2666 des
1246 2619 1349 2666 ll'eisen
1374 2619 1438 2666 habe
1462 2635 1488 2666 er
1516 2620 1631 2680 gilnstige

332 2691 503 2740 Naclrrielrtea
522 2691 582 2738 iiber
599 2691 711 2752 Spalntin
731 2693 886 2752 empfaugen.
992 2718 996 2727 ·

409 2813 494 2894 Vidi,
516 2813 616 2894 Crete,
638 2813 704 2878 vidi
717 2815 849 2896 poema4
870 2813 970 2876 mirae
992 2811 1170 2890 suauitatis,
1191 2809 1275 2892 quod
1291 2815 1513 2874 conterraneus
1534 2827 1631 2884 meus,

328 2917 481 2999 magister
501 2914 718 2997 designatus5,
740 2915 937 2979 consecravit
959 2913 1205 2996 angeltendrm,
1234 2913 1302 2976 viro
1323 2912 1441 2976 diserto
1462 2919 1494 2976 ct
1515 2911 1632 2976 beatis·

330 3021 418 3084 sinuo.
461 3017 543 3096 Quid
556 3019 705 3098 quaeris?
746 3017 835 3081 Nihil
849 3022 1034 3101 potestesse
1051 3015 1183 3079 dulcius.
1226 3013 1310 3092 Quid
1322 3015 1508 3096 praeterea?
1542 3013 1633 3078 Adeo

328 3121 449 3206 placuit
469 3119 579 3184 uxori⁷
605 3120 864 3199 formosissimae,
887 3125 920 3183 ut
940 3119 1072 3182 mantus
1093 3136 1152 3181 sua
1172 3116 1204 3181 id
1230 3135 1325 3180 manu
1347 3116 1540 3200 descriptum
1562 3134 1633 3180 cum

327 3223 564 3305 elegantissima
591 3229 622 3288 et
649 3223 842 3304 gravissima
867 3221 1005 3304 epistola
1030 3220 1123 3286 nobis
1149 3220 1366 3284 transmiserit.
1411 3217 1499 3296 'Quid
1519 3218 1633 3282 aliud?

326 3323 495 3389 Praedicat
515 3324 713 3388 alacritatem
735 3331 767 3388 et
787 3324 903 3408 stylum
918 3322 1041 3386 Eobani
1062 3321 1201 3405 mihique
1223 3323 1345 3404 gratias
1367 3321 1445 3404 agit,
1466 3320 1549 3402 quod
1571 3339 1632 3401 ego

391 3626 401 3669 ¹
425 3631 504 3687 Nach
525 3632 630 3704 Vergil,
653 3628 882 3698 nomismate.
924 3627 1026 3684 Troiae
1047 3635 1075 3682 et
1090 3628 1195 3699 patriae
1217 3628 1372 3694 eommunis
1392 3626 1498 3698 Erinys

389 3707 402 3750 2
425 3712 530 3784 Vergil,
544 3712 646 3766 Aeneis
656 3711 709 3780 ΙΙΙ,
720 3711 787 3766 188.

389 3787 403 3830 3
426 3793 570 3864 Landgraf
587 3791 721 3846 Wilhelm
740 3792 776 3847 ΙΙ.

387 3867 550 3928 ⁴Eobanus
573 3873 677 3927 Hessus
698 3873 815 3926 richtete
845 3890 879 3927 an
904 3873 1000 3926 seinen
1021 3872 1196 3926 larnlsrnann
1218 3871 1360 3926 Johannes
1381 3869 1568 3940 Eugnlliinder
1587 3870 1632 3924 ein

326 3953 448 4008 Gedicht
474 3952 561 4008 vollen·
581 3951 829 4008 Schmeieheleien.
872 3952 1007 4006 Dasselbc
1035 3952 1072 4004 ist
1090 3951 1117 4005 in
1140 3953 1201 4006 dem
1227 3951 1304 4004 1509
1326 3950 1522 4005 enschionenon
1543 3951 1632 4004 Buco-

329 4034 403 4086 licon
424 4033 597 4102 ahgedruclrt
618 4032 763 4102 (sollll).

389 4109 403 4150 5
424 4113 486 4166 Den
505 4113 705 4184 Magistergrad
732 4113 836 4168 erwarb
864 4113 923 4168 sich
941 4112 1012 4183 Folo.
1035 4112 1139 4166 Ilessus
1161 4111 1247 4164 1509.
1288 4111 1326 4164 Er
1346 4112 1395 4166 lrat
1415 4110 1459 4164 die
1480 4111 1524 4164 11.
1546 4110 1632 4164 Scotto

330 4201 410 4246 untur
431 4193 483 4248 den
507 4194 534 4246 in
556 4194 658 4248 diesem
681 4194 765 4249 Jahro
789 4192 980 4248 Graduierten.

391 4269 404 4311 ‘³'
426 4273 480 4328 Dic
501 4273 656 4346 Widmnng
683 4276 731 4328 des
749 4274 918 4328 Bucolicons
942 4273 1106 4327 bezeichnet
1133 4272 1181 4326 ihn
1203 4273 1244 4328 alo
1261 4271 1459 4341 „clarissimum
1480 4272 1567 4325 viram
1590 4273 1632 4326 lo·

332 4371 431 4407 currem
454 4353 641 4425 Englondrnm
653 4355 803 4410 Ductorem
817 4352 943 4428 Docnrie
953 4351 1187 4424 Cancellarioprunr
1202 4353 1305 4426 Haesie
1325 4351 1480 4422 prefectum
1492 4370 1631 4406 summurn

332 4433 506 4502 <lantone
519 4433 574 4504 dr).
616 4435 653 4487 Er
674 4435 832 4489 bekleidete
852 4434 989 4488 demnacli
1010 4432 1150 4502 ungetiihr
1169 4434 1214 4488 die
1235 4432 1371 4503 Stellung,
1392 4432 1495 4486 welche
1511 4431 1633 4488 Mutians

334 4513 440 4568 Bruder
461 4515 526 4586 inne
547 4515 652 4586 gehabt
673 4515 757 4570 hatte.

392 4589 403 4634 7
425 4593 470 4648 Sie
491 4615 546 4650 nar
566 4595 628 4650 cine
646 4596 785 4667 gelrorone
805 4595 897 4649 Hales.
