3625 5192
658 347 747 401 Brieie
766 347 886 403 hlutians
903 353 962 406 618.
982 351 1041 405 619.
1127 397 1130 404 .
1450 356 1503 408 295

198 493 337 557 salutant
358 493 571 610 iiirttteidiusl
597 502 630 560 et
651 495 891 562 Sebastianus.²
923 499 1009 564 Bene
1031 501 1104 566 vale
1124 509 1156 567 et
1177 522 1274 586 seepe
1296 505 1398 568 scribe
1420 505 1503 588 priu-

218 615 271 659 rr.
340 614 359 658 u
438 644 444 656 .

198 615 250 678 cp
278 595 443 763 1111111111
464 697 625 765 hiberna3
643 700 822 766 MDXXIH
844 702 955 768 Idibus
977 705 1181 787 Septembris,

275 809 279 817 '
964 807 1156 888 Georgius
1179 808 1420 892 Spalatiuus.

267 941 341 990 Godr.
364 939 389 999 1)
408 941 475 989 Tort.
494 943 537 990 lib.
556 945 599 992 fol.
618 946 687 993 Cdv
698 973 719 978 -
732 947 802 996 041.
839 943 869 1009 2)
886 948 929 994 Tz.
948 949 1000 997 Rol.
1022 965 1059 1009 op
1079 950 1139 998 brut
1159 946 1184 998 S.
1196 949 1268 998 58-
1277 951 1317 1000 59.

198 1228 553 1301 619.11.1111110111111
574 1231 723 1304 Hessns.
812 1232 945 1316 (dotba
966 1235 1063 1305 1523.
1098 1234 1196 1303 Neeh
1217 1237 1250 1308 e.
1272 1236 1500 1318 November.)

265 1372 327 1418 11111,
346 1373 433 1429 meist,
454 1374 546 1420 Hossua
564 1377 643 1435 mbge,
662 1391 735 1421 worm
756 1391 783 1422 er
800 1391 852 1422 nun
871 1377 963 1422 einmni
983 1378 1087 1424 Proteus
1107 1377 1161 1424 sein
1177 1379 1256 1428 welle.
1277 1378 1341 1424 such
1354 1377 1499 1424 sichardom

195 1436 367 1490 Sebidhrneho
386 1443 535 1503 ambiebam,
558 1444 590 1490 ist
609 1447 636 1492 in
655 1446 752 1493 Betreff
767 1446 810 1492 des
828 1446 1023 1494 himmerisehen
1038 1448 1153 1494 DunheIs
1171 1449 1217 1494 mit
1236 1448 1288 1493 ihm
1308 1447 1377 1494 einer
1395 1447 1501 1494 Ansirht

197 1514 249 1627 {led
266 1513 389 1629 vilissich
406 1528 469 1573 geru
487 1514 605 1562 heiohren
624 1517 714 1577 hussen,
733 1517 789 1564 deas
807 1517 852 1564 der
869 1517 1022 1564 Gestireuud
1044 1519 1104 1565 heiu
1122 1519 1189 1566 dude
1211 1519 1254 1566 soi.
1297 1517 1330 1564 Er
1355 1519 1433 1578 preist
1451 1518 1500 1564 den

223 1599 298 1631 aeeon
336 1589 396 1635 tura.

275 1699 431 1764 Conratus
452 1700 612 1764 Mutianus
633 1701 732 1766 Rufus
753 1701 845 1766 Helio
866 1701 1030 1766 Eobano
1052 1701 1175 1766 Hesso
1196 1703 1228 1766 S.

277 1801 640 1866 Fideliumanimarum⁴
660 1803 713 1867 die
734 1804 953 1868 anniversario
974 1811 1054 1883 tuas,
1073 1803 1182 1884 Hesse,
1202 1823 1221 1867 o
1244 1803 1383 1887 lepidum
1395 1813 1501 1888 caput,

195 1905 304 1987 accepi
325 1905 443 1983 literas,
471 1905 585 1986 quihus
608 1906 704 1970 avide
724 1907 868 1988 tegendis
890 1907 1023 1986 indulsi,
1050 1906 1097 1968 ite
1123 1905 1261 1970 iucunda
1288 1907 1443 1970 varietate
1470 1915 1500 1971 et

196 2005 381 2070 illecebrosa
403 2007 598 2071 iucunditate
619 2007 831 2074 delectabant.
872 2009 994 2074 Scribis
1015 2016 1046 2073 te
1058 2008 1203 2073 Proteum
1220 2027 1297 2073 esse.
1339 2009 1426 2074 Heus
1447 2009 1502 2073 tu?

195 2107 279 2188 Ergo
304 2106 383 2172 deus
409 2091 471 2173 es‘
500 2108 542 2172 m
569 2110 596 2174 si
622 2110 701 2174 deus
731 2129 781 2185 cs,
810 2111 863 2174 ubi
884 2131 957 2191 ara,
986 2110 1151 2194 tempium,
1177 2129 1287 2174 acerra
1308 2116 1360 2175 tuo
1380 2109 1502 2173 numini

196 2210 401 2275 consecrata?
447 2210 559 2276 Dices:
602 2259 619 2292 ‚‚
628 2213 764 2277 Stabant
791 2215 897 2277 omitia
924 2213 1114 2293 sublimiter,
1144 2213 1201 2277 sed
1220 2232 1290 2277 cum
1313 2229 1413 2295 nuper
1433 2211 1500 2276 divi

195 2321 332 2391 ruerent,
360 2313 476 2378 collabi
502 2315 685 2380 sensimus.“
726 2315 822 2398 Atqui
845 2316 957 2380 Proteo
985 2316 1105 2380 nullum
1130 2313 1164 2378 fit
1184 2313 1394 2395 naufragium,
1418 2319 1501 2378 tutus

194 2421 311 2480 enatat
351 2415 439 2480 Etsi
461 2423 556 2500 poete
576 2417 766 2497 dejiciuntur
786 2418 896 2499 gradu,
921 2437 992 2482 mox
1015 2419 1099 2482 subit
1112 2435 1276 2500 personam
1288 2415 1501 2496 Archigenis⁵

194 2525 226 2582 et
246 2518 419 2602 componit,
441 2519 524 2599 quod
543 2519 753 2584 Mithridates.
795 2521 830 2585 Si
852 2521 1009 2585 mixturae
1031 2520 1164 2602 pretium
1186 2537 1247 2581 non
1271 2518 1401 2597 habent,
1427 2517 1501 2581 iiico

193 2639 298 2702 regern
324 2621 400 2702 agit.
441 2621 583 2703 Regibus
604 2621 704 2705 pulsis
725 2622 834 2687 consul
862 2623 985 2687 dicitur.
1030 2621 1126 2686 Paulo
1149 2629 1220 2704 post
1247 2621 1287 2684 dc
1315 2619 1442 2686 consule
1467 2619 1502 2682 tit

194 2722 305 2788 rhetor.
327 2721 376 2787 Ee
386 2730 435 2787 est
444 2723 549 2788 Protei
560 2723 713 2788 divinitas
746 2725 909 2803 carorum,
927 2725 981 2806 qni
993 2724 1103 2788 salutis
1114 2743 1197 2788 anno
1209 2720 1501 2787 mdccccxxrlrr

193 2824 341 2890 Neseiam
371 2824 510 2903 obsedit,
542 2826 718 2890 testabatur
746 2827 899 2891 immobiii
930 2835 1093 2891 semente
1120 2827 1150 2890 in
1180 2826 1294 2890 castris
1320 2843 1501 2889 mansurum

193 2927 244 2991 vel
265 2926 365 2990 invito
387 2926 550 2991 Friderico
571 2929 674 3006 tertio,
695 2929 752 2992 sed
772 2948 812 2992 ea
833 2929 1006 3010 pertinatia
1026 2947 1137 3013 parum
1162 2935 1230 2992 erat
1250 2927 1357 3004 t'oeiiv,
1377 2926 1500 2990 resiste·

195 3029 271 3094 bant
289 3029 401 3093 Hessi:
423 3029 508 3095 intes
528 3031 743 3103 Hermaeum,
772 3032 825 3112 qui
848 3039 960 3112 postea
981 3031 1040 3096 fuit
1061 3029 1203 3113 praesul,
1226 3038 1315 3093 extra
1336 3028 1500 3106 Henricus,

192 3131 298 3211 quoad
322 3131 443 3212 cesaris
468 3151 580 3196 manus
605 3134 850 3215 supervenisset.
898 3133 990 3210 Quod
1016 3134 1043 3196 si
1064 3133 1208 3195 Proteum
1231 3132 1349 3212 egisset
1370 3130 1501 3194 Carolus

192 3233 256 3312 ilie,
283 3253 346 3297 nou
371 3232 572 3298 occubuisset
596 3234 630 3297 iu
650 3234 791 3299 Elvetiis.
832 3235 994 3318 Sapientis
1020 3240 1068 3300 est
1089 3242 1209 3297 mutare
1230 3230 1405 3309 eonsilium,
1427 3249 1501 3312 quo·

193 3334 278 3398 niem
305 3343 449 3420 tempora
475 3343 635 3401 mutentur
661 3343 693 3401 et
712 3339 828 3402 omnia.
873 3337 983 3418 itaque
1005 3335 1183 3420 prodigium
1205 3353 1268 3397 non
1289 3341 1347 3413 est,
1368 3332 1422 3414 qui
1442 3331 1499 3396 Po-

194 3504 394 3516 μ-...-.-..-

257 3611 266 3653 ¹
290 3616 352 3686 Vgl.
375 3615 489 3670 111304
511 3615 538 3671 S.
552 3617 607 3668 391
633 3617 713 3670 Amne
728 3619 755 3670 2.

253 3691 267 3734 ²
288 3695 431 3752 Sebastian
454 3695 570 3760 Schade,
592 3697 819 3751 kursiichsiseher
841 3697 894 3750 lert
917 3697 971 3749 urrd
994 3695 1108 3750 Giinrrer
1130 3696 1259 3751 biutiurrs.

252 3770 267 3815 ³
289 3775 452 3830 Scherahaft
471 3775 517 3830 frir
535 3777 681 3831 Eiseuuch.

252 3851 341 3909 ⁴Arn
365 3856 390 3910 2.
415 3856 578 3911 November.

251 3931 267 3974 5
287 3937 340 3990 Ein
363 3937 524 3991 beriihmter
544 3939 696 3992 rdnrischcr
716 3937 782 3990 Arzt
802 3944 884 3990 enter
904 3937 953 3990 der
973 3936 1133 4008 Regierung
1153 3938 1202 3990 des
1224 3936 1382 4004 Domitian,
1410 3935 1501 3988 Nerva

192 4017 249 4072 und
270 4017 380 4086 Trajan.

252 4091 267 4136 ⁶
290 4097 348 4151 Der
373 4116 427 4150 von
454 4099 557 4152 seiuem
584 4097 764 4167 Dornkepitei
793 4104 926 4151 errtsctzte
956 4097 1062 4150 Kdlner
1093 4095 1256 4150 Erebisehof
1280 4093 1422 4164 Ruprecht
1447 4112 1499 4146 von

191 4179 240 4232 der
267 4177 347 4231 Pt'slz
370 4179 447 4231 hatte
472 4195 561 4249 gegeu
587 4180 641 4231 deu
661 4177 867 4231 neuervviihiten
896 4177 1111 4230 Adruiuistrator
1140 4177 1295 4236 Hermann,
1323 4173 1499 4244 Landgrafeu

193 4276 245 4310 von
263 4257 378 4322 Hesscn‚
401 4259 468 4311 Karl
488 4260 541 4312 den
562 4259 684 4311 Kiihncn
705 4275 758 4310 von
781 4257 913 4328 Burgnud
935 4257 1072 4310 zurHilfe
1092 4256 1216 4327 gerufen.
1255 4255 1354 4308 Dieser
1375 4254 1498 4308 ersehierr

191 4338 263 4392 auch
295 4339 350 4390 und
381 4339 479 4392 schritt
504 4356 551 4391 zrrr
580 4339 755 4408 Belagcrrrug
783 4338 832 4390 der
857 4357 910 4391 von
945 4339 997 4390 deu
1030 4337 1134 4390 Hessen
1160 4335 1342 4406 verteidigten
1378 4334 1501 4406 Festung
1613 4353 1616 4360 ·

192 4417 296 4486 Nessa,
326 4419 429 4472 welche
457 4419 516 4472 sich
544 4419 669 4472 indesserr
698 4437 728 4470 so
758 4417 839 4488 lange
859 4418 943 4486 hicit,
969 4419 1012 4472 bis
1033 4417 1132 4471 Kaiser
1152 4416 1295 4470 Friedrich
1316 4415 1358 4468 111
1387 4415 1438 4468 mit
1453 4414 1502 4468 der

193 4498 386 4553 Reiehaarmee
418 4499 542 4552 erschien
574 4499 630 4551 und
657 4499 703 4551 die
733 4497 813 4552 Stadt
842 4499 901 4554 iuut
923 4497 1194 4553 Uebereirrkornruen
1226 4498 1279 4550 den
1303 4495 1420 4549 Hdnden
1450 4495 1498 4548 des

192 4578 371 4651 ptipstliehen
391 4578 516 4650 hegaten
537 4578 697 4650 iibergeben
717 4580 819 4636 werde.
