<?xml version="1.0" encoding="UTF-8"?>
<!DOCTYPE html PUBLIC "-//W3C//DTD XHTML 1.0 Transitional//EN"
    "http://www.w3.org/TR/xhtml1/DTD/xhtml1-transitional.dtd">
<html xmlns="http://www.w3.org/1999/xhtml" xml:lang="en" lang="en">
 <head>
  <title>
</title>
<meta http-equiv="Content-Type" content="text/html;charset=utf-8" />
  <meta name='ocr-system' content='tesseract 3.04.00' />
  <meta name='ocr-capabilities' content='ocr_page ocr_carea ocr_par ocr_line ocrx_word'/>
</head>
<body>
  <div class='ocr_page' id='page_1' title='image "./derbriefwechsel00sachgoog_0731.png"; bbox 0 0 3625 5192; ppageno 0'>
   <div class='ocr_carea' id='block_1_1' title="bbox 308 348 1240 418">
    <p class='ocr_par' dir='ltr' id='par_1_1' title="bbox 308 348 1240 418">
     <span class='ocr_line' id='line_1_1' title="bbox 308 348 1240 418; baseline -0.001 -17"><span class='ocrx_word' id='word_1_1' title='bbox 308 348 361 402; x_wconf 79' lang='lat'><strong>224</strong></span> <span class='ocrx_word' id='word_1_2' title='bbox 678 350 939 418; x_wconf 83' lang='lat' dir='ltr'><strong>Gescbicbtsqucllen</strong></span> <span class='ocrx_word' id='word_1_3' title='bbox 958 351 1006 403; x_wconf 83' lang='lat' dir='ltr'><strong>dor</strong></span> <span class='ocrx_word' id='word_1_4' title='bbox 1024 351 1098 404; x_wconf 90' lang='lat' dir='ltr'><strong>Prov.</strong></span> <span class='ocrx_word' id='word_1_5' title='bbox 1118 352 1240 405; x_wconf 84' lang='lat' dir='ltr'><strong>Seclrscn.</strong></span> 
     </span>
    </p>
   </div>
   <div class='ocr_carea' id='block_1_2' title="bbox 249 496 1617 1501">
    <p class='ocr_par' dir='ltr' id='par_1_2' title="bbox 249 496 1617 1501">
     <span class='ocr_line' id='line_1_2' title="bbox 309 496 1617 579; baseline 0.002 -18"><span class='ocrx_word' id='word_1_6' title='bbox 309 497 369 561; x_wconf 89' lang='lat' dir='ltr'><strong>hec</strong></span> <span class='ocrx_word' id='word_1_7' title='bbox 398 498 443 561; x_wconf 90' lang='lat' dir='ltr'><strong>ita</strong></span> <span class='ocrx_word' id='word_1_8' title='bbox 468 496 626 579; x_wconf 85' lang='lat' dir='ltr'><strong>accipias,</strong></span> <span class='ocrx_word' id='word_1_9' title='bbox 654 496 746 578; x_wconf 85' lang='lat' dir='ltr'><strong>quasi</strong></span> <span class='ocrx_word' id='word_1_10' title='bbox 772 497 813 560; x_wconf 95' lang='lat' dir='ltr'><strong>ad</strong></span> <span class='ocrx_word' id='word_1_11' title='bbox 842 498 968 562; x_wconf 81' lang='lat' dir='ltr'>triarios</span> <span class='ocrx_word' id='word_1_12' title='bbox 996 519 1046 563; x_wconf 89' lang='lat' dir='ltr'><strong>res</strong></span> <span class='ocrx_word' id='word_1_13' title='bbox 1073 517 1144 563; x_wconf 84' lang='lat' dir='ltr'><strong>mea</strong></span> <span class='ocrx_word' id='word_1_14' title='bbox 1171 498 1310 564; x_wconf 91' lang='lat' dir='ltr'><strong>redierit.</strong></span> <span class='ocrx_word' id='word_1_15' title='bbox 1359 500 1460 565; x_wconf 93' lang='lat' dir='ltr'><strong>Immo</strong></span> <span class='ocrx_word' id='word_1_16' title='bbox 1488 500 1617 564; x_wconf 82' lang='lat' dir='ltr'><strong>tortuna</strong></span> 
     </span>
     <span class='ocr_line' id='line_1_3' title="bbox 309 598 1617 692; baseline 0.005 -31"><span class='ocrx_word' id='word_1_17' title='bbox 309 600 388 663; x_wconf 88' lang='lat' dir='ltr'><strong>meis</strong></span> <span class='ocrx_word' id='word_1_18' title='bbox 409 598 530 663; x_wconf 87' lang='lat' dir='ltr'><strong>meritis</strong></span> <span class='ocrx_word' id='word_1_19' title='bbox 552 598 652 662; x_wconf 87' lang='lat' dir='ltr'><strong>maior</strong></span> <span class='ocrx_word' id='word_1_20' title='bbox 678 599 810 679; x_wconf 79' lang='lat' dir='ltr'><strong>arridet,</strong></span> <span class='ocrx_word' id='word_1_21' title='bbox 832 619 939 663; x_wconf 90' lang='lat' dir='ltr'><strong>verum</strong></span> <span class='ocrx_word' id='word_1_22' title='bbox 958 600 1041 666; x_wconf 91' lang='lat' dir='ltr'><strong>banc</strong></span> <span class='ocrx_word' id='word_1_23' title='bbox 1066 600 1170 692; x_wconf 80' lang='lat' dir='ltr'><strong>ipsam</strong></span> <span class='ocrx_word' id='word_1_24' title='bbox 1199 608 1231 665; x_wconf 89' lang='lat' dir='ltr'><strong>et</strong></span> <span class='ocrx_word' id='word_1_25' title='bbox 1256 602 1364 666; x_wconf 88' lang='lat' dir='ltr'><strong>multis</strong></span> <span class='ocrx_word' id='word_1_26' title='bbox 1390 609 1422 668; x_wconf 89' lang='lat' dir='ltr'><strong>et</strong></span> <span class='ocrx_word' id='word_1_27' title='bbox 1447 602 1617 668; x_wconf 80' lang='lat' dir='ltr'><strong>laboriosis</strong></span> 
     </span>
     <span class='ocr_line' id='line_1_4' title="bbox 309 700 1616 786; baseline 0.002 -21"><span class='ocrx_word' id='word_1_28' title='bbox 309 700 577 785; x_wconf 81' lang='lat' dir='ltr'><strong>praelectionibus</strong></span> <span class='ocrx_word' id='word_1_29' title='bbox 605 701 775 765; x_wconf 89' lang='lat' dir='ltr'><strong>coemimus</strong></span> <span class='ocrx_word' id='word_1_30' title='bbox 802 700 897 767; x_wconf 86' lang='lat' dir='ltr'><strong>adeo.</strong></span> <span class='ocrx_word' id='word_1_31' title='bbox 930 709 964 768; x_wconf 88' lang='lat' dir='ltr'><strong>nt</strong></span> <span class='ocrx_word' id='word_1_32' title='bbox 992 702 1073 765; x_wconf 91' lang='lat' dir='ltr'><strong>nibil</strong></span> <span class='ocrx_word' id='word_1_33' title='bbox 1102 703 1145 765; x_wconf 91' lang='lat' dir='ltr'><strong>sit</strong></span> <span class='ocrx_word' id='word_1_34' title='bbox 1169 702 1231 766; x_wconf 90' lang='lat' dir='ltr'><strong>ocii</strong></span> <span class='ocrx_word' id='word_1_35' title='bbox 1258 722 1371 786; x_wconf 88' lang='lat' dir='ltr'><strong>super,</strong></span> <span class='ocrx_word' id='word_1_36' title='bbox 1404 724 1466 786; x_wconf 88' lang='lat' dir='ltr'><strong>quo</strong></span> <span class='ocrx_word' id='word_1_37' title='bbox 1492 705 1616 786; x_wconf 87' lang='lat' dir='ltr'><strong>ingenii</strong></span> 
     </span>
     <span class='ocr_line' id='line_1_5' title="bbox 309 804 1615 888; baseline 0.003 -21"><span class='ocrx_word' id='word_1_38' title='bbox 309 822 423 869; x_wconf 91' lang='lat' dir='ltr'><strong>nervos</strong></span> <span class='ocrx_word' id='word_1_39' title='bbox 443 804 690 886; x_wconf 83' lang='lat' dir='ltr'><strong>transponendis</strong></span> <span class='ocrx_word' id='word_1_40' title='bbox 710 805 834 885; x_wconf 76' lang='lat' dir='ltr'><strong>graecis</strong></span> <span class='ocrx_word' id='word_1_41' title='bbox 854 805 1020 869; x_wconf 86' lang='lat' dir='ltr'><strong>intendere</strong></span> <span class='ocrx_word' id='word_1_42' title='bbox 1037 805 1141 869; x_wconf 91' lang='lat' dir='ltr'><strong>liceat.</strong></span> <span class='ocrx_word' id='word_1_43' title='bbox 1183 808 1325 887; x_wconf 83' lang='lat' dir='ltr'><strong>Augetur</strong></span> <span class='ocrx_word' id='word_1_44' title='bbox 1345 826 1384 870; x_wconf 89' lang='lat' dir='ltr'><strong>ao</strong></span> <span class='ocrx_word' id='word_1_45' title='bbox 1405 806 1519 872; x_wconf 86' lang='lat' dir='ltr'><strong>crescit</strong></span> <span class='ocrx_word' id='word_1_46' title='bbox 1539 826 1615 888; x_wconf 84' lang='lat' dir='ltr'><strong>quo-</strong></span> 
     </span>
     <span class='ocr_line' id='line_1_6' title="bbox 249 905 1614 989; baseline 0.002 -20"><span class='ocrx_word' id='word_1_47' title='bbox 249 944 250 947; x_wconf 60' lang='lat'><em>=</em></span> <span class='ocrx_word' id='word_1_48' title='bbox 311 906 385 971; x_wconf 90' lang='lat' dir='ltr'><strong>lidie</strong></span> <span class='ocrx_word' id='word_1_49' title='bbox 407 906 540 971; x_wconf 87' lang='lat' dir='ltr'><strong>libraria</strong></span> <span class='ocrx_word' id='word_1_50' title='bbox 560 912 667 970; x_wconf 87' lang='lat' dir='ltr'><strong>nostra</strong></span> <span class='ocrx_word' id='word_1_51' title='bbox 688 905 830 989; x_wconf 84' lang='lat' dir='ltr'><strong>supellex</strong></span> <span class='ocrx_word' id='word_1_52' title='bbox 851 906 947 983; x_wconf 88' lang='lat' dir='ltr'><strong>adeo,</strong></span> <span class='ocrx_word' id='word_1_53' title='bbox 973 915 1007 970; x_wconf 94' lang='lat' dir='ltr'><strong>ut</strong></span> <span class='ocrx_word' id='word_1_54' title='bbox 1027 908 1055 969; x_wconf 92' lang='lat' dir='ltr'><strong>si</strong></span> <span class='ocrx_word' id='word_1_55' title='bbox 1077 906 1156 970; x_wconf 90' lang='lat' dir='ltr'><strong>nibil</strong></span> <span class='ocrx_word' id='word_1_56' title='bbox 1179 906 1276 988; x_wconf 88' lang='lat' dir='ltr'><strong>aliud,</strong></span> <span class='ocrx_word' id='word_1_57' title='bbox 1298 907 1358 972; x_wconf 90' lang='lat' dir='ltr'><strong>boc</strong></span> <span class='ocrx_word' id='word_1_58' title='bbox 1378 914 1483 972; x_wconf 87' lang='lat' dir='ltr'><strong>tamen</strong></span> <span class='ocrx_word' id='word_1_59' title='bbox 1506 909 1614 973; x_wconf 87' lang='lat' dir='ltr'><strong>solatii</strong></span> 
     </span>
     <span class='ocr_line' id='line_1_7' title="bbox 309 1008 1614 1092; baseline 0.001 -19"><span class='ocrx_word' id='word_1_60' title='bbox 309 1010 341 1073; x_wconf 94' lang='lat' dir='ltr'><strong>in</strong></span> <span class='ocrx_word' id='word_1_61' title='bbox 362 1009 478 1073; x_wconf 90' lang='lat' dir='ltr'><strong>nostris</strong></span> <span class='ocrx_word' id='word_1_62' title='bbox 499 1008 638 1071; x_wconf 90' lang='lat' dir='ltr'><strong>erumnis</strong></span> <span class='ocrx_word' id='word_1_63' title='bbox 658 1008 842 1071; x_wconf 87' lang='lat' dir='ltr'><strong>habeamus.</strong></span> <span class='ocrx_word' id='word_1_64' title='bbox 886 1008 972 1073; x_wconf 89' lang='lat' dir='ltr'><strong>Bene</strong></span> <span class='ocrx_word' id='word_1_65' title='bbox 994 1008 1074 1086; x_wconf 87' lang='lat' dir='ltr'><strong>vale,</strong></span> <span class='ocrx_word' id='word_1_66' title='bbox 1095 1008 1375 1092; x_wconf 86' lang='lat' dir='ltr'><strong>Mutianeoptime,</strong></span> <span class='ocrx_word' id='word_1_67' title='bbox 1396 1029 1489 1092; x_wconf 86' lang='lat' dir='ltr'><strong>quem</strong></span> <span class='ocrx_word' id='word_1_68' title='bbox 1512 1010 1614 1074; x_wconf 90' lang='lat' dir='ltr'><strong>solnm</strong></span> 
     </span>
     <span class='ocr_line' id='line_1_8' title="bbox 309 1110 1612 1193; baseline -0.001 -17"><span class='ocrx_word' id='word_1_69' title='bbox 309 1112 371 1176; x_wconf 90' lang='lat' dir='ltr'><strong>hac</strong></span> <span class='ocrx_word' id='word_1_70' title='bbox 383 1111 575 1176; x_wconf 84' lang='lat' dir='ltr'><strong>Germaniae</strong></span> <span class='ocrx_word' id='word_1_71' title='bbox 598 1112 711 1193; x_wconf 86' lang='lat' dir='ltr'><strong>parte1</strong></span> <span class='ocrx_word' id='word_1_72' title='bbox 728 1110 839 1189; x_wconf 89' lang='lat' dir='ltr'><strong>babeo,</strong></span> <span class='ocrx_word' id='word_1_73' title='bbox 861 1111 893 1174; x_wconf 91' lang='lat' dir='ltr'><strong>in</strong></span> <span class='ocrx_word' id='word_1_74' title='bbox 912 1111 1001 1174; x_wconf 89' lang='lat' dir='ltr'><strong>ouius</strong></span> <span class='ocrx_word' id='word_1_75' title='bbox 1016 1112 1119 1175; x_wconf 76' lang='lat' dir='ltr'><strong>sinim</strong></span> <span class='ocrx_word' id='word_1_76' title='bbox 1131 1111 1263 1175; x_wconf 84' lang='lat' dir='ltr'><strong>affectus</strong></span> <span class='ocrx_word' id='word_1_77' title='bbox 1283 1131 1371 1177; x_wconf 89' lang='lat' dir='ltr'><strong>meos</strong></span> <span class='ocrx_word' id='word_1_78' title='bbox 1383 1113 1612 1177; x_wconf 72' lang='lat' dir='ltr'><strong>transfundam.</strong></span> 
     </span>
     <span class='ocr_line' id='line_1_9' title="bbox 309 1212 1170 1295; baseline 0 -18"><span class='ocrx_word' id='word_1_79' title='bbox 309 1214 425 1277; x_wconf 88' lang='lat' dir='ltr'><strong>lterum</strong></span> <span class='ocrx_word' id='word_1_80' title='bbox 446 1213 633 1294; x_wconf 76' lang='lat' dir='ltr'><strong>valeatque</strong></span> <span class='ocrx_word' id='word_1_81' title='bbox 655 1212 784 1294; x_wconf 87' lang='lat' dir='ltr'><strong>ignosce</strong></span> <span class='ocrx_word' id='word_1_82' title='bbox 806 1218 988 1295; x_wconf 89' lang='lat' dir='ltr'><strong>extempore</strong></span> <span class='ocrx_word' id='word_1_83' title='bbox 1009 1214 1170 1277; x_wconf 82' lang='lat' dir='ltr'><strong>scribenti.</strong></span> 
     </span>
     <span class='ocr_line' id='line_1_10' title="bbox 387 1314 1017 1398; baseline -0.006 -16"><span class='ocrx_word' id='word_1_84' title='bbox 387 1316 509 1382; x_wconf 86' lang='lat' dir='ltr'><strong>Octavo</strong></span> <span class='ocrx_word' id='word_1_85' title='bbox 530 1314 695 1379; x_wconf 87' lang='lat' dir='ltr'><strong>Kalendas</strong></span> <span class='ocrx_word' id='word_1_86' title='bbox 719 1314 834 1378; x_wconf 75' lang='lat' dir='ltr'><strong>luciae.</strong></span> <span class='ocrx_word' id='word_1_87' title='bbox 877 1314 1017 1398; x_wconf 84' lang='lat' dir='ltr'><strong>Lipsiae.</strong></span> 
     </span>
     <span class='ocr_line' id='line_1_11' title="bbox 1088 1410 1531 1501; baseline 0.009 -20"><span class='ocrx_word' id='word_1_88' title='bbox 1088 1416 1281 1484; x_wconf 84' lang='lat' dir='ltr'><strong>Mosellanus</strong></span> <span class='ocrx_word' id='word_1_89' title='bbox 1302 1426 1374 1484; x_wconf 91' lang='lat' dir='ltr'><strong>tuus</strong></span> <span class='ocrx_word' id='word_1_90' title='bbox 1392 1410 1531 1501; x_wconf 81' lang='grc' dir='ltr'><strong>Φαῖδρος.</strong></span> 
     </span>
    </p>
   </div>
   <div class='ocr_carea' id='block_1_3' title="bbox 309 1539 1612 1671">
    <p class='ocr_par' dir='ltr' id='par_1_3' title="bbox 309 1539 1612 1671">
     <span class='ocr_line' id='line_1_12' title="bbox 379 1539 1612 1601; baseline -0.002 -11"><span class='ocrx_word' id='word_1_91' title='bbox 379 1541 559 1589; x_wconf 85' lang='lat' dir='ltr'><strong>Handscbriltl.</strong></span> <span class='ocrx_word' id='word_1_92' title='bbox 579 1540 640 1587; x_wconf 86' lang='lat' dir='ltr'><strong>Coll.</strong></span> <span class='ocrx_word' id='word_1_93' title='bbox 659 1540 727 1588; x_wconf 84' lang='lat' dir='ltr'><strong>Cam.</strong></span> <span class='ocrx_word' id='word_1_94' title='bbox 747 1539 812 1587; x_wconf 83' lang='lat' dir='ltr'><strong>Mon.</strong></span> <span class='ocrx_word' id='word_1_95' title='bbox 833 1543 881 1587; x_wconf 86' lang='lat' dir='ltr'><strong>vol.</strong></span> <span class='ocrx_word' id='word_1_96' title='bbox 897 1542 968 1587; x_wconf 74' lang='lat' dir='ltr'><strong>xv1.</strong></span> <span class='ocrx_word' id='word_1_97' title='bbox 988 1556 1026 1601; x_wconf 87' lang='lat' dir='ltr'><strong>ep.</strong></span> <span class='ocrx_word' id='word_1_98' title='bbox 1047 1542 1079 1588; x_wconf 80' lang='grc'><strong>18</strong></span> <span class='ocrx_word' id='word_1_99' title='bbox 1101 1541 1287 1601; x_wconf 72' lang='lat' dir='ltr'><strong>Oripr&#39;mrlbn&#39;as,</strong></span> <span class='ocrx_word' id='word_1_100' title='bbox 1312 1543 1375 1589; x_wconf 83' lang='lat' dir='ltr'><strong>doeb</strong></span> <span class='ocrx_word' id='word_1_101' title='bbox 1392 1544 1455 1589; x_wconf 73' lang='lat' dir='ltr'><strong>narb</strong></span> <span class='ocrx_word' id='word_1_102' title='bbox 1479 1545 1543 1587; x_wconf 71' lang='lat' dir='ltr'><strong>einer</strong></span> <span class='ocrx_word' id='word_1_103' title='bbox 1565 1542 1612 1587; x_wconf 76' lang='lat' dir='ltr'><strong>Br-</strong></span> 
     </span>
     <span class='ocr_line' id='line_1_13' title="bbox 309 1611 1055 1671; baseline 0 -11"><span class='ocrx_word' id='word_1_104' title='bbox 309 1616 421 1671; x_wconf 72' lang='lat' dir='ltr'><strong>rnerlrrrup</strong></span> <span class='ocrx_word' id='word_1_105' title='bbox 438 1613 475 1657; x_wconf 79' lang='lat' dir='ltr'><strong>bei</strong></span> <span class='ocrx_word' id='word_1_106' title='bbox 493 1612 537 1656; x_wconf 84' lang='lat' dir='ltr'><strong>der</strong></span> <span class='ocrx_word' id='word_1_107' title='bbox 555 1611 657 1655; x_wconf 79' lang='lat' dir='ltr'><strong>Adrcsae</strong></span> <span class='ocrx_word' id='word_1_108' title='bbox 675 1612 742 1655; x_wconf 80' lang='lat' dir='ltr'><strong>rrirbt</strong></span> <span class='ocrx_word' id='word_1_109' title='bbox 759 1627 805 1656; x_wconf 80' lang='lat' dir='ltr'><strong>corr</strong></span> <span class='ocrx_word' id='word_1_110' title='bbox 828 1612 955 1657; x_wconf 70' lang='lat' dir='ltr'><strong>dicordiam</strong></span> <span class='ocrx_word' id='word_1_111' title='bbox 971 1612 1055 1660; x_wconf 69' lang='lat' dir='ltr'><strong>dicad.</strong></span> 
     </span>
    </p>
   </div>
   <div class='ocr_carea' id='block_1_4' title="bbox 308 1822 1611 1939">
    <p class='ocr_par' dir='ltr' id='par_1_4' title="bbox 308 1822 1611 1939">
     <span class='ocr_line' id='line_1_14' title="bbox 308 1822 1611 1939; baseline -0.002 -3"><span class='ocrx_word' id='word_1_112' title='bbox 308 1869 389 1938; x_wconf 82' lang='lat' dir='ltr'><strong>seo.</strong></span> <span class='ocrx_word' id='word_1_113' title='bbox 412 1865 570 1933; x_wconf 64' lang='lat' dir='ltr'><strong>euenere</strong></span> <span class='ocrx_word' id='word_1_114' title='bbox 591 1884 636 1931; x_wconf 78' lang='lat' dir='ltr'><strong>an</strong></span> <span class='ocrx_word' id='word_1_115' title='bbox 657 1864 805 1936; x_wconf 74' lang='lat' dir='ltr'><strong>uuum.</strong></span> <span class='ocrx_word' id='word_1_116' title='bbox 841 1822 844 1829; x_wconf 75' lang='grc'><strong>’</strong></span> <span class='ocrx_word' id='word_1_117' title='bbox 1130 1822 1134 1829; x_wconf 67' lang='grc'><strong>’</strong></span> <span class='ocrx_word' id='word_1_118' title='bbox 1215 1866 1332 1936; x_wconf 69' lang='lat' dir='ltr'><strong>sotus</strong></span> <span class='ocrx_word' id='word_1_119' title='bbox 1351 1868 1450 1939; x_wconf 79' lang='lat' dir='ltr'><strong>rere.</strong></span> <span class='ocrx_word' id='word_1_120' title='bbox 1473 1866 1611 1934; x_wconf 76' lang='lat' dir='ltr'><strong>nares.</strong></span> 
     </span>
    </p>
   </div>
   <div class='ocr_carea' id='block_1_5' title="bbox 305 1990 1611 2264">
    <p class='ocr_par' dir='ltr' id='par_1_5' title="bbox 305 1990 1611 2264">
     <span class='ocr_line' id='line_1_15' title="bbox 377 1990 1611 2051; baseline -0.001 -12"><span class='ocrx_word' id='word_1_121' title='bbox 377 1993 472 2039; x_wconf 83' lang='lat' dir='ltr'><strong>Lutber</strong></span> <span class='ocrx_word' id='word_1_122' title='bbox 493 1992 662 2050; x_wconf 81' lang='lat' dir='ltr'><strong>eutsclruldigt</strong></span> <span class='ocrx_word' id='word_1_123' title='bbox 680 1991 741 2051; x_wconf 82' lang='lat' dir='ltr'><strong>sich,</strong></span> <span class='ocrx_word' id='word_1_124' title='bbox 759 1990 816 2037; x_wconf 84' lang='lat' dir='ltr'><strong>dass</strong></span> <span class='ocrx_word' id='word_1_125' title='bbox 834 2005 862 2036; x_wconf 86' lang='lat' dir='ltr'><strong>er</strong></span> <span class='ocrx_word' id='word_1_126' title='bbox 880 1991 921 2038; x_wconf 87' lang='lat' dir='ltr'><strong>bai</strong></span> <span class='ocrx_word' id='word_1_127' title='bbox 939 1991 1034 2038; x_wconf 81' lang='lat' dir='ltr'><strong>soinem</strong></span> <span class='ocrx_word' id='word_1_128' title='bbox 1049 1992 1162 2038; x_wconf 80' lang='lat' dir='ltr'><strong>Gothaar</strong></span> <span class='ocrx_word' id='word_1_129' title='bbox 1179 1993 1343 2039; x_wconf 74' lang='lat' dir='ltr'><strong>Arrionthulte</strong></span> <span class='ocrx_word' id='word_1_130' title='bbox 1351 1991 1449 2039; x_wconf 73' lang='lat' dir='ltr'><strong>lintion</strong></span> <span class='ocrx_word' id='word_1_131' title='bbox 1467 1992 1551 2038; x_wconf 82' lang='lat' dir='ltr'><strong>wodor</strong></span> <span class='ocrx_word' id='word_1_132' title='bbox 1568 1992 1611 2038; x_wconf 88' lang='lat' dir='ltr'><strong>be-</strong></span> 
     </span>
     <span class='ocr_line' id='line_1_16' title="bbox 307 2061 1611 2121; baseline -0.002 -11"><span class='ocrx_word' id='word_1_133' title='bbox 307 2064 380 2110; x_wconf 88' lang='lat' dir='ltr'><strong>sucbt</strong></span> <span class='ocrx_word' id='word_1_134' title='bbox 401 2064 465 2109; x_wconf 88' lang='lat' dir='ltr'><strong>noch</strong></span> <span class='ocrx_word' id='word_1_135' title='bbox 484 2061 644 2121; x_wconf 87' lang='lat' dir='ltr'><strong>eingeladen,</strong></span> <span class='ocrx_word' id='word_1_136' title='bbox 668 2062 732 2107; x_wconf 88' lang='lat' dir='ltr'><strong>doclr</strong></span> <span class='ocrx_word' id='word_1_137' title='bbox 751 2062 823 2107; x_wconf 73' lang='lat' dir='ltr'><strong>molle</strong></span> <span class='ocrx_word' id='word_1_138' title='bbox 848 2076 874 2107; x_wconf 89' lang='lat' dir='ltr'><strong>cr</strong></span> <span class='ocrx_word' id='word_1_139' title='bbox 894 2063 966 2107; x_wconf 86' lang='lat' dir='ltr'><strong>nicht</strong></span> <span class='ocrx_word' id='word_1_140' title='bbox 985 2064 1133 2120; x_wconf 75' lang='lat' dir='ltr'><strong>weggebon,</strong></span> <span class='ocrx_word' id='word_1_141' title='bbox 1157 2064 1222 2109; x_wconf 87' lang='lat' dir='ltr'><strong>ohne</strong></span> <span class='ocrx_word' id='word_1_142' title='bbox 1245 2063 1319 2109; x_wconf 88' lang='lat' dir='ltr'><strong>einen</strong></span> <span class='ocrx_word' id='word_1_143' title='bbox 1342 2064 1514 2109; x_wconf 83' lang='lat' dir='ltr'><strong>schriltlicben</strong></span> <span class='ocrx_word' id='word_1_144' title='bbox 1533 2063 1611 2108; x_wconf 69' lang='lat' dir='ltr'><strong>Grues</strong></span> 
     </span>
     <span class='ocr_line' id='line_1_17' title="bbox 305 2131 1609 2193; baseline -0.001 -14"><span class='ocrx_word' id='word_1_145' title='bbox 305 2134 410 2193; x_wconf 84' lang='lat' dir='ltr'><strong>gesaudt</strong></span> <span class='ocrx_word' id='word_1_146' title='bbox 430 2148 459 2179; x_wconf 86' lang='lat' dir='ltr'><strong>zu</strong></span> <span class='ocrx_word' id='word_1_147' title='bbox 478 2132 572 2191; x_wconf 86' lang='lat' dir='ltr'><strong>baben,</strong></span> <span class='ocrx_word' id='word_1_148' title='bbox 598 2147 671 2177; x_wconf 83' lang='lat' dir='ltr'><strong>vvonn</strong></span> <span class='ocrx_word' id='word_1_149' title='bbox 695 2131 747 2177; x_wconf 85' lang='lat' dir='ltr'><strong>dios</strong></span> <span class='ocrx_word' id='word_1_150' title='bbox 770 2134 833 2177; x_wconf 83' lang='lat' dir='ltr'><strong>auch</strong></span> <span class='ocrx_word' id='word_1_151' title='bbox 860 2146 907 2177; x_wconf 88' lang='lat' dir='ltr'><strong>nur</strong></span> <span class='ocrx_word' id='word_1_152' title='bbox 928 2132 955 2177; x_wconf 90' lang='lat' dir='ltr'><strong>in</strong></span> <span class='ocrx_word' id='word_1_153' title='bbox 981 2131 1125 2178; x_wconf 77' lang='lat' dir='ltr'><strong>bbur&#39;nschor</strong></span> <span class='ocrx_word' id='word_1_154' title='bbox 1141 2133 1225 2179; x_wconf 83' lang='lat' dir='ltr'><strong>Weisc</strong></span> <span class='ocrx_word' id='word_1_155' title='bbox 1247 2133 1329 2179; x_wconf 83' lang='lat' dir='ltr'><strong>einem</strong></span> <span class='ocrx_word' id='word_1_156' title='bbox 1351 2134 1453 2179; x_wconf 86' lang='lat' dir='ltr'><strong>solcbon</strong></span> <span class='ocrx_word' id='word_1_157' title='bbox 1472 2133 1609 2179; x_wconf 84' lang='lat' dir='ltr'><strong>Golebrton</strong></span> 
     </span>
     <span class='ocr_line' id='line_1_18' title="bbox 305 2202 1588 2264; baseline -0.002 -15"><span class='ocrx_word' id='word_1_158' title='bbox 305 2204 448 2264; x_wconf 81' lang='lat' dir='ltr'><strong>gcgenliber</strong></span> <span class='ocrx_word' id='word_1_159' title='bbox 463 2203 602 2262; x_wconf 79' lang='lat' dir='ltr'><strong>gescheben</strong></span> <span class='ocrx_word' id='word_1_160' title='bbox 624 2202 715 2251; x_wconf 76' lang='grc' dir='ltr'>Ιιὸιιιιο.</span> <span class='ocrx_word' id='word_1_161' title='bbox 750 2202 853 2248; x_wconf 75' lang='lat' dir='ltr'><strong>‹Jobmrn</strong></span> <span class='ocrx_word' id='word_1_162' title='bbox 874 2202 959 2261; x_wconf 58' lang='lat' dir='ltr'><strong>{sango</strong></span> <span class='ocrx_word' id='word_1_163' title='bbox 978 2202 1088 2249; x_wconf 62' lang='lat' dir='ltr'><strong>ssimum</strong></span> <span class='ocrx_word' id='word_1_164' title='bbox 1109 2203 1180 2249; x_wconf 89' lang='lat' dir='ltr'><strong>Prior</strong></span> <span class='ocrx_word' id='word_1_165' title='bbox 1199 2204 1226 2249; x_wconf 88' lang='lat' dir='ltr'><strong>in</strong></span> <span class='ocrx_word' id='word_1_166' title='bbox 1244 2204 1330 2249; x_wconf 80' lang='lat' dir='ltr'><strong>Erturt</strong></span> <span class='ocrx_word' id='word_1_167' title='bbox 1352 2208 1462 2249; x_wconf 83' lang='lat' dir='ltr'><strong>cruunrrt</strong></span> <span class='ocrx_word' id='word_1_168' title='bbox 1480 2206 1588 2250; x_wconf 76' lang='lat' dir='ltr'><strong>worden.</strong></span> 
     </span>
    </p>
   </div>
   <div class='ocr_carea' id='block_1_6' title="bbox 304 2298 1612 3099">
    <p class='ocr_par' dir='ltr' id='par_1_6' title="bbox 304 2298 1612 2484">
     <span class='ocr_line' id='line_1_19' title="bbox 385 2298 1612 2381; baseline 0 -18"><span class='ocrx_word' id='word_1_169' title='bbox 385 2299 607 2364; x_wconf 81' lang='lat' dir='ltr'><strong>llruditissimo</strong></span> <span class='ocrx_word' id='word_1_170' title='bbox 629 2306 660 2363; x_wconf 89' lang='lat' dir='ltr'><strong>et</strong></span> <span class='ocrx_word' id='word_1_171' title='bbox 681 2298 908 2364; x_wconf 88' lang='lat' dir='ltr'><strong>humanissimo</strong></span> <span class='ocrx_word' id='word_1_172' title='bbox 930 2299 1077 2363; x_wconf 79' lang='lat' dir='ltr'><strong>Conrado</strong></span> <span class='ocrx_word' id='word_1_173' title='bbox 1098 2300 1250 2381; x_wconf 86' lang='lat' dir='ltr'><strong>blotiano,</strong></span> <span class='ocrx_word' id='word_1_174' title='bbox 1272 2301 1423 2367; x_wconf 76' lang='lat' dir='ltr'><strong>canonico</strong></span> <span class='ocrx_word' id='word_1_175' title='bbox 1444 2300 1612 2381; x_wconf 84' lang='lat' dir='ltr'><strong>Gotbensi,</strong></span> 
     </span>
     <span class='ocr_line' id='line_1_20' title="bbox 304 2401 1107 2484; baseline -0.004 -17"><span class='ocrx_word' id='word_1_176' title='bbox 304 2402 424 2467; x_wconf 92' lang='lat' dir='ltr'><strong>doctori</strong></span> <span class='ocrx_word' id='word_1_177' title='bbox 447 2403 571 2479; x_wconf 83' lang='lat' dir='ltr'><strong>iuriam,</strong></span> <span class='ocrx_word' id='word_1_178' title='bbox 594 2402 651 2465; x_wconf 90' lang='lat' dir='ltr'><strong>boc</strong></span> <span class='ocrx_word' id='word_1_179' title='bbox 671 2408 727 2481; x_wconf 86' lang='lat' dir='ltr'><strong>est,</strong></span> <span class='ocrx_word' id='word_1_180' title='bbox 749 2401 868 2484; x_wconf 89' lang='lat' dir='ltr'><strong>optimo</strong></span> <span class='ocrx_word' id='word_1_181' title='bbox 890 2401 968 2465; x_wconf 91' lang='lat' dir='ltr'><strong>viro.</strong></span> <span class='ocrx_word' id='word_1_182' title='bbox 1010 2404 1107 2466; x_wconf 85' lang='lat' dir='ltr'><strong>lesus.</strong></span> 
     </span>
    </p>

    <p class='ocr_par' dir='ltr' id='par_1_7' title="bbox 304 2502 1612 3099">
     <span class='ocr_line' id='line_1_21' title="bbox 385 2502 1610 2585; baseline -0.001 -16"><span class='ocrx_word' id='word_1_183' title='bbox 385 2503 526 2569; x_wconf 80' lang='lat' dir='ltr'><strong>Salutem</strong></span> <span class='ocrx_word' id='word_1_184' title='bbox 548 2504 580 2567; x_wconf 91' lang='lat' dir='ltr'><strong>in</strong></span> <span class='ocrx_word' id='word_1_185' title='bbox 601 2502 744 2567; x_wconf 88' lang='lat' dir='ltr'><strong>Domino.</strong></span> <span class='ocrx_word' id='word_1_186' title='bbox 787 2503 878 2581; x_wconf 82' lang='lat' dir='ltr'><strong>Quod</strong></span> <span class='ocrx_word' id='word_1_187' title='bbox 900 2503 1128 2569; x_wconf 86' lang='lat' dir='ltr'><strong>humanitatem</strong></span> <span class='ocrx_word' id='word_1_188' title='bbox 1150 2511 1245 2585; x_wconf 87' lang='lat' dir='ltr'><strong>tuam,</strong></span> <span class='ocrx_word' id='word_1_189' title='bbox 1267 2506 1481 2570; x_wconf 88' lang='lat' dir='ltr'><strong>eruditissime</strong></span> <span class='ocrx_word' id='word_1_190' title='bbox 1502 2512 1535 2569; x_wconf 87' lang='lat' dir='ltr'><strong>et</strong></span> <span class='ocrx_word' id='word_1_191' title='bbox 1555 2505 1610 2569; x_wconf 93' lang='lat' dir='ltr'><strong>bu-</strong></span> 
     </span>
     <span class='ocr_line' id='line_1_22' title="bbox 305 2604 1612 2687; baseline -0.001 -15"><span class='ocrx_word' id='word_1_192' title='bbox 305 2608 487 2673; x_wconf 88' lang='lat' dir='ltr'><strong>manissime</strong></span> <span class='ocrx_word' id='word_1_193' title='bbox 515 2604 670 2687; x_wconf 78' lang='lat' dir='ltr'><strong>Matiane,</strong></span> <span class='ocrx_word' id='word_1_194' title='bbox 698 2625 759 2670; x_wconf 90' lang='lat' dir='ltr'><strong>non</strong></span> <span class='ocrx_word' id='word_1_195' title='bbox 786 2606 983 2670; x_wconf 83' lang='lat' dir='ltr'><strong>visitaverim</strong></span> <span class='ocrx_word' id='word_1_196' title='bbox 1014 2606 1186 2687; x_wconf 84' lang='lat' dir='ltr'><strong>nequead</strong></span> <span class='ocrx_word' id='word_1_197' title='bbox 1213 2626 1263 2670; x_wconf 91' lang='lat' dir='ltr'><strong>me</strong></span> <span class='ocrx_word' id='word_1_198' title='bbox 1293 2607 1510 2685; x_wconf 83' lang='lat' dir='ltr'><strong>invitaverim,</strong></span> <span class='ocrx_word' id='word_1_199' title='bbox 1536 2608 1612 2671; x_wconf 87' lang='lat' dir='ltr'><strong>fecit</strong></span> 
     </span>
     <span class='ocr_line' id='line_1_23' title="bbox 305 2708 1610 2803; baseline -0.001 -29"><span class='ocrx_word' id='word_1_200' title='bbox 305 2711 437 2803; x_wconf 75' lang='lat' dir='ltr'><strong>alterum</strong></span> <span class='ocrx_word' id='word_1_201' title='bbox 469 2708 655 2773; x_wconf 83' lang='lat' dir='ltr'><strong>festinantia</strong></span> <span class='ocrx_word' id='word_1_202' title='bbox 685 2709 831 2773; x_wconf 78' lang='lat' dir='ltr'><strong>itineris³</strong></span> <span class='ocrx_word' id='word_1_203' title='bbox 863 2709 924 2772; x_wconf 91' lang='lat' dir='ltr'><strong>mei</strong></span> <span class='ocrx_word' id='word_1_204' title='bbox 956 2710 1074 2792; x_wconf 91' lang='lat' dir='ltr'><strong>pariter</strong></span> <span class='ocrx_word' id='word_1_205' title='bbox 1105 2714 1137 2773; x_wconf 90' lang='lat' dir='ltr'><strong>et</strong></span> <span class='ocrx_word' id='word_1_206' title='bbox 1157 2709 1252 2773; x_wconf 84' lang='lat' dir='ltr'><strong>oflicii</strong></span> <span class='ocrx_word' id='word_1_207' title='bbox 1284 2709 1416 2774; x_wconf 89' lang='lat' dir='ltr'><strong>iniuncti</strong></span> <span class='ocrx_word' id='word_1_208' title='bbox 1446 2710 1610 2789; x_wconf 83' lang='lat' dir='ltr'><strong>sedulitas,</strong></span> 
     </span>
     <span class='ocr_line' id='line_1_24' title="bbox 304 2810 1612 2893; baseline -0.001 -19"><span class='ocrx_word' id='word_1_209' title='bbox 304 2812 436 2875; x_wconf 88' lang='lat' dir='ltr'><strong>alterum</strong></span> <span class='ocrx_word' id='word_1_210' title='bbox 457 2829 531 2874; x_wconf 89' lang='lat' dir='ltr'><strong>vero</strong></span> <span class='ocrx_word' id='word_1_211' title='bbox 553 2811 597 2873; x_wconf 89' lang='lat' dir='ltr'><strong>tui</strong></span> <span class='ocrx_word' id='word_1_212' title='bbox 619 2810 704 2893; x_wconf 91' lang='lat' dir='ltr'><strong>apud</strong></span> <span class='ocrx_word' id='word_1_213' title='bbox 726 2830 775 2873; x_wconf 91' lang='lat' dir='ltr'><strong>me</strong></span> <span class='ocrx_word' id='word_1_214' title='bbox 797 2810 929 2891; x_wconf 84' lang='lat' dir='ltr'><strong>grandis</strong></span> <span class='ocrx_word' id='word_1_215' title='bbox 950 2811 1058 2892; x_wconf 88' lang='lat' dir='ltr'><strong>opinio</strong></span> <span class='ocrx_word' id='word_1_216' title='bbox 1080 2818 1112 2875; x_wconf 87' lang='lat' dir='ltr'><strong>et</strong></span> <span class='ocrx_word' id='word_1_217' title='bbox 1133 2831 1210 2875; x_wconf 89' lang='lat' dir='ltr'><strong>vera</strong></span> <span class='ocrx_word' id='word_1_218' title='bbox 1226 2812 1411 2875; x_wconf 90' lang='lat' dir='ltr'><strong>reverentia.</strong></span> <span class='ocrx_word' id='word_1_219' title='bbox 1443 2812 1612 2876; x_wconf 84' lang='lat' dir='ltr'><strong>Recentior</strong></span> 
     </span>
     <span class='ocr_line' id='line_1_25' title="bbox 305 2912 1610 2993; baseline 0.001 -16"><span class='ocrx_word' id='word_1_220' title='bbox 305 2914 387 2978; x_wconf 91' lang='lat' dir='ltr'><strong>enirn</strong></span> <span class='ocrx_word' id='word_1_221' title='bbox 411 2919 460 2977; x_wconf 91' lang='lat' dir='ltr'><strong>cst</strong></span> <span class='ocrx_word' id='word_1_222' title='bbox 479 2912 642 2977; x_wconf 75' lang='lat' dir='ltr'><strong>amicitia⁴</strong></span> <span class='ocrx_word' id='word_1_223' title='bbox 664 2918 770 2976; x_wconf 89' lang='lat' dir='ltr'><strong>nostra</strong></span> <span class='ocrx_word' id='word_1_224' title='bbox 790 2920 907 2991; x_wconf 86' lang='lat' dir='ltr'><strong>mutua,</strong></span> <span class='ocrx_word' id='word_1_225' title='bbox 928 2931 1023 2993; x_wconf 88' lang='lat' dir='ltr'><strong>quam</strong></span> <span class='ocrx_word' id='word_1_226' title='bbox 1046 2920 1079 2975; x_wconf 90' lang='lat' dir='ltr'><strong>ut</strong></span> <span class='ocrx_word' id='word_1_227' title='bbox 1094 2912 1421 2976; x_wconf 86' lang='lat' dir='ltr'><strong>homiliareauderem</strong></span> <span class='ocrx_word' id='word_1_228' title='bbox 1442 2912 1485 2977; x_wconf 86' lang='lat' dir='ltr'><strong>ad</strong></span> <span class='ocrx_word' id='word_1_229' title='bbox 1507 2934 1610 2978; x_wconf 89' lang='lat' dir='ltr'><strong>meam</strong></span> 
     </span>
     <span class='ocr_line' id='line_1_26' title="bbox 305 3006 1611 3099; baseline -0.001 -20"><span class='ocrx_word' id='word_1_230' title='bbox 305 3017 494 3099; x_wconf 87' lang='lat' dir='ltr'><strong>parvitatem</strong></span> <span class='ocrx_word' id='word_1_231' title='bbox 524 3006 689 3079; x_wconf 83' lang='lat' dir='ltr'><strong>visendam</strong></span> <span class='ocrx_word' id='word_1_232' title='bbox 718 3021 804 3078; x_wconf 87' lang='lat' dir='ltr'><strong>tuam</strong></span> <span class='ocrx_word' id='word_1_233' title='bbox 833 3015 865 3077; x_wconf 92' lang='lat' dir='ltr'><strong>in</strong></span> <span class='ocrx_word' id='word_1_234' title='bbox 895 3013 995 3078; x_wconf 90' lang='lat' dir='ltr'><strong>oculis</strong></span> <span class='ocrx_word' id='word_1_235' title='bbox 1022 3015 1102 3078; x_wconf 90' lang='lat' dir='ltr'><strong>meis</strong></span> <span class='ocrx_word' id='word_1_236' title='bbox 1130 3014 1220 3078; x_wconf 91' lang='lat' dir='ltr'><strong>etin</strong></span> <span class='ocrx_word' id='word_1_237' title='bbox 1250 3035 1284 3079; x_wconf 91' lang='lat' dir='ltr'><strong>rc</strong></span> <span class='ocrx_word' id='word_1_238' title='bbox 1320 3016 1392 3098; x_wconf 86' lang='lat' dir='ltr'><strong>ipsa</strong></span> <span class='ocrx_word' id='word_1_239' title='bbox 1421 3035 1529 3080; x_wconf 88' lang='lat' dir='ltr'><strong>veram</strong></span> <span class='ocrx_word' id='word_1_240' title='bbox 1557 3036 1611 3079; x_wconf 79' lang='lat' dir='ltr'><strong>ex-</strong></span> 
     </span>
    </p>
   </div>
   <div class='ocr_carea' id='block_1_7' title="bbox 206 3114 1608 3197">
    <p class='ocr_par' dir='ltr' id='par_1_8' title="bbox 206 3114 1608 3197">
     <span class='ocr_line' id='line_1_27' title="bbox 206 3114 1608 3197; baseline -0.001 -14"><span class='ocrx_word' id='word_1_241' title='bbox 206 3142 211 3151; x_wconf 94' lang='lat'>·</span> <span class='ocrx_word' id='word_1_242' title='bbox 305 3114 494 3184; x_wconf 89' lang='lat' dir='ltr'><strong>cellentiam.</strong></span> <span class='ocrx_word' id='word_1_243' title='bbox 537 3118 602 3181; x_wconf 84' lang='lat' dir='ltr'><strong>Sed</strong></span> <span class='ocrx_word' id='word_1_244' title='bbox 622 3136 705 3180; x_wconf 92' lang='lat' dir='ltr'><strong>nunc</strong></span> <span class='ocrx_word' id='word_1_245' title='bbox 730 3136 781 3196; x_wconf 88' lang='lat' dir='ltr'><strong>co,</strong></span> <span class='ocrx_word' id='word_1_246' title='bbox 810 3135 870 3197; x_wconf 86' lang='lat' dir='ltr'><strong>quo</strong></span> <span class='ocrx_word' id='word_1_247' title='bbox 897 3115 1006 3181; x_wconf 87' lang='lat' dir='ltr'><strong>iubeor</strong></span> <span class='ocrx_word' id='word_1_248' title='bbox 1032 3121 1064 3179; x_wconf 93' lang='lat' dir='ltr'><strong>et</strong></span> <span class='ocrx_word' id='word_1_249' title='bbox 1089 3114 1199 3181; x_wconf 88' lang='lat' dir='ltr'><strong>debeo.</strong></span> <span class='ocrx_word' id='word_1_250' title='bbox 1247 3117 1343 3181; x_wconf 85' lang='lat' dir='ltr'><strong>Nolui</strong></span> <span class='ocrx_word' id='word_1_251' title='bbox 1370 3127 1477 3181; x_wconf 89' lang='lat' dir='ltr'><strong>tamen</strong></span> <span class='ocrx_word' id='word_1_252' title='bbox 1505 3126 1537 3182; x_wconf 89' lang='lat' dir='ltr'><strong>te</strong></span> <span class='ocrx_word' id='word_1_253' title='bbox 1565 3119 1608 3181; x_wconf 92' lang='lat' dir='ltr'><strong>in-</strong></span> 
     </span>
    </p>
   </div>
   <div class='ocr_carea' id='block_1_8' title="bbox 213 3217 1613 3710">
    <p class='ocr_par' dir='ltr' id='par_1_9' title="bbox 213 3217 1613 3710">
     <span class='ocr_line' id='line_1_28' title="bbox 304 3217 1610 3301; baseline -0.002 -16"><span class='ocrx_word' id='word_1_254' title='bbox 304 3221 484 3298; x_wconf 84' lang='lat' dir='ltr'><strong>salutatum,</strong></span> <span class='ocrx_word' id='word_1_255' title='bbox 506 3220 567 3284; x_wconf 91' lang='lat' dir='ltr'><strong>etsi</strong></span> <span class='ocrx_word' id='word_1_256' title='bbox 587 3218 841 3283; x_wconf 88' lang='lat' dir='ltr'><strong>subministraret</strong></span> <span class='ocrx_word' id='word_1_257' title='bbox 860 3237 950 3282; x_wconf 86' lang='lat' dir='ltr'><strong>meae</strong></span> <span class='ocrx_word' id='word_1_258' title='bbox 970 3219 1171 3301; x_wconf 82' lang='lat' dir='ltr'><strong>ignorantiae</strong></span> <span class='ocrx_word' id='word_1_259' title='bbox 1192 3226 1233 3298; x_wconf 89' lang='lat' dir='ltr'><strong>et,</strong></span> <span class='ocrx_word' id='word_1_260' title='bbox 1254 3228 1288 3283; x_wconf 92' lang='lat' dir='ltr'><strong>ut</strong></span> <span class='ocrx_word' id='word_1_261' title='bbox 1306 3219 1353 3283; x_wconf 91' lang='lat' dir='ltr'><strong>ita</strong></span> <span class='ocrx_word' id='word_1_262' title='bbox 1372 3217 1521 3300; x_wconf 85' lang='lat' dir='ltr'><strong>dixerim,</strong></span> <span class='ocrx_word' id='word_1_263' title='bbox 1542 3220 1610 3284; x_wconf 92' lang='lat' dir='ltr'><strong>illo-</strong></span> 
     </span>
     <span class='ocr_line' id='line_1_29' title="bbox 303 3320 1608 3405; baseline -0.002 -18"><span class='ocrx_word' id='word_1_264' title='bbox 303 3324 451 3405; x_wconf 84' lang='lat' dir='ltr'><strong>quentiae</strong></span> <span class='ocrx_word' id='word_1_265' title='bbox 473 3320 678 3399; x_wconf 87' lang='lat' dir='ltr'><strong>verecundia,</strong></span> <span class='ocrx_word' id='word_1_266' title='bbox 708 3320 763 3385; x_wconf 89' lang='lat' dir='ltr'><strong>sed</strong></span> <span class='ocrx_word' id='word_1_267' title='bbox 785 3322 884 3385; x_wconf 87' lang='lat' dir='ltr'><strong>vincit</strong></span> <span class='ocrx_word' id='word_1_268' title='bbox 905 3320 1037 3385; x_wconf 81' lang='lat' dir='ltr'><strong>affectus</strong></span> <span class='ocrx_word' id='word_1_269' title='bbox 1063 3320 1096 3383; x_wconf 90' lang='lat' dir='ltr'><strong>in</strong></span> <span class='ocrx_word' id='word_1_270' title='bbox 1122 3326 1154 3384; x_wconf 91' lang='lat' dir='ltr'><strong>te</strong></span> <span class='ocrx_word' id='word_1_271' title='bbox 1183 3340 1270 3384; x_wconf 89' lang='lat' dir='ltr'><strong>rrreus</strong></span> <span class='ocrx_word' id='word_1_272' title='bbox 1291 3327 1323 3384; x_wconf 92' lang='lat' dir='ltr'><strong>et</strong></span> <span class='ocrx_word' id='word_1_273' title='bbox 1343 3320 1463 3385; x_wconf 91' lang='lat' dir='ltr'><strong>salutat</strong></span> <span class='ocrx_word' id='word_1_274' title='bbox 1483 3328 1516 3384; x_wconf 88' lang='lat' dir='ltr'><strong>te</strong></span> <span class='ocrx_word' id='word_1_275' title='bbox 1537 3320 1608 3385; x_wconf 82' lang='lat' dir='ltr'><strong>doe</strong></span> 
     </span>
     <span class='ocr_line' id='line_1_30' title="bbox 304 3421 1611 3506; baseline -0.005 -16"><span class='ocrx_word' id='word_1_276' title='bbox 304 3427 475 3506; x_wconf 87' lang='lat' dir='ltr'><strong>tissimum,</strong></span> <span class='ocrx_word' id='word_1_277' title='bbox 501 3432 533 3488; x_wconf 90' lang='lat' dir='ltr'><strong>te</strong></span> <span class='ocrx_word' id='word_1_278' title='bbox 565 3423 812 3487; x_wconf 82' lang='lat' dir='ltr'><strong>delicatissimae</strong></span> <span class='ocrx_word' id='word_1_279' title='bbox 844 3421 1032 3486; x_wconf 86' lang='lat' dir='ltr'><strong>eruditionis</strong></span> <span class='ocrx_word' id='word_1_280' title='bbox 1061 3422 1162 3486; x_wconf 89' lang='lat' dir='ltr'><strong>viruin</strong></span> <span class='ocrx_word' id='word_1_281' title='bbox 1195 3421 1329 3485; x_wconf 88' lang='lat' dir='ltr'><strong>rusticus</strong></span> <span class='ocrx_word' id='word_1_282' title='bbox 1358 3422 1418 3486; x_wconf 88' lang='lat' dir='ltr'><strong>iste</strong></span> <span class='ocrx_word' id='word_1_283' title='bbox 1451 3422 1611 3505; x_wconf 86' lang='lat' dir='ltr'><strong>Corydon,</strong></span> 
     </span>
     <span class='ocr_line' id='line_1_31' title="bbox 304 3524 1611 3608; baseline -0.002 -17"><span class='ocrx_word' id='word_1_284' title='bbox 304 3526 467 3608; x_wconf 79' lang='lat' dir='ltr'><strong>Mantinea,</strong></span> <span class='ocrx_word' id='word_1_285' title='bbox 486 3527 624 3608; x_wconf 85' lang='lat' dir='ltr'><strong>inquam,</strong></span> <span class='ocrx_word' id='word_1_286' title='bbox 648 3524 800 3590; x_wconf 88' lang='lat' dir='ltr'><strong>barbarus</strong></span> <span class='ocrx_word' id='word_1_287' title='bbox 822 3531 853 3588; x_wconf 92' lang='lat' dir='ltr'><strong>et</strong></span> <span class='ocrx_word' id='word_1_288' title='bbox 875 3544 999 3607; x_wconf 88' lang='lat' dir='ltr'><strong>semper·</strong></span> <span class='ocrx_word' id='word_1_289' title='bbox 1020 3524 1100 3588; x_wconf 88' lang='lat' dir='ltr'><strong>inter</strong></span> <span class='ocrx_word' id='word_1_290' title='bbox 1115 3542 1244 3589; x_wconf 86' lang='lat' dir='ltr'><strong>anseres</strong></span> <span class='ocrx_word' id='word_1_291' title='bbox 1259 3532 1399 3608; x_wconf 89' lang='lat' dir='ltr'><strong>strepere</strong></span> <span class='ocrx_word' id='word_1_292' title='bbox 1409 3525 1532 3602; x_wconf 86' lang='lat' dir='ltr'><strong>solitus,</strong></span> <span class='ocrx_word' id='word_1_293' title='bbox 1553 3526 1611 3589; x_wconf 89' lang='lat' dir='ltr'><strong>sed</strong></span> 
     </span>
     <span class='ocr_line' id='line_1_32' title="bbox 213 3614 1613 3710; baseline -0.002 -16"><span class='ocrx_word' id='word_1_294' title='bbox 213 3652 223 3675; x_wconf 88' lang='lat'><strong>·</strong></span> <span class='ocrx_word' id='word_1_295' title='bbox 304 3631 383 3710; x_wconf 86' lang='lat' dir='ltr'><strong>solo,</strong></span> <span class='ocrx_word' id='word_1_296' title='bbox 404 3628 461 3694; x_wconf 89' lang='lat' dir='ltr'><strong>sed</strong></span> <span class='ocrx_word' id='word_1_297' title='bbox 484 3638 588 3692; x_wconf 89' lang='lat' dir='ltr'><strong>certus</strong></span> <span class='ocrx_word' id='word_1_298' title='bbox 608 3648 690 3707; x_wconf 92' lang='lat' dir='ltr'><strong>sum,</strong></span> <span class='ocrx_word' id='word_1_299' title='bbox 714 3626 841 3691; x_wconf 87' lang='lat' dir='ltr'><strong>sedvel</strong></span> <span class='ocrx_word' id='word_1_300' title='bbox 869 3645 1049 3710; x_wconf 89' lang='lat' dir='ltr'><strong>praesumo,</strong></span> <span class='ocrx_word' id='word_1_301' title='bbox 1068 3614 1153 3706; x_wconf 61' lang='lat' dir='ltr'><strong>&#39;quod</strong></span> <span class='ocrx_word' id='word_1_302' title='bbox 1180 3624 1341 3690; x_wconf 81' lang='lat' dir='ltr'><strong>Matienus</strong></span> <span class='ocrx_word' id='word_1_303' title='bbox 1368 3646 1421 3690; x_wconf 92' lang='lat' dir='ltr'><strong>cor</strong></span> <span class='ocrx_word' id='word_1_304' title='bbox 1449 3628 1613 3710; x_wconf 85' lang='lat' dir='ltr'><strong>praeferat</strong></span> 
     </span>
    </p>
   </div>
   <div class='ocr_carea' id='block_1_9' title="bbox 303 3856 1615 4573">
    <p class='ocr_par' dir='ltr' id='par_1_10' title="bbox 366 3856 917 3916">
     <span class='ocr_line' id='line_1_33' title="bbox 366 3856 917 3916; baseline 0.004 -1"><span class='ocrx_word' id='word_1_305' title='bbox 366 3856 377 3900; x_wconf 84' lang='lat'>1</span> <span class='ocrx_word' id='word_1_306' title='bbox 399 3861 437 3915; x_wconf 85' lang='lat' dir='ltr'><strong>Er</strong></span> <span class='ocrx_word' id='word_1_307' title='bbox 455 3866 584 3916; x_wconf 85' lang='lat' dir='ltr'><strong>starnmte</strong></span> <span class='ocrx_word' id='word_1_308' title='bbox 604 3878 658 3915; x_wconf 91' lang='lat' dir='ltr'><strong>von</strong></span> <span class='ocrx_word' id='word_1_309' title='bbox 681 3861 730 3914; x_wconf 91' lang='lat' dir='ltr'><strong>der</strong></span> <span class='ocrx_word' id='word_1_310' title='bbox 750 3860 839 3915; x_wconf 88' lang='lat' dir='ltr'><strong>Mosei</strong></span> <span class='ocrx_word' id='word_1_311' title='bbox 861 3861 917 3916; x_wconf 86' lang='lat' dir='ltr'><strong>ber.</strong></span> 
     </span>
    </p>

    <p class='ocr_par' dir='ltr' id='par_1_11' title="bbox 303 3937 1615 4333">
     <span class='ocr_line' id='line_1_34' title="bbox 365 3937 1614 4010; baseline 0.003 -15"><span class='ocrx_word' id='word_1_312' title='bbox 365 3938 379 3979; x_wconf 77' lang='lat'><strong>‘2</strong></span> <span class='ocrx_word' id='word_1_313' title='bbox 404 3942 523 3996; x_wconf 83' lang='lat' dir='ltr'><strong>Luthers</strong></span> <span class='ocrx_word' id='word_1_314' title='bbox 545 3940 765 3995; x_wconf 84' lang='lat' dir='ltr'><strong>Bekanntscbaft</strong></span> <span class='ocrx_word' id='word_1_315' title='bbox 785 3942 837 3995; x_wconf 91' lang='lat' dir='ltr'><strong>mit</strong></span> <span class='ocrx_word' id='word_1_316' title='bbox 857 3942 966 3996; x_wconf 87' lang='lat' dir='ltr'><strong>Mutian</strong></span> <span class='ocrx_word' id='word_1_317' title='bbox 992 3958 1047 3995; x_wconf 83' lang='lat' dir='ltr'><strong>war</strong></span> <span class='ocrx_word' id='word_1_318' title='bbox 1072 3937 1179 3995; x_wconf 84' lang='lat' dir='ltr'><strong>damals</strong></span> <span class='ocrx_word' id='word_1_319' title='bbox 1199 3938 1263 3992; x_wconf 87' lang='lat' dir='ltr'><strong>sehr</strong></span> <span class='ocrx_word' id='word_1_320' title='bbox 1284 3940 1391 4009; x_wconf 76' lang='lat' dir='ltr'><strong>jungeri</strong></span> <span class='ocrx_word' id='word_1_321' title='bbox 1412 3939 1548 4010; x_wconf 78' lang='lat' dir='ltr'><strong>Datrrms,</strong></span> <span class='ocrx_word' id='word_1_322' title='bbox 1574 3944 1614 3999; x_wconf 85' lang='lat' dir='ltr'><strong>da</strong></span> 
     </span>
     <span class='ocr_line' id='line_1_35' title="bbox 304 4019 1615 4078; baseline 0.002 -3"><span class='ocrx_word' id='word_1_323' title='bbox 304 4022 376 4077; x_wconf 91' lang='lat' dir='ltr'><strong>noch</strong></span> <span class='ocrx_word' id='word_1_324' title='bbox 398 4041 441 4077; x_wconf 90' lang='lat' dir='ltr'><strong>am</strong></span> <span class='ocrx_word' id='word_1_325' title='bbox 465 4022 491 4077; x_wconf 81' lang='lat'><strong>2.</strong></span> <span class='ocrx_word' id='word_1_326' title='bbox 512 4022 566 4074; x_wconf 83' lang='lat' dir='ltr'><strong>blei</strong></span> <span class='ocrx_word' id='word_1_327' title='bbox 592 4022 668 4073; x_wconf 85' lang='grc'><strong>1515</strong></span> <span class='ocrx_word' id='word_1_328' title='bbox 689 4022 815 4075; x_wconf 83' lang='lat' dir='ltr'><strong>letrterer</strong></span> <span class='ocrx_word' id='word_1_329' title='bbox 841 4022 899 4076; x_wconf 87' lang='lat' dir='ltr'><strong>sich</strong></span> <span class='ocrx_word' id='word_1_330' title='bbox 926 4023 996 4075; x_wconf 85' lang='lat' dir='ltr'><strong>liber</strong></span> <span class='ocrx_word' id='word_1_331' title='bbox 1021 4022 1067 4074; x_wconf 88' lang='lat' dir='ltr'><strong>die</strong></span> <span class='ocrx_word' id='word_1_332' title='bbox 1095 4020 1153 4073; x_wconf 90' lang='lat' dir='ltr'><strong>ibm</strong></span> <span class='ocrx_word' id='word_1_333' title='bbox 1182 4019 1361 4074; x_wconf 80' lang='lat' dir='ltr'><strong>urrbelranntc</strong></span> <span class='ocrx_word' id='word_1_334' title='bbox 1382 4019 1615 4078; x_wconf 84' lang='lat' dir='ltr'><strong>Persiiulichkeit</strong></span> 
     </span>
     <span class='ocr_line' id='line_1_36' title="bbox 307 4092 1614 4171; baseline 0.001 -14"><span class='ocrx_word' id='word_1_335' title='bbox 307 4104 355 4157; x_wconf 90' lang='lat' dir='ltr'><strong>des</strong></span> <span class='ocrx_word' id='word_1_336' title='bbox 385 4102 515 4160; x_wconf 87' lang='lat' dir='ltr'><strong>bercdton</strong></span> <span class='ocrx_word' id='word_1_337' title='bbox 540 4100 672 4155; x_wconf 80' lang='lat' dir='ltr'><strong>Mbnobca</strong></span> <span class='ocrx_word' id='word_1_338' title='bbox 701 4100 831 4155; x_wconf 86' lang='lat' dir='ltr'><strong>bolehren</strong></span> <span class='ocrx_word' id='word_1_339' title='bbox 858 4101 935 4159; x_wconf 66' lang='lat' dir='ltr'><strong>litas-t.</strong></span> <span class='ocrx_word' id='word_1_340' title='bbox 981 4101 1060 4167; x_wconf 70' lang='lat' dir='ltr'><strong>(vgl.</strong></span> <span class='ocrx_word' id='word_1_341' title='bbox 1082 4100 1120 4152; x_wconf 88' lang='lat' dir='ltr'><strong>Br</strong></span> <span class='ocrx_word' id='word_1_342' title='bbox 1141 4099 1199 4152; x_wconf 78' lang='lat'><strong>490</strong></span> <span class='ocrx_word' id='word_1_343' title='bbox 1220 4101 1247 4153; x_wconf 82' lang='lat' dir='ltr'><strong>S.</strong></span> <span class='ocrx_word' id='word_1_344' title='bbox 1263 4092 1343 4171; x_wconf 80' lang='lat'><strong>150).</strong></span> <span class='ocrx_word' id='word_1_345' title='bbox 1396 4100 1441 4156; x_wconf 88' lang='lat' dir='ltr'><strong>Sic</strong></span> <span class='ocrx_word' id='word_1_346' title='bbox 1468 4101 1513 4168; x_wconf 84' lang='lat' dir='ltr'><strong>iet,</strong></span> <span class='ocrx_word' id='word_1_347' title='bbox 1539 4104 1614 4158; x_wconf 78' lang='lat' dir='ltr'><strong>aller</strong></span> 
     </span>
     <span class='ocr_line' id='line_1_37' title="bbox 306 4179 1614 4255; baseline 0 -19"><span class='ocrx_word' id='word_1_348' title='bbox 306 4181 616 4251; x_wconf 87' lang='lat' dir='ltr'><strong>Wabrscbeinlicbkeit,</strong></span> <span class='ocrx_word' id='word_1_349' title='bbox 637 4182 722 4235; x_wconf 88' lang='lat' dir='ltr'><strong>durelr</strong></span> <span class='ocrx_word' id='word_1_350' title='bbox 745 4184 797 4235; x_wconf 90' lang='lat' dir='ltr'><strong>deu</strong></span> <span class='ocrx_word' id='word_1_351' title='bbox 814 4182 1111 4252; x_wconf 84' lang='lat' dir='ltr'><strong>gemeinschaftlicben</strong></span> <span class='ocrx_word' id='word_1_352' title='bbox 1125 4180 1234 4233; x_wconf 76' lang='lat' dir='ltr'><strong>Fround</strong></span> <span class='ocrx_word' id='word_1_353' title='bbox 1254 4179 1359 4250; x_wconf 79' lang='lat' dir='ltr'><strong>beldet,</strong></span> <span class='ocrx_word' id='word_1_354' title='bbox 1378 4180 1490 4235; x_wconf 84' lang='lat' dir='ltr'><strong>Jobann</strong></span> <span class='ocrx_word' id='word_1_355' title='bbox 1503 4182 1614 4255; x_wconf 70' lang='lat' dir='ltr'><strong>Iunge,</strong></span> 
     </span>
     <span class='ocr_line' id='line_1_38' title="bbox 303 4262 654 4333; baseline 0 -18"><span class='ocrx_word' id='word_1_356' title='bbox 303 4282 336 4317; x_wconf 87' lang='lat' dir='ltr'><strong>zu</strong></span> <span class='ocrx_word' id='word_1_357' title='bbox 357 4262 458 4317; x_wconf 83' lang='lat' dir='ltr'><strong>Staudo</strong></span> <span class='ocrx_word' id='word_1_358' title='bbox 479 4262 654 4333; x_wconf 85' lang='lat' dir='ltr'><strong>gekomnren.</strong></span> 
     </span>
    </p>

    <p class='ocr_par' dir='ltr' id='par_1_12' title="bbox 305 4338 1614 4480">
     <span class='ocr_line' id='line_1_39' title="bbox 365 4338 1614 4421; baseline 0.002 -26"><span class='ocrx_word' id='word_1_359' title='bbox 365 4340 507 4396; x_wconf 83' lang='lat' dir='ltr'><strong>³Lntlrer</strong></span> <span class='ocrx_word' id='word_1_360' title='bbox 543 4360 597 4395; x_wconf 65' lang='lat' dir='ltr'><strong>rrrar</strong></span> <span class='ocrx_word' id='word_1_361' title='bbox 633 4340 683 4394; x_wconf 89' lang='lat' dir='ltr'><strong>auf</strong></span> <span class='ocrx_word' id='word_1_362' title='bbox 716 4341 793 4395; x_wconf 88' lang='lat' dir='ltr'><strong>einer</strong></span> <span class='ocrx_word' id='word_1_363' title='bbox 824 4339 1156 4396; x_wconf 84' lang='lat' dir='ltr'><strong>Ordonsvisitationsreise</strong></span> <span class='ocrx_word' id='word_1_364' title='bbox 1194 4339 1337 4411; x_wconf 82' lang='lat' dir='ltr'><strong>bcgriffen.</strong></span> <span class='ocrx_word' id='word_1_365' title='bbox 1388 4338 1453 4411; x_wconf 85' lang='lat' dir='ltr'><strong>Vgl.</strong></span> <span class='ocrx_word' id='word_1_366' title='bbox 1485 4342 1614 4421; x_wconf 70' lang='lat' dir='ltr'><strong>domin,</strong></span> 
     </span>
     <span class='ocr_line' id='line_1_40' title="bbox 305 4420 1231 4480; baseline -0.005 -4"><span class='ocrx_word' id='word_1_367' title='bbox 305 4424 342 4480; x_wconf 86' lang='lat' dir='ltr'><strong>bl.</strong></span> <span class='ocrx_word' id='word_1_368' title='bbox 366 4424 478 4477; x_wconf 54' lang='lat' dir='ltr'><strong>leutbcr.</strong></span> <span class='ocrx_word' id='word_1_369' title='bbox 521 4423 583 4479; x_wconf 87' lang='lat' dir='ltr'><strong>Scin</strong></span> <span class='ocrx_word' id='word_1_370' title='bbox 607 4422 702 4475; x_wconf 85' lang='lat' dir='ltr'><strong>Lebon</strong></span> <span class='ocrx_word' id='word_1_371' title='bbox 725 4423 780 4474; x_wconf 89' lang='lat' dir='ltr'><strong>und</strong></span> <span class='ocrx_word' id='word_1_372' title='bbox 802 4422 877 4476; x_wconf 83' lang='lat' dir='ltr'><strong>scine</strong></span> <span class='ocrx_word' id='word_1_373' title='bbox 898 4422 1046 4476; x_wconf 80' lang='lat' dir='ltr'><strong>Schriften.</strong></span> <span class='ocrx_word' id='word_1_374' title='bbox 1088 4421 1114 4475; x_wconf 81' lang='lat' dir='ltr'><strong>S.</strong></span> <span class='ocrx_word' id='word_1_375' title='bbox 1140 4420 1231 4473; x_wconf 75' lang='lat' dir='ltr'><strong>leoff.</strong></span> 
     </span>
    </p>

    <p class='ocr_par' dir='ltr' id='par_1_13' title="bbox 366 4499 1614 4573">
     <span class='ocr_line' id='line_1_41' title="bbox 366 4499 1614 4573; baseline 0 -16"><span class='ocrx_word' id='word_1_376' title='bbox 366 4500 379 4541; x_wconf 71' lang='lat'>⁴</span> <span class='ocrx_word' id='word_1_377' title='bbox 402 4504 496 4559; x_wconf 66' lang='lat' dir='ltr'><strong>U&#39;ebor</strong></span> <span class='ocrx_word' id='word_1_378' title='bbox 517 4504 636 4555; x_wconf 54' lang='lat' dir='ltr'><strong>leutbere</strong></span> <span class='ocrx_word' id='word_1_379' title='bbox 654 4500 782 4573; x_wconf 74' lang='lat' dir='ltr'><strong>Stollung</strong></span> <span class='ocrx_word' id='word_1_380' title='bbox 802 4520 834 4554; x_wconf 86' lang='lat' dir='ltr'><strong>zu</strong></span> <span class='ocrx_word' id='word_1_381' title='bbox 855 4502 908 4555; x_wconf 91' lang='lat' dir='ltr'><strong>den</strong></span> <span class='ocrx_word' id='word_1_382' title='bbox 931 4502 1114 4557; x_wconf 85' lang='lat' dir='ltr'><strong>lluuranisten</strong></span> <span class='ocrx_word' id='word_1_383' title='bbox 1136 4501 1191 4553; x_wconf 86' lang='lat' dir='ltr'><strong>und</strong></span> <span class='ocrx_word' id='word_1_384' title='bbox 1211 4499 1323 4570; x_wconf 79' lang='lat' dir='ltr'><strong>spenicll</strong></span> <span class='ocrx_word' id='word_1_385' title='bbox 1347 4519 1379 4554; x_wconf 82' lang='lat' dir='ltr'><strong>zu</strong></span> <span class='ocrx_word' id='word_1_386' title='bbox 1401 4502 1465 4556; x_wconf 81' lang='lat' dir='ltr'><strong>dem</strong></span> <span class='ocrx_word' id='word_1_387' title='bbox 1488 4503 1614 4562; x_wconf 79' lang='lat' dir='ltr'><strong>Mutian-</strong></span> 
     </span>
    </p>
   </div>
   <div class='ocr_carea' id='block_1_10' title="bbox 303 4580 843 4655">
    <p class='ocr_par' dir='ltr' id='par_1_14' title="bbox 303 4580 843 4655">
     <span class='ocr_line' id='line_1_42' title="bbox 303 4580 843 4655; baseline 0.002 -18"><span class='ocrx_word' id='word_1_388' title='bbox 303 4584 401 4639; x_wconf 83' lang='lat' dir='ltr'><strong>kreisc.</strong></span> <span class='ocrx_word' id='word_1_389' title='bbox 444 4584 507 4655; x_wconf 84' lang='lat' dir='ltr'><strong>Vgl.</strong></span> <span class='ocrx_word' id='word_1_390' title='bbox 531 4583 640 4637; x_wconf 81' lang='lat' dir='ltr'><strong>Kbstlin</strong></span> <span class='ocrx_word' id='word_1_391' title='bbox 665 4580 843 4649; x_wconf 46' lang='lat' dir='ltr'><strong>stupeo.</strong></span> 
     </span>
    </p>
   </div>
   <div class='ocr_carea' id='block_1_11' title="bbox 0 0 1818 5192">
    <p class='ocr_par' dir='ltr' id='par_1_15' title="bbox 0 0 1818 5192">
     <span class='ocr_line' id='line_1_43' title="bbox 0 0 1818 5192; baseline 0 1"><span class='ocrx_word' id='word_1_392' title='bbox 0 0 1818 5192; x_wconf 95' lang='lat' dir='ltr'><strong> </strong></span> 
     </span>
    </p>
   </div>
  </div>
 </body>
</html>
