3625 5192
325 356 374 408 ltc
471 375 476 385 ¹
695 353 955 420 Gcscbicbtsqucllcn
975 354 1024 406 dcr
1043 352 1115 404 Pror.
1135 349 1256 406 Suclrsen.

327 503 422 587 paulo
446 503 576 567 liberius
604 509 636 566 et
660 521 818 579 ueremur,
848 521 887 565 uc
916 499 1087 582 aliqnando
1114 500 1272 565 tabellarii
1297 499 1406 597 literas
1427 495 1491 562 alio
1517 497 1629 573 lerant,

321 607 405 688 quod
429 615 512 670 esset
533 603 743 694 formidabile.
784 604 879 686 Apud
900 611 932 668 te
953 603 1056 666 nullus
1078 608 1128 666 est
1148 602 1225 670 milri
1247 610 1363 678 ructus,
1385 601 1554 671 dummodo
1576 619 1651 664 no·-

324 711 372 775 bis
394 706 611 792 concerpcndo
633 708 842 790 prospexeris,

396 832 567 878 rranununm
599 831 618 875 r
639 803 669 875 r'u
690 831 730 874 ro.
741 831 792 874 471·
804 853 819 860 -
837 829 895 876 rer.
932 829 1007 873 (rtur.
1028 829 1051 875 u.
1069 829 1104 873 'ra
1121 830 1145 874 s.
1165 828 1192 872 or
1206 827 1277 873 -ou
1296 835 1340 872 aar
1360 827 1425 885 orm
1445 842 1503 883 aa«,
1521 826 1558 870 cs:
1576 842 1629 885 pos-

321 911 378 950 sunt
399 901 602 963 perspicerentur
623 917 666 945 ron
686 901 731 945 Sed
752 907 777 944 ut
798 899 843 944 tibi
869 899 906 942 lrr'r
923 915 973 944 rum
993 900 1108 944 ati-blusso.

320 1147 397 1212 lot.
422 1144 464 1212 lll.
486 1163 530 1210 an
554 1143 685 1316 ll'pppp).
855 1140 1089 1226 (tlotlralr'rtll
1113 1139 1198 1206 oder·
1220 1138 1255 1204 ln
1278 1139 1344 1204 der·
1365 1147 1485 1205 ersten
1509 1138 1639 1208 lldll’te'

471 1251 539 1299 ron
657 1283 665 1300 .

302 1397 308 1412 .
391 1357 475 1404 llnmit
495 1357 618 1402 llicrnrost
640 1356 711 1400 nicht
737 1354 869 1400 wiorlcroru
890 1353 976 1400 Urbarr
1001 1354 1051 1400 tund
1071 1354 1158 1399 Eobuu
1184 1353 1351 1399 milcinuudor
1374 1354 1552 1410 rcrweclrselo,
1578 1354 1627 1399 will

321 1429 419 1476 M'ntlsn
438 1429 488 1474 ilrrrr
508 1428 564 1472 cino
584 1441 680 1484 gerrone
699 1425 886 1481 Boscbrcibung
902 1441 959 1476 ,ron
975 1425 1060 1483 jancm
1086 1425 1174 1482 gclrpn.
1195 1425 1263 1469 ·llcr
1281 1424 1476 1491 llriclsclrrciber
1493 1425 1563 1482 ltingt
1582 1425 1629 1469 als*

244 1499 247 1506 ’
319 1500 387 1544 daun
407 1499 468 1544 iiber
487 1498 573 1545 scincu
592 1496 738 1542 sclnruclren
757 1495 856 1552 l'lngcn.

400 1596 606 1660 Sanctissimo
630 1595 712 1676 patri
736 1594 881 1674 lerano,
909 1613 1059 1658 economo
1080 1593 1274 1671 nrouastico,
1295 1611 1388 1673 quem
1414 1571 1506 1655 nemo
1532 1592 1628 1674 paulo

291 1774 294 1782 ,
318 1700 440 1764 doctior
460 1719 521 1762 nou
544 1698 632 1762 norit
651 1705 683 1761 et
703 1705 799 1761 amat.
825 1745 831 1754 .
1098 1755 1101 1760 ,
1481 1707 1485 1712 ’

401 1801 432 1866 S.
468 1800 525 1864 Vir
551 1800 655 1864 clarus
682 1807 714 1863 et
739 1799 848 1880 gravis
878 1799 1013 1862 loannes
1035 1798 1248 1861 Biemrostus¹
1273 1795 1438 1880 pollicetur
1468 1797 1499 1860 iu
1529 1796 1629 1860 literis

318 1903 360 1968 ad
382 1902 583 1986 Spalatinum
606 1900 736 1966 Eobauo
757 1919 846 1964 suum
868 1899 1006 1964 studium
1030 1900 1191 1964 Urbanum
1214 1899 1404 1979 intelligens
1424 1899 1542 1962 tblsus²
1561 1901 1626 1983 opi-

250 1991 251 1996 *
321 2006 416 2070 uionc
440 1995 610 2069 nominum.
659 2001 720 2067 l'er
747 2011 779 2068 et
801 2003 944 2084 ignosce,
972 2022 1066 2084 quum
1093 2002 1275 2066 alterutrum
1303 2009 1439 2065 restrum
1468 2020 1627 2082 nunquam

318 2097 360 2170 sit
381 2106 523 2172 intuitus.
565 2105 613 2170 Dc
633 2106 899 2190 occupacionibus
926 2118 1050 2187 'qrmquc
1069 2105 1149 2185 suis,
1173 2105 1287 2186 ouibus
1317 2103 1527 2183 immergitur,
1553 2124 1629 2187 sepe

299 2210 395 2274 ‘mibi
425 2216 560 2291 questus.
611 2209 706 2273 Istius
736 2209 849 2272 erroris
876 2208 1063 2273 retractacio
1089 2226 1165 2281 scra,
1184 2215 1216 2270 et
1243 2205 1468 2288 intempestiva
1497 2212 1528 2271 et
1555 2227 1628 2290 prc-
1725 2244 1728 2249 ·

320 2319 447 2394 postera
468 2312 515 2376 sic
536 2309 770 2387 emendabitur,
792 2311 820 2374 si
842 2311 929 2376 iuter
945 2316 976 2375 te
997 2315 1029 2373 et
1051 2309 1237 2374 Eobanum²
1258 2308 1411 2392 parietem
1432 2327 1571 2388 erexero,
1594 2317 1628 2372 ut

320 2413 503 2478 notabiliter
524 2413 668 2487 discreti,
697 2413 800 2494 qualis
822 2419 952 2495 uterquc
976 2413 1036 2490 sit,
1069 2409 1190 2493 liquido
1218 2418 1435 2500 cognoscatur.
1484 2412 1628 2477 Scribam

318 2516 429 2598 igitur,
451 2521 484 2578 ut
506 2515 646 2594 noueris,
668 2515 855 2590 Bicrmoste,
873 2517 974 2597 'quem
996 2514 1054 2578 tibi
1076 2514 1169 2578 toties
1190 2512 1425 2592 connominari,
1455 2513 1628 2592 lirbanum,

318 2617 461 2698 iugenio,
490 2616 577 2696 stilo,
605 2614 775 2698 prudentia
802 2617 995 2700 primarium.
1038 2615 1225 2680 Describam
1248 2615 1405 2680 homiuem
1427 2608 1628 2680 authoritatis

217 2746 221 2754 ·
318 2720 445 2800 eximie,
466 2719 520 2801 qrri
542 2725 692 2800 quantum
711 2718 813 2800 gradu
835 2726 866 2783 et
886 2719 1021 2797 fortuna,
1040 2724 1160 2782 tautum
1173 2716 1373 2797 dignitatcct
1396 2737 1497 2781 rerum
1520 2705 1627 2782 burria-

248 2887 250 2892 .
321 2841 429 2886 uarum
453 2820 574 2904 peritia
590 2821 672 2886 inter
693 2829 854 2886 nrouastas
876 2820 1045 2885 antecedit.
1088 2820 1217 2883 Statura
1238 2819 1334 2902 paulo
1354 2820 1517 2893 bumilior,
1546 2821 1627 2885 lucie

320 2925 465 3003 formosa,
489 2923 576 2986 vultu
599 2923 744 3004 ingenuo,
768 2943 911 2988 sermone
932 2923 1065 3001 blando,
1088 2912 1213 2986 brevior
1236 2922 1267 2985 iu
1289 2921 1433 3002 diceudo,
1453 2924 1575 2987 cautior
1595 2925 1628 2987 in

319 3027 455 3108 agendo.
498 3025 589 3090 Hune
602 3045 661 3107 ego
680 3045 740 3090 uon
753 3033 787 3091 ut
798 3025 897 3105 multi,
919 3025 975 3089 scd
988 3026 1164 3089 arctissime
1175 3023 1284 3105 diligo.
1327 3025 1509 3089 Amicitiam
1524 3044 1626 3090 orcam

319 3129 475 3195 latissima
489 3128 711 3212 predicacione
724 3129 909 3193 circumfert.
950 3127 1109 3212 Spalatlui
1124 3127 1321 3196 modestiam,
1343 3127 1490 3208 quietem,
1512 3129 1628 3192 securi-

228 3287 232 3296 ,
319 3238 416 3296 tatem
432 3229 575 3318 indultis
601 3229 786 3304 honoribus,
822 3229 1008 3308 commodis,
1041 3227 1198 3294 benefitiis
1227 3227 1415 3293 sublevavit.
1462 3229 1552 3293 Adeo
1580 3231 1627 3294 vir

319 3351 457 3410 summus
478 3339 541 3411 est,
568 3339 602 3395 ut
623 3332 665 3394 ad
686 3331 793 3396 studia
815 3338 847 3395 et
869 3332 998 3412 negotia
1018 3331 1137 3412 pariter
1156 3337 1249 3395 uatus
1275 3350 1345 3394 esse
1372 3330 1529 3395 videatur.
1579 3332 1626 3397 lta

319 3437 400 3500 benc
421 3434 462 3499 de
482 3453 532 3498 me
554 3433 682 3497 meritus
704 3440 761 3512 est,
784 3439 818 3496 ut
829 3432 962 3497 debeam
973 3432 1102 3498 Urbano
1125 3432 1349 3516 sempiternam
1363 3432 1624 3515 benevolentiam,

317 3536 575 3614 familiaritatem,
597 3533 864 3614 consuetudinem,
888 3534 1032 3598 intimum
1051 3533 1239 3616 colloquium
1262 3543 1294 3597 et
1315 3533 1486 3600 officiosam
1509 3536 1625 3601 seduli·
1704 3563 1708 3570 ·

318 3647 423 3726 tatem.
465 3635 553 3720 Rogo
574 3655 650 3718 ergo
672 3644 704 3700 et
725 3637 818 3716 exigo
840 3656 896 3718 pro
919 3637 986 3700 iure
1002 3636 1152 3708 amicitie,
1175 3643 1218 3716 ut,
1239 3655 1309 3699 cum
1329 3638 1464 3709 noveris,
1486 3657 1573 3701 ames
1594 3645 1626 3702 et

318 3741 476 3805 suavitate
504 3746 686 3824 mammet
712 3738 872 3802 literarum
903 3737 1071 3802 dulcedine
1098 3737 1350 3819 frequentissime
1375 3740 1542 3804 scribendo
1570 3740 1624 3804 de-

318 3843 445 3908 vintias.
488 3841 578 3918 Quod
601 3841 629 3905 si
651 3840 817 3924 prestabis,
841 3840 1054 3922 gratissimum
1072 3839 1149 3902 milri
1162 3837 1256 3903 saties
1275 3847 1307 3904 et
1328 3840 1412 3905 viam
1434 3841 1476 3906 ad
1497 3843 1623 3906 laudem

318 3952 349 4034 ct
370 3945 467 4010 decus
487 3941 666 4008 immortale
695 3944 826 4008 munies.
869 3943 1031 4006 Hactenus
1057 3942 1097 4006 de
1115 3934 1302 4007 Riermosto.
1344 3943 1440 4007 Venit
1465 3963 1566 4027 nuper
1590 3945 1623 4008 in

317 4045 458 4110 nidulum
479 4064 582 4111 meum
605 4050 695 4129 patcr
716 4045 916 4109 reverendus.
958 4044 1076 4107 Rubori
1103 4045 1180 4106 mibi
1209 4046 1268 4108 lirit
1288 4045 1464 4128 amplitudo
1491 4054 1555 4109 tam
1578 4048 1623 4110 iu-

319 4149 442 4233 opinati
463 4147 654 4226 salutatoris,
678 4142 843 4230 presertim
865 4147 950 4229 quod
965 4147 1036 4211 cibo
1057 4145 1196 4210 abstinui
1219 4154 1348 4230 propter
1368 4147 1540 4212 cruditates
1557 4134 1625 4212 ¹dis-

319 4251 492 4315 cutiendas
534 4249 591 4312 Est
616 4250 698 4314 enim
726 4249 803 4312 mibi
832 4249 1011 4312 stomachus
1039 4238 1153 4313 natura
1179 4249 1340 4314 invalidus
1359 4258 1390 4314 ct
1411 4258 1565 4332 augustus
1593 4259 1626 4316 et

386 4367 397 4394 ’Ἰ
416 4373 449 4418 ‘I'a
469 4373 552 4419 lulsus.

319 4497 447 4504 -——-—-
461 4499 519 4504 --—-

380 4584 390 4625 ¹
412 4587 475 4658 Vgl.
487 4585 532 4640 Bu.
545 4583 582 4638 70
601 4585 627 4641 S.
643 4587 678 4638 tlt
696 4585 777 4639 Anrn.
790 4585 815 4640 4.
897 4583 911 4624 ‘2
932 4587 995 4656 vgt.
1007 4587 1051 4640 Br.
1063 4586 1105 4669 45·
1121 4587 1147 4642 S.
1160 4588 1197 4641 56
1215 4588 1297 4644 Anni.
1311 4589 1335 4643 l.
