3625 5192
280 337 284 347 ¹
335 285 387 375 bbb
707 314 967 390 Geschicbtsquellen
987 321 1035 376 der
1052 315 1127 376 Prov.
1146 289 1268 378 Sucbsen.

415 472 620 537 immodicam
650 472 751 554 frigus
777 471 930 556 proximis
955 470 1069 537 diebus
1095 473 1256 555 ingentem
1287 470 1362 536 fecit
1387 471 1541 536 maturam
1563 468 1640 536 viui.

336 575 415 640 Vale
435 576 556 639 iterum.
1211 573 1361 654 Petreius.
1403 573 1559 638 Nahasso.

407 706 585 752 llaudsehristl.
605 705 687 752 Codex
705 707 852 752 chartaceus
870 705 1057 752 (lothariusffll
1082 707 1113 751 sol
1135 706 1176 754 35.
1213 707 1258 752 lb'e
1279 706 1332 750 hier
1348 705 1458 764 yeprbenc
1469 704 1592 764 Ahsrlnr'fl
1610 707 1641 750 iet

336 791 382 822 uoci
401 777 485 822 Posset
504 777 565 821 narb
585 777 646 834 deni,
664 777 707 821 rear
726 791 751 821 es
768 778 870 836 abviant,
891 778 954 836 jatat-
973 777 1184 821 rei-aliimmdaieo
1203 777 1313 833 &amital
1334 775 1484 834 anprrs'ertr'pt
1517 775 1566 832 l'pl.
1584 775 1642 820 aber

337 847 383 892 das
395 847 505 905 disparat
518 847 614 892 Tenui:
633 846 762 905 Reliquiae
772 847 939 906 Epistularum
949 845 1056 891 hlrrtiaui
1076 861 1099 905 p.
1112 845 1169 893 108.
1206 846 1281 892 Godr.
1301 847 1324 892 b.
1346 846 1380 891 'l'a
1402 845 1530 904 Reliquiae
1545 845 1641 904 Episto-

337 918 416 963 larum
437 916 544 962 Matiani
563 917 586 964 S.
602 915 681 961 rio-
697 917 751 963 lll.
973 922 976 928 “

336 1134 416 1206 183.
438 1125 482 1200 li.
502 1152 546 1200 an
571 1133 677 1200 einen
697 1132 971 1204 Ilubekanuten.
1201 1132 1347 1219 (Gotho)
1359 1132 1457 1206 1512.
1489 1134 1638 1213 Jrinllb.

407 1260 468 1308 Mur.
488 1259 610 1306 kritisiert
629 1260 654 1305 in
673 1259 784 1306 scharser
794 1259 876 1305 Weiss
896 1259 937 1306 die
956 1259 1006 1304 ihm
1026 1259 1195 1305 iibersandten
1206 1259 1283 1307 Versa
1301 1259 1369 1306 eirrcs
1383 1260 1480 1320 jungeri
1489 1260 1639 1321 Theologeu.

417 1356 591 1423 Flamiui³l
614 1375 671 1420 suo
692 1356 722 1420 S.
747 1356 785 1418 D.
847 1344 850 1350 ’

418 1458 519 1524 Hodie
540 1451 941 1538 inusitatapervigiliarn'rn
955 1460 1135 1540 precatione
1155 1459 1285 1523 resumsi
1306 1459 1340 1523 in
1359 1478 1472 1524 niauns
1492 1458 1641 1523 besterna

337 1573 391 1630 tua
412 1563 599 1640 rudimenta,
621 1567 653 1623 nt
675 1560 877 1625 honorandae
889 1561 1036 1642 puritatis
1049 1560 1169 1624 latinae
1188 1564 1303 1642 gratia,
1324 1561 1352 1623 si
1373 1560 1450 1641 quid
1473 1580 1638 1652 perperam
1664 1606 1666 1609 -

337 1687 357 1732 a
378 1672 409 1729 te
431 1665 584 1746 seriptum
604 1666 687 1725 esset
708 1679 879 1743 parumque
904 1660 1012 1738 docte,
1034 1661 1066 1724 id
1089 1660 1190 1744 ipsum
1213 1662 1413 1743 castigarem.
1456 1662 1529 1726 Heri
1552 1683 1638 1727 uam-

337 1785 399 1850 que
414 1763 636 1847 occupationes
647 1763 772 1845 seposui
791 1763 955 1834 aliosalia,
974 1762 1145 1844 siquando
1162 1771 1299 1839 vacaret,
1318 1765 1542 1846 recogniturns.
1576 1754 1639 1828 Dcss

338 1867 491 1953 prehendi
502 1887 563 1930 nou
582 1883 684 1948 pauca
697 1864 973 1928 animadversione
987 1862 1095 1946 digna,
1115 1865 1230 1945 quibus
1240 1865 1462 1929 Aristarchusb
1480 1865 1639 1931 ueletiam

337 1969 494 2037 secundae
516 1974 609 2032 notae
628 1967 756 2029 criticus
776 1966 892 2046 aliquis
913 1974 1015 2030 atrum
1038 1967 1191 2030 calculum
1211 1977 1393 2050 apponeret.
1436 1967 1586 2047 Carmen,
1608 1975 1641 2032 ut

337 2072 378 2138 de
400 2072 546 2136 univerae
565 2068 751 2151 simpliciter
765 2067 911 2144 iudicem,
932 2068 1052 2150 puerile
1064 2076 1096 2131 et
1108 2068 1285 2148 barbarum,
1306 2069 1473 2152 spongiam
1493 2071 1639 2153 postulat,

304 2188 308 2196 ’
338 2195 399 2240 non
414 2171 674 2238 'emendationem
695 2171 844 2250 scriptum
867 2169 1018 2233 videlicet
1038 2171 1158 2233 maiore
1185 2191 1260 2234 cura
1285 2190 1378 2252 quam
1408 2171 1535 2252 iugenio
1555 2172 1641 2236 nulla

339 2295 466 2364 prorsus
487 2273 630 2338 subiecta
656 2259 851 2334 memorabili
878 2273 1043 2334 sententia.
1092 2271 1237 2354 Bingium
1263 2291 1358 2349 vern,
1379 2273 1461 2354 qued
1492 2273 1640 2338 literariis

338 2378 502 2464 tyronibus
525 2375 609 2438 velut
636 2373 841 2436 incitabnlum
869 2373 909 2434 ad
934 2373 1148 2456 capessendas
1171 2375 1269 2437 bonas
1297 2375 1412 2438 arteisc
1441 2376 1641 2457 proposuisti,

339 2500 399 2546 non
422 2486 470 2543 est
492 2495 612 2561 purum,
635 2483 752 2558 putum.
796 2477 950 2545 Socrates,
972 2475 1293 2557 illephilosopborum
1316 2494 1441 2557 pareus,
1462 2487 1536 2559 apte
1557 2478 1639 2560 prin·

339 2583 455 2665 cipiuiu
475 2589 622 2660 occupet,
652 2577 707 2640 sed
730 2595 811 2657 quiere
832 2585 1005 2657 sequuntur
1025 2576 1065 2638 de
1085 2578 1231 2659 capellis,
1259 2575 1300 2639 dc
1322 2577 1441 2658 eclogis
1462 2578 1641 2660 Ouidianis,

338 2683 378 2748 de
401 2679 582 2744 Eiriauuelis
604 2681 635 2742 iu
662 2696 762 2758 genus
784 2677 954 2742 humanum
980 2678 1167 2755 eharitatet,
1196 2679 1302 2761 inepta
1325 2678 1472 2742 videntur
1497 2687 1529 2743 et
1555 2682 1643 2745 nulla

339 2783 507 2850 cohaerent
536 2780 748 2845 coiurnissura.
798 2779 929 2843 Die-eres
960 2779 1189 2843 domesticatim
1226 2780 1442 2844 emendicatos
1473 2801 1572 2863 panes
1607 2784 1638 2848 iu

339 2904 432 2951 uuum
453 2901 578 2948 senecam
599 2883 801 2963 constipatos.
844 2881 932 2944 Haec
952 2891 1006 2944 tua
1029 2882 1201 2964 suppilatio
1222 2901 1280 2945 ceu
1301 2880 1430 2946 sordida
1451 2892 1581 2967 inappa,
1608 2893 1641 2948 ut

339 2987 441 3068 inquit
454 2985 632 3064 Horatins2,
654 2990 912 3064 corrugatnarcs.
956 2983 1066 3064 Neque
1078 2986 1161 3047 euim
1175 2985 1294 3065 ingenii
1314 2991 1362 3048 est
1383 2994 1438 3047 aut
1459 2985 1640 3050 literaturae

339 3090 386 3154 sie
408 3089 514 3154 aliena
536 3087 707 3168 corripilare
729 3087 797 3148 sive
821 3085 895 3163 illis,
917 3105 938 3146 a
952 3085 1068 3166 quibus
1087 3086 1245 3164 suuiseris,
1271 3094 1403 3169 accepta
1425 3089 1551 3163 referas,
1572 3090 1641 3153 sire
1686 3135 1690 3142 -

340 3191 385 3254 tui
406 3190 484 3253 iuris
505 3208 574 3264 csse
602 3197 698 3269 atque
726 3188 846 3250 inventi
877 3187 958 3250 velis
982 3186 1161 3251 autoribus⁰
1183 3187 1389 3272 praeteritis„
1416 3187 1486 3252 Non
1509 3191 1551 3254 sit
1582 3191 1640 3255 tibi

339 3299 486 3374 suspecta
509 3291 618 3354 iudicii
645 3289 742 3352 nostri
764 3289 943 3367 austeritas,
965 3288 1027 3351 tuis
1048 3289 1162 3351 studiis
1183 3297 1215 3350 et
1236 3288 1382 3351 laudibus
1401 3291 1494 3353 inveo
1514 3300 1545 3354 et
1567 3293 1643 3374 quia

340 3401 461 3466 natura,
484 3391 631 3470 moribus
653 3391 794 3455 instituto
813 3392 916 3472 patrio
936 3389 1093 3454 adductus
1114 3401 1144 3452 te
1166 3390 1311 3471 religioni
1321 3390 1521 3454 Christianae
1543 3401 1641 3458 tetum

256 3573 262 3584 .
340 3495 507 3572 addixisti,
536 3512 597 3556 uon
626 3494 730 3575 patiar
751 3491 855 3554 subire
877 3510 956 3554 onus
977 3491 1135 3555 scribendi
1157 3476 1342 3556 inconsultis
1371 3493 1505 3574 viribus,
1532 3495 1588 3559 sed
1622 3516 1643 3560 a

341 3596 423 3678 stylo
442 3597 560 3658 inculte
583 3615 621 3656 ac
642 3594 761 3672 agresti
782 3593 893 3656 ducam
915 3602 945 3656 te
966 3593 1008 3656 ad
1030 3593 1196 3657 lectionem
1219 3595 1335 3657 veteris
1364 3594 1542 3676 doctrinae,
1573 3597 1643 3660 sine

341 3697 455 3778 quibus
476 3716 585 3771 caeca,
616 3695 783 3759 illiberalis
805 3702 836 3757 et
858 3695 1025 3775 irrigatoria
1052 3695 1265 3776 theologorum
1292 3705 1341 3758 est
1367 3697 1528 3779 professio.
1575 3699 1643 3762 Nec

341 3806 389 3864 est
407 3799 488 3863 ullus
508 3801 572 3862 l'ere
595 3798 775 3879 insignium,
796 3797 851 3878 qui
872 3816 933 3859 non
957 3797 1067 3878 poetis,
1092 3797 1250 3860 historicis
1270 3806 1301 3861 et
1312 3799 1489 3861 crateribus
1501 3800 1644 3883 impense

341 3919 468 3984 operam
491 3898 622 3964 dederit.
664 3899 824 3962 Doctriuis
852 3899 936 3962 enim
965 3898 1167 3962 nitidioribus
1193 3899 1295 3962 excoli
1321 3899 1502 3964 animos-et
1529 3899 1571 3964 ad
1592 3920 1643 3964 sa-

341 4003 495 4086 pientiam
516 4001 735 4083 excipiendam
758 4000 854 4063 imbui
878 4002 1090 4084 praeparique
1111 4000 1210 4066 decet.
1254 4002 1341 4066 Vale.

412 4140 423 4166 ¹⁴
442 4145 472 4190 so
485 4143 786 4202 vevaolluanclipeundaa
795 4143 850 4188 aaa
869 4144 893 4189 a
904 4144 959 4190 uin.
980 4150 1036 4192 aa.
1056 4161 1079 4190 a.
1097 4145 1119 4198 a,
1135 4147 1175 4191 aa.
1215 4129 1280 4190 lm
1298 4146 1458 4194 alre—merus.
1494 4135 1643 4195 trenta.

342 4209 354 4237 ‘¹
376 4217 409 4262 Ta
427 4215 540 4266 caritate.
595 4209 606 4234 ι’
627 4215 658 4260 Px
679 4214 827 4260 auctoribus.

406 4464 415 4502 ¹
439 4471 604 4526 labadon
626 4474 793 4528 Adreasaten
813 4489 889 4543 uage
912 4472 957 4526 ich
977 4471 1060 4526 liniue
1078 4473 1261 4546 Vermutung.

404 4549 417 4593 ²
440 4552 531 4608 horaz
551 4551 677 4623 Episteln
687 4553 710 4624 1,
726 4553 752 4624 b,
763 4551 809 4606 22.
