3625 5192
612 406 617 415 ι
683 342 772 398 Briefe
789 344 910 399 Mutisns
930 346 971 399 79.
991 344 1032 399 80.

443 492 570 556 Nectite
591 491 754 558 Palladias
775 492 953 559 redolentes
974 494 1085 559 lronde
1106 495 1249 562 corollae.

403 593 560 675 Egregius
580 595 729 679 princeps
751 596 809 661 boc
829 596 1028 661 Fridericus¹
1050 604 1131 662 avet.

443 698 628 763 intermissa
648 696 713 778 diu,
733 699 844 780 ratem,
865 718 937 763 mea
955 699 1097 763 earmina
1116 707 1242 765 cessant

403 795 444 859 Et
464 795 551 861 velut
571 796 704 861 hiberno
723 796 839 879 frigore
861 798 955 883 pigra
976 800 1088 865 iacent.

329 893 381 977 15)
442 898 586 981 Sopitum
604 897 760 963 calamum
782 901 965 984 residesque
983 923 1139 969 resumere
1160 904 1296 983 chartae,

403 1000 500 1083 Cogis
520 1008 552 1065 et
572 1020 607 1065 es
627 1007 720 1066 cumr
739 1003 890 1069 carminis
911 1006 981 1088 ipse
1002 1007 1073 1071 mei.

442 1103 579 1169 Garrula
599 1124 681 1186 quae
701 1124 806 1170 coram
828 1108 939 1187 luerat,
962 1108 1032 1193 lyra
1053 1114 1161 1173 nostra
1181 1106 1275 1173 silere

403 1204 513 1270 Nescit
532 1213 563 1270 et
584 1206 698 1271 audaci
721 1209 892 1292 perstrepit
913 1228 986 1276 ecce
1008 1230 1093 1277 sono.

441 1307 565 1373 Ludere
581 1309 745 1393 Pimplaeo
768 1310 881 1376 deceat
901 1332 984 1377 nuuc
1006 1314 1145 1379 carmine
1166 1322 1265 1389 vates,

326 1415 380 1487 20)
401 1411 470 1489 Quo
489 1412 572 1494 petis
593 1410 748 1495 Erigones
768 1420 918 1497 tempore,
941 1414 1075 1492 Phoebe,
1098 1415 1233 1480 domem.

441 1512 628 1596 Triptolemi
650 1534 734 1580 nunc
753 1516 854 1580 fervet
874 1536 963 1599 opus,
986 1538 1067 1582 nunc
1092 1518 1203 1583 horrea
1223 1517 1360 1601 complet

401 1615 515 1681 Messio
535 1624 567 1682 et
587 1616 716 1681 assiduo
734 1618 866 1683 verbere
888 1620 983 1683 currit
1005 1640 1113 1702 equus.

441 1718 534 1783 Nunc
552 1738 637 1801 vaga
656 1740 713 1803 per
734 1720 869 1804 stipulas
890 1729 974 1786 errat
996 1742 1066 1787 cum
1088 1724 1175 1808 prole
1196 1722 1351 1803 coturnix,

397 1819 537 1905 Exoptat
557 1819 638 1886 tales
659 1829 767 1886 nostra
787 1822 893 1888 culina
916 1822 1026 1906 dapes.

324 1926 378 2001 25)
439 1922 533 1987 Crine
552 1922 661 2004 gravis
683 1922 843 2006 barbaque
863 1943 993 1989 comans
1014 1926 1194 1992 Hermanno
1216 1925 1355 2007 Trebeli,

399 2025 497 2090 Recte
517 2024 759 2091 Heliconiadum
778 2026 878 2091 cultor
898 2027 1010 2107 amice,
1031 2029 1113 2094 vale.

269 2148 343 2195 Gedr.
368 2145 393 2209 l)
412 2148 468 2195 Lib.
487 2162 544 2195 nov.
563 2149 603 2195 fol
622 2149 810 2197 Fer—etr.
882 2149 908 2208 ²)
927 2152 960 2197 Tr
978 2152 1000 2199 S.
1012 2150 1169 2201 tte-230.

750 2312 950 2321 ———-——-

197 2422 259 2488 80.
283 2419 326 2491 ll.
348 2439 393 2487 mr
414 2420 537 2488 echan
558 2420 705 2494 llessus.
865 2423 1264 2507 (ducheleos—1508.)
1295 2424 1433 2506 August
1445 2424 1502 2497 27.

267 2546 328 2593 ntur.
348 2546 401 2593 lobt
419 2546 460 2592 die
477 2547 565 2607 jbngst
589 2563 645 2593 vom
665 2548 751 2593 Eobun
773 2550 920 2595 erlralteneu
936 2550 1011 2605 Verso
1030 2548 1080 2597 und
1102 2552 1216 2597 ormalrnt
1242 2550 1285 2597 ihu
1310 2550 1388 2610 rlistig
1416 2550 1503 2596 woiter

199 2632 228 2662 zu
247 2616 356 2674 strabon,
374 2617 453 2663 demit
471 2617 515 2664 der
534 2618 612 2663 Numo
632 2615 778 2675 „llichtor“
797 2620 885 2665 immer
903 2620 974 2665 mehr
998 2620 1049 2665 und
1073 2620 1142 2666 mehr
1166 2621 1205 2667 oin
1228 2621 1386 2667 Ehrcnuarne
1411 2620 1502 2681 werde,

199 2693 263 2734 trotz
282 2688 326 2733 der
343 2688 532 2746 Srlrmsrhungon
551 2688 601 2733 und
620 2689 814 2748 Anlelrulungeu
833 2690 1026 2736 altl'riiulrischor
1045 2690 1143 2737 Naider.

279 2783 443 2850 Corradus
469 2784 628 2850 blutianus
658 2786 776 2851 Rulns
802 2786 934 2853 Eobano
967 2806 1024 2853 suo
1056 2788 1237 2855 melieorum
1274 2786 1503 2853 candidissimo

197 2907 222 2951 s.
245 2908 276 2970 p.
298 2886 328 2951 d.
422 2879 425 2884 ’

278 2990 501 3075 Superioribus
522 2990 654 3055 diebus‘2
674 2991 832 3072 Trebelio,
858 2992 978 3058 homini
1001 2993 1162 3074 utriusque
1188 3002 1327 3059 nostrum
1353 2993 1503 3073 studioso,

198 3094 273 3159 dedi
295 3096 337 3159 ad
359 3102 391 3159 te
416 3091 569 3157 deductos
596 3093 717 3175 elegos3
744 3115 806 3159 uon
834 3096 918 3160 enim
949 3116 998 3161 res
1024 3098 1192 3162 lamiliaris
1228 3096 1328 3179 epicis
1354 3103 1425 3181 erat
1452 3116 1503 3161 ex-

196 3196 345 3281 ponenda
366 3195 517 3261 versibus.
561 3194 601 3259 Et
620 3194 697 3261 dedi
721 3216 759 3261 eo
780 3198 977 3278 potissimum
996 3198 1137 3273 consilio,
1160 3206 1203 3276 ut,
1224 3217 1306 3279 quae
1327 3205 1380 3262 tua
1395 3198 1502 3266 huma-

197 3301 282 3364 nitas
302 3307 365 3377 est,
392 3303 572 3363 reverenter
590 3298 648 3363 abs
670 3306 701 3362 te
723 3299 879 3363 salutatus
900 3301 1114 3365 resalutarenr.
1162 3300 1253 3365 Nunc
1279 3300 1320 3363 ad
1346 3306 1503 3367 extremas

196 3402 356 3467 Calendas
371 3399 573 3483 Septembres
595 3419 673 3483 puer
695 3400 781 3465 illius
801 3422 823 3465 a
844 3402 981 3485 pedibus
1002 3402 1194 3483 ingeniosos,
1214 3402 1334 3481 laoiles,
1354 3411 1504 3468 venustos

196 3504 370 3569 versiculos
389 3510 460 3566 tuos
478 3501 557 3565 mihi
578 3501 731 3583 reddidit,
759 3510 857 3567 testes
877 3511 910 3567 et
932 3503 1047 3569 indolis
1068 3508 1207 3587 optimae
1228 3513 1260 3571 et
1281 3503 1357 3568 culti
1381 3505 1502 3587 ingenii

196 3617 229 3671 et
248 3606 365 3671 amoris
385 3625 464 3687 erga
489 3624 537 3669 me
559 3605 603 3669 tui
626 3614 658 3671 et
678 3604 866 3671 eruditionis
886 3614 982 3688 atque
1010 3606 1091 3671 adeo
1113 3608 1283 3673 latinitatis
1304 3609 1503 3673 castissimae

196 3717 291 3790 atque
313 3708 358 3772 ita
378 3705 509 3772 rel'ertos
519 3706 653 3773 sublatis
668 3707 843 3788 affectibus,
868 3718 901 3772 nt
917 3727 1024 3773 omnes
1036 3709 1173 3773 omnium
1186 3709 1355 3794 lyricorum
1375 3718 1503 3777 sanetas

196 3812 337 3876 Veneres
356 3817 389 3874 et
412 3809 542 3874 Gratias
563 3811 794 3893 provocaveris.
836 3811 947 3893 Itaque
969 3830 1018 3876 me
1038 3830 1133 3893 quum
1156 3813 1319 3895 voluptate
1341 3820 1406 3877 tum
1427 3832 1502 3877 vero

194 3912 407 3977 admiratione
427 3910 564 3993 quadam
585 3912 766 3976 affecerunt.
809 3912 885 3975 Dixi
898 3913 1068 3977 nelasesse
1081 3914 1241 3998 imponere
1254 3934 1350 3997 puero
1372 3914 1503 3980 meliora

195 4015 340 4097 sequenti
351 4016 374 4078 ³.
416 4013 453 4077 ld
477 4016 580 4096 ipsum
603 4035 663 4079 non
695 4014 796 4079 solum
819 4016 936 4088 sentio,
965 4015 1139 4081 sedetiam
1162 4018 1306 4100 approbo
1328 4017 1503 4083 abhorrens

195 4119 237 4182 ab
258 4118 343 4181 omni
363 4118 538 4201 impostura
548 4124 580 4181 et
591 4115 814 4181 ludificatione.
856 4116 993 4181 'Peritum
1006 4118 1102 4197 igitur
1113 4118 1213 4197 abest,
1235 4128 1269 4184 ut
1286 4127 1317 4185 te
1338 4119 1502 4186 demerear

259 4348 268 4389 ¹
291 4352 433 4406 Friedrich
456 4353 505 4405 dor
522 4352 616 4406 Weiss
638 4353 686 4406 hat
706 4354 760 4406 den
783 4353 930 4407 Trebelius
953 4353 1002 4407 ruit
1024 4351 1288 4409 rlerllichterhrone
1308 4350 1501 4423 gesohmiiolrt.

195 4433 263 4503 vgr.
284 4432 329 4486 Br.
342 4432 387 4488 to.
400 4433 446 4486 ll.

235 4509 271 4574 ,2
291 4513 354 4585 Vgl.
376 4512 422 4567 Br.
439 4514 485 4566 79.

258 4589 462 4670 3Ιιιιιιοιυίειυ
482 4593 561 4651 nefas
581 4613 667 4671 puero
689 4596 967 4671 ruelioresequerrt13
990 4596 1043 4671 vgl.
1064 4595 1117 4651 deu
1140 4594 1253 4669 rotigen
1275 4592 1360 4649 Brief.
