3625 5192
688 417 778 473 Briefe
798 416 918 472 Mutians
935 411 994 470 636.
1094 407 1097 414 ’

554 567 618 633 Sed
640 586 698 631 nos
718 566 807 649 lyrae
828 566 938 629 mordes
958 565 1016 630 tibi

557 670 687 749 Damus,
709 675 800 752 pater
821 667 1032 732 sanctissime.

554 771 619 835 Rus
638 770 791 836 erediturn
813 788 921 834 serves
942 787 1052 852 pretor

555 875 643 938 Bona
663 873 755 949 (deus
776 869 928 950 cumeis)
950 869 1020 934 fide.

484 1007 539 1089 45)
561 1007 628 1071 Hoo
650 1005 765 1070 suffieit
786 1024 842 1087 pro
864 1009 1015 1086 tempore,

555 1109 624 1185 Quo
645 1109 748 1170 clarus
770 1103 895 1170 Ensifer
917 1105 1014 1169 comis

555 1210 630 1272 Post
651 1207 792 1290 Virginis
810 1225 933 1271 suorum
955 1204 1050 1285 diem,

556 1313 698 1390 Aruture,
720 1315 752 1372 te
776 1309 865 1373 uidet
884 1327 1012 1390 vagum.

791 1469 878 1534 Tiro.

529 1595 698 1659 Terminus
716 1594 835 1660 Romae
855 1597 1024 1657 veneratus
1045 1590 1131 1670 olim,

527 1696 620 1775 Quod
642 1697 708 1761 tovi
727 1715 848 1760 summo
869 1693 1090 1778 Capitolioque

527 1799 663 1877 Restitit,
685 1797 794 1882 tempii
818 1803 994 1862 memorant
1013 1795 1129 1860 habere

529 1901 631 1965 Tecta
651 1898 802 1965 foramen.

746 2060 937 2142 Xenophon.

531 2185 592 2263 Qui
614 2205 675 2250 non
700 2192 838 2252 cesserat
859 2191 893 2249 ut
915 2183 1002 2250 rudis
1023 2183 1172 2263 Tonanti,

529 2288 634 2353 Durus
655 2290 773 2372 quippe
794 2287 887 2372 lapis,
910 2286 1091 2353 necessitati

533 2384 676 2450 Tandem
698 2393 789 2466 terga
810 2384 900 2450 dedit
920 2385 1028 2451 labore
1050 2387 1161 2467 fessus,

532 2488 575 2552 Ut
596 2488 689 2553 nobis
709 2488 845 2552 recitant
865 2487 1057 2554 disertiores.

772 2647 918 2714 Ovidius.

389 2771 586 2847 Terminus‚¹
606 2779 640 2837 nt
660 2778 783 2837 veteres
802 2779 986 2854 memorant,
1008 2775 1156 2839 inventus
1177 2773 1211 2838 in
1232 2773 1313 2840 aede

387 2873 517 2940 Restitit
536 2881 569 2937 et
588 2893 705 2956 magno
725 2892 796 2938 oum
816 2874 892 2939 love
913 2875 1033 2959 templu
1053 2881 1146 2940 tenet

392 2977 484 3040 Nune
505 2994 629 3058 quoque
649 2994 684 3040 se
701 2994 798 3058 supra
817 2994 858 3040 ne
878 2975 957 3056 quid
977 2976 1038 3040 nisi
1060 2978 1168 3044 sidera
1189 2984 1309 3060 seruat,

392 3078 550 3162 Exiguum
573 3077 683 3160 templi
704 3083 789 3141 taeta
809 3077 950 3142 ibramen
971 3076 1099 3144 habent.

335 3185 369 3258 5)
389 3181 547 3261 Termine,
566 3184 639 3264 post
658 3178 736 3243 illud
758 3179 875 3246 levitas
894 3179 954 3244 tibi
972 3179 1074 3246 libera
1095 3200 1158 3245 non
1179 3187 1236 3256 est,

388 3283 459 3359 Qua
480 3283 602 3364 positus
621 3278 727 3352 fueris,
749 3283 781 3345 in
803 3283 940 3347 statione
960 3294 1099 3348 manos.⁸

391 3384 461 3448 Neo
481 3391 515 3447 tu
535 3383 641 3448 vicino
663 3384 830 3466 quiequam
852 3383 991 3450 oonoede
1012 3385 1157 3466 roganti,

391 3485 441 3549 Ne
462 3485 592 3550 videare
613 3485 771 3550 bominem
792 3486 1015 3569 praeposuisse
1037 3485 1114 3551 Iovi.

393 3587 434 3650 Et
454 3605 510 3652 seu
529 3587 709 3651 vomeribus
730 3606 786 3651 seu
808 3593 841 3651 tu
862 3586 1029 3669 pulsabere
1050 3586 1171 3666 rastris,

318 3685 369 3772 10)
391 3687 550 3754 clamato:
572 3687 683 3769 „Tuus
703 3694 751 3753 est
772 3689 824 3752 bio
844 3708 932 3770 ager,
953 3688 1008 3752 ille
1028 3687 1139 3755 suusi“
1242 3735 1246 3742 -

769 3857 927 3923 Cornelia.

318 4070 322 4080 Ι
393 3980 528 4047 Finibus
548 3986 583 4044 ut
604 3981 697 4046 oertis
717 3980 809 4046 tellus
830 3989 1001 4064 regeretur,
1022 3989 1164 4064 agrestes

393 4082 566 4148 Fertilibus
585 4082 706 4166 eampis
728 4081 854 4166 lapides
875 4082 980 4148 fixere.
1022 4083 1107 4162 Quid
1128 4082 1169 4146 ad
1192 4081 1264 4146 me?

394 4187 470 4250 Sum
491 4189 581 4248 oatus
601 4189 633 4248 et
647 4185 811 4265 stomachi,
832 4204 894 4250 nou
917 4195 1043 4250 caetera
1063 4185 1194 4249 numina
1214 4189 1324 4264 truoto,

392 4284 531 4367 Reiligio
552 4290 647 4349 vexet
666 4283 815 4352 detonsos
835 4287 954 4352 rustica
975 4284 1100 4354 bardos.

265 4426 278 4454 ι
296 4421 370 4470 ovio.
389 4436 470 4468 mne.

195 4557 205 4563 -
212 4556 395 4564 -—-—-——-

258 4651 269 4692 ¹
292 4655 346 4709 Die
366 4655 502 4710 ubebsten
525 4655 561 4707 10
583 4652 668 4710 Verso
690 4655 752 4710 sind
773 4675 823 4712 aus
843 4657 922 4728 Ovio,
942 4657 1017 4712 Fasti
1038 4657 1076 4726 Il,
1098 4654 1268 4710 sss-678
1289 4652 1423 4709 entlehnt

244 4764 616 4817 anemonas-xum.
1264 4753 1296 4806 21
