3625 5192
328 326 380 381 348
709 327 970 399 Geschichtsquellen
988 331 1037 402 der
1053 327 1128 385 Pruu.
1148 330 1270 387 dachsen.

327 498 454 560 causas,
485 479 596 561 rogavi
617 486 737 558 tamem
765 499 805 544 nc
824 479 858 543 id
879 486 937 543 aut
957 479 1151 571 negligentia
1171 480 1326 546 tribueres
1345 489 1401 545 aut
1427 484 1634 569 occupacioni

327 602 405 661 mee,
428 601 498 647 cum
521 583 608 647 nulla
629 581 707 647 mibi
728 588 819 647 tanta
838 581 956 647 debeat
974 602 1046 647 esse
1064 584 1244 667 occupacio,
1266 603 1327 665 que
1346 584 1555 670 interrumpat
1575 587 1637 653 iter

326 685 444 749 amoris
465 691 497 748 et
523 684 747 749 olliciosissimi
775 705 852 767 erga
873 684 1091 766 dignationem
1118 692 1203 748 tuam
1232 693 1327 767 atque
1357 686 1635 769 obsequentissimi

327 788 426 851 animi
446 788 555 851 nostri.
596 787 714 853 Factus
741 807 810 852 sum
838 788 952 851 certior
973 807 993 851 a
1013 788 1121 865 Croto,
1145 788 1199 869 qui
1224 786 1319 853 valde
1347 791 1457 855 ductos
1485 792 1636 857 observat

327 897 359 954 et
379 890 473 974 pleno
495 898 622 974 pectore
643 889 728 973 sapit
743 888 912 954 admisisse
933 895 1111 954 tenostram
1133 891 1368 955 exeusationem
1391 899 1495 957 mente
1513 913 1635 976 serena,

326 994 410 1075 quod
434 1000 483 1058 est
509 994 586 1058 mihi
613 993 751 1059 maxime
771 991 949 1057 iucundum.
996 992 1056 1056 Pro
1084 1012 1148 1073 qua
1180 999 1235 1057 tua
1265 993 1377 1057 divina
1403 996 1575 1061 serenitate
1603 1005 1636 1061 et

325 1096 430 1178 gralia
451 1103 485 1161 ut
506 1102 616 1178 gratus
636 1096 729 1161 horno
749 1094 923 1179 scripturus
944 1113 1030 1159 eram
1047 1114 1176 1178 spuere
1189 1094 1383 1161 recitandam
1405 1098 1634 1165 oratiunculam

326 1199 541 1278 convivalem,
570 1198 633 1262 nisi
655 1197 820 1263 consilium
842 1197 902 1262 boc
921 1216 1024 1281 meum
1051 1196 1210 1263 tabellarii
1236 1197 1378 1264 defectus
1403 1199 1634 1283 impedivisset,

325 1300 530 1366 nihilominus
551 1302 694 1366 umbram
715 1298 892 1383 quandam,
915 1306 948 1363 ut
969 1299 1081 1381 prima,
1104 1307 1137 1364 ut
1158 1300 1203 1363 ita
1224 1300 1338 1378 dicam,
1359 1300 1517 1367 oracionis
1536 1302 1634 1368 linea·

325 1409 433 1468 menta
453 1402 510 1466 tibi
535 1402 728 1467 dedicamus.
770 1402 822 1466 lle
841 1395 947 1465 autem
970 1406 1056 1465 tuum
1074 1422 1143 1467 esse
1156 1401 1300 1466 dubitare
1323 1406 1354 1467 te
1373 1422 1435 1467 non
1457 1404 1613 1470 existimo.

333 1566 336 1570 .
403 1503 477 1578 (Pro
498 1524 595 1587 puero
616 1503 659 1569 ad
681 1503 857 1587 prinoipem
871 1503 1102 1585 Hartmaunum
1123 1506 1157 1569 iu
1178 1504 1324 1569 convivio
1345 1504 1615 1585 celebratissima)

405 1606 496 1685 Quod
519 1607 643 1691 imperii
665 1604 803 1670 Fuldani
824 1612 937 1687 gentes
964 1607 1117 1688 equestris
1145 1606 1267 1670 ordinis
1293 1612 1325 1669 et
1353 1608 1461 1691 populi
1489 1610 1634 1691 pagatim

324 1709 565 1793 ‹rppidatimque
588 1708 648 1773 hoc
674 1715 758 1773 stato
783 1707 997 1785 coronationis
1019 1728 1056 1772 ac
1081 1708 1213 1773 solemni
1241 1702 1293 1772 die
1320 1708 1498 1775 incredibili
1526 1711 1633 1777 affecti

324 1812 433 1877 leticia
452 1831 503 1875 me
525 1812 704 1890 hortantur,
730 1815 765 1873 ut
791 1808 971 1875 celsitudini
1000 1816 1068 1889 tue,
1097 1815 1187 1893 pater
1208 1810 1453 1894 consultissime,
1483 1816 1633 1895 gratulor,

324 1918 459 1980 lacerem
487 1914 628 1998 prolecto
658 1912 809 1977 libentius
837 1911 995 1977 excitatus
1023 1914 1181 1977 communi
1214 1913 1331 1996 gaudio
1361 1921 1393 1979 ct
1417 1936 1573 1983 consensu
1602 1932 1635 1984 ct

323 2018 442 2089 eximia
461 2006 788 2098 tuorumfdevocione,
809 2014 872 2079 nisi
893 2034 1015 2080 mecum
1038 2016 1209 2097 iul'anciam
1232 2016 1337 2081 iubae
1357 2024 1448 2082 tauta
1468 2039 1633 2102 procerum

324 2127 356 2185 et
375 2119 553 2202 principum
574 2119 712 2181 virorum
734 2137 850 2182 mrona
876 2126 1063 2202 reputarem.
1106 2118 1169 2183 Sed
1197 2120 1307 2183 nativa
1333 2125 1388 2184 tua
1410 2121 1559 2203 comitas,
1586 2124 1634 2187 in·

323 2220 548 2305 comparabilis
561 2219 767 2284 mansuetudo
787 2223 820 2283 et
840 2218 1022 2284 humanitus
1036 2240 1097 2283 uon
1110 2220 1252 2301 vulgaris
1274 2229 1307 2284 ut
1328 2220 1397 2301 tibi,
1418 2222 1634 2290 sacratissime

323 2331 427 2407 pater,
454 2323 653 2387 maiestatem
675 2328 707 2385 et
726 2321 868 2405 graciam
892 2322 938 2386 ita
961 2322 1037 2385 mihi
1060 2321 1206 2386 fiduciam
1228 2322 1259 2387 in
1282 2323 1416 2388 dicendo
1438 2325 1632 2394 conciliavit.

322 2425 528 2490 Admirantur
548 2444 672 2497 omnes,
701 2432 735 2487 ut
753 2419 825 2489 'sine
846 2425 933 2488 omni
959 2423 1159 2489 adulacionis
1185 2425 1382 2507 suspicione,
1412 2428 1496 2509 quod
1523 2448 1631 2494 verum

323 2538 386 2607 cst,
410 2526 573 2610 profitear,
600 2527 793 2592 Francorum
821 2526 975 2616 principis
996 2546 1035 2590 ac
1058 2532 1122 2591 tam
1145 2528 1246 2607 beati,
1273 2536 1338 2591 tam
1366 2530 1538 2612 sapientis,
1566 2538 1631 2596 taur

229 2690 233 2697 ,
322 2631 431 2713 magni
449 2630 688 2711 Herbipoleusis
708 2629 862 2694 antistitis
881 2648 1035 2693 summam
1058 2635 1090 2691 et
1109 2650 1182 2694 vere
1193 2628 1405 2695 Christianam
1428 2633 1579 2715 pietatem
1601 2642 1634 2699 et

322 2734 514 2815 singularem
537 2752 614 2815 erga
637 2739 668 2797 te
690 2734 775 2797 curui
795 2732 973 2797 reverentia
993 2730 1214 2814 dignissimum
1236 2737 1358 2815 patrem
1376 2741 1514 2799 nostrum
1538 2735 1631 2800 bene-

321 2835 510 2916 volentiam,
537 2843 570 2899 ut
601 2835 658 2917 qui
683 2856 748 2899 rem
769 2833 912 2899 divinam
935 2834 994 2899 rite
1016 2853 1054 2927 ac
1075 2833 1224 2913 religiose
1245 2832 1367 2897 tinniens
1387 2835 1474 2901 visus
1495 2836 1537 2901 sit
1557 2856 1631 2917 quo-

321 2937 490 3003 dammodo
502 2938 534 3001 ln
547 2938 659 3021 spiritu
678 2936 865 3000 humilitatis
887 2938 1038 3012 exultare,
1061 2936 1144 3017 quod
1157 2935 1215 3001 tihi
1231 2936 1423 3015 doctissimo,
1445 2937 1632 3020 clarissimo,

320 3039 579 3121 eloquentissimo
601 3040 668 3103 viro
690 3046 722 3104 et
748 3037 834 3123 apud
854 3056 993 3102 cesarem
1020 3038 1172 3102 invictum
1200 3037 1356 3102 industria
1380 3046 1412 3101 el
1439 3039 1631 3106 authoritate

322 3142 420 3223 probe
440 3148 583 3224 spectato
605 3149 637 3206 et
658 3141 796 3223 cognito,
818 3142 849 3203 in
865 3139 990 3205 cenobii
1001 3160 1075 3207 vero
1086 3140 1179 3205 rebus
1192 3140 1362 3206 fulciendis
1385 3148 1419 3205 ut
1439 3142 1631 3208 inomnibus

321 3243 473 3328 preclaris
500 3244 637 3326 negotiis
666 3244 729 3307 tuis
759 3242 965 3323 solertissimo
1000 3242 1173 3307 traditurus
1202 3249 1285 3307 esset
1314 3250 1516 3309 sacrosancto
1544 3264 1631 3311 more

214 3333 217 3339 ⁵
320 3347 444 3412 tiaram.
485 3345 549 3411 Sed
570 3344 649 3410 illud
670 3333 912 3435 admirabilius,
929 3343 1012 3426 quod
1035 3345 1188 3410 inclinato
1207 3346 1312 3428 capite
1333 3344 1498 3410 tristiciam
1521 3366 1577 3430 pre
1599 3354 1630 3413 te

320 3455 400 3515 terre
420 3457 452 3514 et
473 3450 565 3531 quasi
587 3449 757 3531 iugenuam
780 3447 1003 3513 verecundiam
1023 3446 1186 3512 videbaris
1207 3445 1420 3543 difficultates,
1441 3455 1527 3531 puto,
1548 3449 1630 3531 regi·

321 3553 414 3617 minis
445 3552 539 3617 litturi
576 3558 677 3616 tecum
714 3550 821 3615 animo
839 3536 1026 3615 revolvens.
1088 3550 1144 3614 Sic
1179 3549 1253 3613 olim
1289 3548 1413 3614 Marcus
1451 3551 1629 3617 Antoninus

319 3656 490 3737 Augustus,
511 3673 581 3719 cum
603 3654 644 3717 ab
667 3653 856 3735 imperatore
867 3652 995 3716 Nerva1
1016 3653 1229 3735 adoptaretur,
1253 3652 1413 3717 subtristis
1427 3654 1576 3735 apparuit
1597 3662 1630 3719 et

321 3778 381 3821 non
404 3776 515 3840 parum
537 3753 726 3819 mirantibus
746 3753 930 3819 domesticis
960 3760 993 3818 ut
1016 3773 1188 3836 generosus
1209 3763 1241 3816 et
1258 3755 1330 3838 pius
1359 3754 1523 3839 princeps,
1551 3776 1628 3835 „ne-

319 3860 438 3940 scitis“,
460 3859 572 3940 inquit,
594 3878 678 3939 ‚,que
690 3856 774 3921 mala
785 3856 950 3937 imperium
963 3852 1069 3921 secum
1080 3848 1215 3921 laratl‘t
1258 3856 1299 3920 ll't
1312 3863 1374 3926 tua,
1396 3857 1627 3941 pateroptime,

318 3961 507 4040 sublimitas,
529 3955 615 4023 nulla
636 3959 777 4043 pericula
788 3958 858 4023 Deo
874 3957 1019 4023 adiutore
1031 3959 1240 4042 pertimescat.
1282 3958 1364 4021 Nam
1386 3958 1449 4022 ista
1469 3964 1523 4023 tua
1542 3979 1627 4024 coru-

318 4064 411 4129 nacio
431 4062 534 4128 divini
557 4062 702 4126 beneficii
729 4066 786 4125 est.
824 4060 922 4144 Operi
951 4064 1004 4126 tuo
1032 4060 1233 4125 sanctissimo
1252 4060 1374 4125 favebit
1394 4061 1503 4144 procul
1529 4051 1627 4126 dubio

319 4164 406 4229 Deus
428 4162 613 4228 immortalis
639 4169 733 4246 teque
752 4161 1009 4227 florentissimum
1032 4181 1070 4225 ac
1089 4160 1144 4226 diu
1170 4161 1293 4227 felicem
1319 4161 1453 4227 ecclesie
1481 4162 1652 4227 Fuldane·

318 4266 529 4332 conservabit.
571 4264 662 4343 Quod
683 4286 753 4330 oum
773 4284 883 4329 omnes
903 4263 1130 4329 incolumitatis
1158 4270 1189 4328 et
1214 4264 1316 4347 glorie
1344 4270 1396 4328 tue
1425 4262 1626 4348 cupidissimi

381 4494 393 4535 ¹
415 4484 659 4551 AntoninusPiua
679 4499 834 4568 adoptierte
855 4499 909 4552 den
931 4498 1008 4553 Marc
1027 4496 1121 4551 Aurel.

380 4573 394 4619 2
414 4578 477 4658 Vgl.
498 4577 592 4633 Julius
612 4576 795 4653 Capitolinus,
815 4578 976 4632 Antoninus
996 4577 1185 4649 Philosophus
1206 4577 1266 4635 cb.
