3625 5192
722 355 812 413 Brlelc
831 355 1030 413 Mutianslli.
1477 353 1531 408 218

301 503 466 576 Hecataei
493 501 573 589 τύχη
602 513 632 571 et
658 504 830 590 εἱμαρμένη,
859 507 892 570 id
920 513 985 586 est,
1014 506 1112 570 tirturn
1135 513 1167 569 et
1195 505 1369 570 necessitas
1395 505 1456 570 sibi
1486 507 1532 570 in-

221 612 322 676 vicem
343 612 509 674 individuo
538 627 684 674 connexa·
707 611 829 692 glutino
858 610 1030 674 devincunt
1057 607 1196 692 prudens
1223 607 1403 687 consilium,
1430 627 1531 688 sagax

220 712 412 792 remedium,
433 713 547 777 iustum
571 711 758 776 institutum.
802 710 910 791 „Fata
931 717 1046 793 regunt
1068 710 1190 788 orbem,
1210 716 1297 774 certa
1317 715 1404 789 stant
1424 710 1532 774 omnia

220 814 338 896 lege“1
360 821 392 878 et
414 823 505 878 notus
525 821 574 878 est
595 813 647 878 ille
668 813 811 878 Olcautis
833 813 1023 892 versiculus,
1043 831 1135 893 quem
1158 813 1282 879 Seneca
1303 811 1434 876 latinum
1456 813 1532 878 lecit

219 916 251 980 in
272 916 435 998 tragedia,
465 915 513 978 cui
543 915 652 1004 titulus
673 923 721 980 est
744 915 894 980 Hercules
922 915 1067 979 insanus:
1096 913 1248 994 „Ducunt
1273 914 1429 978 volentem
1452 915 1530 993 iata,

221 1019 377 1083 nolentem
401 1017 573 1082 trabunt“²
595 1029 626 1081 et
644 1019 813 1101 scriptores
825 1017 1011 1099 agminatim
1023 1016 1219 1079 exclamant:
1240 1013 1366 1094 „Vitam
1377 1017 1461 1098 regit
1470 1018 1529 1081 i'or-

221 1131 313 1200 tuna,
342 1139 403 1184 non
432 1120 641 1204 sapientia³“.
694 1119 768 1184 ideo
789 1119 898 1184 Cicero
926 1126 1031 1182 noster
1058 1119 1090 1182 in
1120 1117 1257 1201 epistola
1282 1118 1452 1182 scitissime
1477 1137 1530 1182 ex-

219 1224 350 1288 clamat:
373 1222 466 1302 „Hoc
488 1230 629 1307 ternpore
649 1220 787 1286 audacia
811 1241 867 1304 pro
888 1221 1048 1304 sapientis
1070 1220 1143 1285 licet
1165 1220 1240 1284 uti.“

301 1325 365 1388 lien
387 1323 495 1388 fatalis
516 1323 684 1407 dispositio
707 1325 803 1388 muris
820 1325 916 1388 l'avet.
951 1322 1107 1388 Nimirum
1128 1322 1255 1386 morbus
1275 1342 1378 1388 mores
1403 1323 1528 1388 invasit.

219 1425 294 1490 Mali
316 1427 405 1508 quasi
430 1425 528 1490 herba
558 1425 678 1506 irrigua
705 1434 928 1490 succreverunt
951 1424 1117 1491 uberrime.
1168 1424 1310 1489 illiterati
1338 1426 1529 1506 sacerdotes,

218 1529 271 1610 qui
284 1529 337 1592 vix
359 1528 548 1610 primoribus
570 1527 669 1592 labris
690 1535 899 1608 gustaverunt
919 1527 1028 1591 literas
1049 1527 1280 1606 elementarias,
1301 1533 1366 1592 tarn
1385 1527 1529 1606 barbare,

219 1639 282 1693 tam
305 1631 433 1704 contuse
455 1641 664 1711 corrupteque
685 1635 796 1694 sancta
818 1629 917 1694 verba
938 1629 1161 1711 pronunciant,
1188 1637 1222 1693 ut
1246 1629 1441 1694 ineluibilem
1462 1650 1526 1693 ma-
1605 1609 1616 1632 ⁰

218 1732 320 1796 culam
342 1732 532 1796 Glrristianis
552 1731 740 1796 ceremoniis
761 1738 941 1813 aspergant.
983 1730 1047 1794 Sed
1068 1739 1175 1796 essent
1196 1731 1334 1812 lereudi,
1355 1732 1382 1796 si
1404 1739 1526 1796 tantum

218 1835 328 1916 lingua
349 1841 516 1916 peccarunt
537 1842 569 1897 et
591 1853 652 1897 nnn
682 1842 788 1899 essent
815 1832 961 1897 omnibus
983 1833 1107 1916 probris
1128 1835 1333 1898 contaminati
1351 1843 1395 1898 0et
1419 1835 1527 1900 auimo

218 1957 278 2000 non
301 1923 404 2002 miuus
426 1957 520 2018 quiam
545 1955 598 2000 ore
610 1935 786 2019 depravati,
809 1935 925 2016 quibus
945 1934 1049 1999 nullus
1063 1935 1123 2000 Dei
1146 1942 1248 2000 metus
1268 1942 1325 2015 est,
1347 1936 1426 2002 nibil
1439 1939 1526 2020 peni-

218 2048 267 2103 tus
294 2039 473 2121 religiosum
503 2046 607 2119 preter
637 2038 778 2102 habiturn
816 2035 1053 2101 sacerdotalem.
1102 2037 1173 2102 Non
1207 2037 1291 2101 enim
1319 2035 1557 2119 Salvatorem,'

217 2161 278 2205 uon
298 2143 455 2222 virtutem,
477 2159 538 2204 non
553 2141 649 2204 vitam
660 2139 861 2238 dispositam,
882 2141 1041 2222 pudicam,
1062 2126 1276 2220 tranquillam,
1297 2141 1354 2204 sed
1374 2142 1526 2205 subantes

217 2244 248 2306 in
272 2244 423 2307 Venerem
451 2249 590 2306 ventrem
623 2241 729 2306 colunt
755 2249 786 2306 et
816 2261 878 2323 que
911 2241 970 2304 sub
1007 2249 1116 2306 uentre
1144 2251 1229 2311 sunt.
1262 2262 1386 2326 semper
1416 2243 1524 2323 rixosi,

217 2365 339 2429 semper
366 2344 455 2409 ebrii.
507 2345 568 2408 Ubi
598 2351 702 2407 autem
734 2344 886 2415 ebrietas,
911 2342 971 2436 Β
997 2345 1082 2408 l'uror
1107 2352 1138 2408 et
1164 2343 1270 2409 libido.
1312 2345 1464 2426 Legimus
1491 2346 1523 2410 in

165 2531 169 2538 Ι
216 2445 352 2511 decretis
379 2457 556 2511 sanctorum
583 2445 820 2510 saluberrimam
843 2446 1055 2524 sanctionem,
1088 2465 1149 2528 que
1169 2447 1265 2510 XXX
1285 2445 1356 2512 dies
1375 2454 1462 2510 arcet
1482 2449 1524 2512 ab

216 2547 373 2612 bominum
397 2547 615 2612 communione
636 2565 722 2626 cunr,
748 2547 802 2629 qui
825 2549 875 2612 vel
902 2538 999 2612 semel
1021 2549 1128 2612 ebrius
1148 2549 1271 2613 iberita
1313 2547 1421 2614 Nostri
1448 2570 1523 2614 vero

215 2650 291 2732 galli
316 2671 376 2715 uon
399 2650 498 2715 solum
520 2669 582 2714 non
611 2657 719 2713 arcent
746 2649 852 2714 ebrios
880 2660 912 2714 el
933 2651 1120 2715 submovent
1142 2659 1318 2732 potatores,
1341 2651 1397 2715 sed
1418 2651 1524 2716 missis

216 2753 339 2837 nunciis
359 2752 565 2837 amplissimis
579 2753 647 2814 viro
661 2771 812 2816 econoruo
829 2761 860 2816 et
878 2753 1021 2815 Pistorel
1042 2753 1239 2816 subinvitaul
1259 2761 1291 2817 et
1311 2753 1422 2817 cisium
1445 2754 1524 2818 daut

216 2865 247 2918 et
267 2855 346 2919 illud
362 2854 524 2936 egregium
538 2853 638 2918 Sextii
667 2853 836 2932 celebrant,
858 2853 911 2918 nbi
925 2856 1107 2947 acceprerint
1125 2853 1341 2919 occulissimos
1356 2856 1522 2920 convivas:

216 2957 353 3036 „Manus
374 2958 448 3021 lava
470 2967 500 3042 et
522 2957 650 3020 conalf‘
694 2955 806 3032 Credo,
829 2963 995 3020 numerant
1015 2957 1116 3020 eciam
1139 2959 1302 3040 premium,
1324 2955 1407 3039 quod
1429 2947 1522 3023 Tibe·

215 3059 279 3122 rius
301 3067 367 3123 suis
388 3058 629 3123 combibonibus
650 3057 970 3123 auct01·es¹uer0n10²
992 3058 1130 3140 prestit't
1179 3059 1207 3124 0
1229 3061 1345 3124 mores!
1387 3059 1529 3143 Faciunt¹

178 3243 181 3255 .
216 3160 274 3224 boc
295 3160 451 3244 religiosi,
479 3159 562 3242 «ruod
579 3181 625 3226 ne
647 3161 678 3224 in
702 3159 864 3243 prophano
886 3160 936 3224 lex
958 3159 1076 3224 Christi
1098 3079 1166 3224 brt.
1208 3159 1326 3226 Bibuut
1351 3160 1384 3225 iu
1409 3181 1520 3246 propa

277 3445 286 3486 ¹
309 3448 449 3514 Marriliuu,
469 3448 578 3502 Astron.
593 3448 642 3514 lv,
657 3446 700 3502 lt.

274 3543 287 3584 ²
310 3547 416 3600 blutian
438 3547 486 3600 irrt
507 3547 565 3600 sich
587 3565 622 3599 an
635 3547 724 3599 dieser
735 3545 832 3600 Stella:
855 3546 1117 3601 Ilchersstannnt
1136 3563 1186 3598 aus
1206 3545 1259 3600 den
1277 3543 1521 3599 BriefenSenecas

215 3628 270 3680 nud
288 3646 359 3680 uwsr
377 3645 427 3680 nus
449 3626 493 3682 Br.
508 3626 571 3680 107.
586 3625 631 3679 ll.

274 3719 288 3762 3
308 3723 415 3790 Cicero,
436 3723 611 3778 'I'usculanen
624 3724 658 3790 V,
671 3725 698 3776 9.
711 3723 756 3777 25.

274 3819 287 3860 ⁴
309 3823 422 3876 Dect-oti
452 3817 539 3892 prinus
568 3839 645 3892 pars,
673 3821 813 3875 distinctio
835 3821 944 3875 XXXV
968 3840 990 3874 c.
1007 3824 1033 3875 a.
1074 3821 1203 3892 Triginta
1228 3821 1327 3875 diebus
1353 3840 1369 3875 a
1397 3839 1519 3875 commu·

212 3903 295 3956 uione.
317 3902 434 3957 clericus
455 3901 601 3970 rrlrstincal,
621 3919 703 3972 quem
725 3901 830 3954 ebrium
854 3901 939 3954 l'nissc
961 3901 1123 3955 constiterit.

272 3995 362 4054 ⁵Dic
385 3999 608 4053 Por-siinlicblreit
629 3999 665 4054 ist
686 3999 739 4053 mir
759 3999 841 4079 nicht¹
859 4000 947 4052 niiber
969 3997 1100 4052 bekannt.

273 4093 287 4136 ὅ
311 4096 417 4163 Cicero,
436 4099 470 4149 dc
490 4103 597 4150 oratore
614 4097 651 4166 11,
663 4099 707 4150 lili.
721 4096 791 4149 246:
814 4096 886 4150 lllrul
903 4095 1044 4167 egregium
1064 4097 1139 4148 reati
1158 4097 1366 4166 ct'extempure.
1398 4096 1520 4164 „Manus

213 4179 302 4244 lavu“,
323 4177 422 4247 inquit,
444 4183 493 4243 „et
514 4177 622 4230 cocnu.“
1283 4174 1288 4181 '

278 4271 289 4316 Ῑ
311 4275 424 4344 Sinelon,
441 4274 626 4329 'liberium
669 4275 769 4328 Postea
780 4273 909 4344 princeps
923 4275 950 4326 in
966 4273 1025 4343 ipsa
1040 4273 1214 4342 publicorum
1228 4291 1334 4326 morum
1349 4273 1520 4327 correctione

213 4373 275 4410 curn
298 4355 454 4426 Pomponio
483 4354 583 4410 Flacco
613 4361 641 4408 cl
669 4355 700 4408 L.
727 4355 829 4408 Pisone.
854 4361 962 4407 noctem
994 4352 1214 4423 continuumque
1239 4354 1354 4407 biduum
1380 4353 1519 4423 epulando

212 4437 391 4507 potandoque
413 4435 598 4504 consumpsit,
627 4452 742 4504 (purorum
771 4433 849 4488 alteri
872 4434 979 4504 Syriam
1006 4434 1190 4503 provinciam,
1214 4433 1293 4488 alteri
1315 4433 1517 4502 praefecturam

212 4515 288 4570 urbis
314 4515 461 4570 confestim
491 4515 607 4580 detulit,
644 4515 779 4568 codicillis
804 4531 914 4584 ‹prroqno
942 4514 1155 4568 inmundissimos
1181 4523 1209 4568 ct
1233 4513 1357 4567 omnium
1388 4516 1517 4570 horarum

210 4598 314 4652 amicos
334 4596 480 4672 professus.
