3625 5192
695 362 784 426 1111010
802 359 923 426 Maliane
942 368 1000 426 154.
1016 362 1076 424 155.
1487 368 1538 426 227

229 515 299 585 dies
321 517 443 601 aliquot
463 515 596 584 desedit.
639 519 736 607 (lupit
756 519 884 586 celestis
904 519 1018 585 militie
1046 521 1174 603 cingulo
1200 521 1351 603 precingi.
1394 521 1467 586 Non
1492 541 1539 586 re-

228 641 345 705 pugno,
365 641 438 685 uam
459 622 486 685 si
509 623 764 686 iurisscieutiam
783 622 929 704 religioni
944 623 1116 707 copulabit,
1138 623 1310 689 canonicus
1331 623 1392 687 erit
1412 624 1444 687 in
1464 641 1537 688 arce

147 720 154 740 ·’
230 723 474 806 Witteuburgia.
522 723 590 806 Ego
617 724 657 787 ad
686 731 717 790 te
745 725 853 789 multis
880 724 921 789 de
948 726 1055 789 causis
1080 727 1183 790 rarius
1211 725 1333 806 scribo,
1358 725 1538 807 exquibus

228 825 334 906 alique
361 826 538 890 necessarie
562 833 649 907 suut,
678 826 827 890 nonnulle
854 826 1038 892 voluntatis.
1078 827 1218 892 Necesse
1244 833 1308 902 eat,
1338 833 1386 909 ut,
1410 827 1539 909 quando

228 927 344 993 desunt
364 928 539 1003 tabellarii,
561 940 699 1002 taceam,
721 936 762 1008 et,
786 928 813 992 si
835 928 984 994 affuerint
1005 949 1085 993 nevo
1105 928 1233 994 malicie
1252 929 1377 1010 inlecti,
1399 930 1538 996 scribere

228 1029 310 1095 uolo.
352 1029 431 1110 Scis,
453 1049 548 1112 quam
569 1030 699 1096 sitlucri
717 1030 1137 1115 cupidusilletlothensium
1158 1050 1273 1096 cursor.
1317 1031 1436 1097 Vendit
1450 1032 1538 1112 mihi,

228 1151 290 1197 uon
306 1131 362 1202 det
382 1133 499 1197 literas.
541 1132 612 1196 Nisi
636 1132 753 1196 nummi
774 1133 839 1196 sint
853 1151 1027 1217 prenruun,
1050 1152 1111 1197 non
1124 1132 1238 1198 reddit.
1273 1133 1309 1198 Si
1321 1135 1423 1198 miuus
1435 1133 1538 1216 datur,

228 1253 322 1316 onam
353 1236 434 1306 vult,
472 1233 634 1299 maledicit
660 1235 752 1316 quasi
780 1234 945 1299 liaudutirs
972 1233 1090 1299 debito.
1135 1235 1248 1316 Neque
1276 1236 1407 1301 abillis
1437 1236 1538 1302 solum

229 1336 363 1420 accipit,
393 1337 447 1418 qui
475 1336 605 1416 debent,
638 1334 816 1402 sedetiam
844 1336 884 1400 de
906 1336 1092 1401 accessoriis
1113 1346 1145 1399 et
1166 1337 1297 1402 aliunde
1322 1337 1408 1402 datis
1437 1337 1538 1404 literis

229 1437 403 1503 mercedem
425 1438 559 1521 flagitat.
603 1438 671 1516 Qus
698 1457 748 1503 res
775 1458 824 1502 me
849 1437 927 1502 lacit
953 1438 1132 1502 tardiorem.
1179 1438 1327 1504 Preterea
1348 1445 1419 1504 tuas
1446 1459 1538 1504 curas

229 1539 432 1633 interpellare
454 1560 514 1606 non
536 1541 618 1620 licet,
641 1560 679 1604 ue
699 1534 978 1624 dicant'palatini,
1004 1535 1057 1622 riui
1085 1541 1222 1627 stimulis
1243 1549 1402 1624 puruguut,
1430 1549 1536 1607 contu-

228 1643 324 1708 melia
351 1643 501 1708 infestant
525 1641 621 1707 alios:
656 1642 741 1721 Quid
768 1643 931 1708 uobiscum
959 1651 1007 1707 est
1034 1643 1192 1708 nobilitati
1218 1643 1377 1708 literatis?
1425 1642 1537 1724 ltaque

229 1757 347 1826 neque⁸
369 1753 440 1808 tuas
456 1753 594 1827 ‚expecto
616 1764 717 1827 neque
733 1763 820 1810 meas
840 1745 1037 1828 expectabis,
1058 1745 1120 1809 nisi
1144 1766 1195 1810 res
1215 1743 1385 1810 admodum
1405 1745 1538 1828 grandis

229 1853 350 1929 urgeat.
392 1837 517 1927 Studes,
540 1845 799 1912 ntmihidioitur.
843 1847 929 1911 Bene
949 1847 1039 1926 lacis,
1062 1846 1118 1912 sed
1140 1847 1252 1912 modus
1272 1848 1359 1911 assit.
1402 1847 1538 1913 Baculus

229 1947 306 2012 iuris
326 1950 372 2013 sio
394 1949 533 2032 preteriri
550 1957 664 2032 potest,
686 1956 721 2014 ut
744 1951 775 2014 iu
798 1948 937 2032 petenda
959 1949 1114 2014 licencial
1137 1950 1246 2034 (quam
1268 1955 1395 2022 vocant)
1416 1954 1539 2013 ematur

230 2057 313 2114 stato
344 2037 454 2133 pretio.
502 2051 555 2114 Ait
583 2050 726 2115 Paochus
752 2049 838 2115 idem
862 2051 903 2115 ab
933 2052 1007 2115 aliis
1034 2053 1166 2131 laetum,
1199 2070 1382 2132 aequoque
1409 2051 1467 2114 niti
1495 2050 1537 2114 ud

228 2151 395 2216 licenciam
420 2153 527 2218 lavore
557 2159 588 2216 et
617 2153 789 2218 ambitione
818 2173 879 2217 oon
902 2160 967 2218 tam
993 2153 1143 2236 preterito
1170 2173 1264 2235 quam
1291 2151 1384 2216 simul
1412 2159 1538 2236 arrepto

231 2255 351 2320 baculo.
393 2255 515 2319 Poteris
525 2265 557 2319 et
569 2263 612 2332 tu,
634 2256 662 2320 si
675 2255 752 2322 iuris
771 2255 875 2321 studio
889 2255 1036 2320 sullicies.
1078 2256 1199 2320 Tamen
1218 2256 1331 2336 iugens
1353 2252 1538 2318 adhibenda

230 2354 408 2420 meditacio.
451 2357 608 2424 Viriculas
630 2363 700 2422 tuas
721 2359 844 2423 estimo.
887 2361 995 2424 Status
1017 2357 1062 2421 tui
1090 2362 1241 2422 rationem
1264 2357 1356 2422 habe.
1397 2355 1537 2420 1111110-

230 2477 292 2538 que
313 2477 430 2540 magna
451 2459 588 2525 solertia
608 2461 769 2526 consistat.
811 2461 846 2526 Si
875 2460 1020 2543 publicus
1046 2460 1154 2525 doctor
1180 2460 1258 2540 eris,
1284 2458 1338 2524 ubi
1366 2457 1454 2538 libri,
1482 2457 1536 2538 qui

231 2567 304 2624 sunt
325 2559 461 2626 infiniti?
503 2561 635 2626 Latinus
657 2562 738 2626 inter
760 2561 911 2628 barbaros
933 2562 1110 2627 versabere.
1152 2561 1211 2626 Est
1224 2559 1537 2626 interrlchurlinuml

300 2717 311 2743 ²
331 2724 357 2767 F
370 2739 409 2772 ne.
481 2707 494 2744 b
512 2725 580 2771 cultu
599 2724 636 2770 bei
655 2725 694 2770 Tu.

233 2873 304 2880 -a—

234 2989 329 3051 neunt,
348 2981 481 3038 studierte
501 2981 554 3038 seit
575 2981 768 3037 0110111502
790 3001 825 3037 an
845 2982 987 3036 letuterem
998 2981 1065 3036 Orte
1085 2983 1140 3035 und
1161 2982 1269 3036 scheint
1290 2981 1328 3034 im
1348 2979 1434 3035 Jahre
1458 2979 1534 3034 1509

230 3062 275 3117 die
296 3062 490 3118 akademisohe
512 3059 739 3134 Lehrthiitigkeit
756 3062 885 3134 ergriffen
906 3081 939 3116 zu
960 3063 1061 3118 baben.
1105 3061 1190 3132 1517,
1212 3062 1249 3114 im
1270 3061 1382 3126 Herbst,
1401 3069 1534 3115 ernannte

192 3193 197 3202 ,
232 3142 282 3196 ihrr
306 3143 351 3196 die
372 3143 545 3198 Universitr'it
569 3162 601 3196 zu
626 3143 714 3197 ihrem
740 3143 849 3198 Rector.
892 3143 946 3196 Die
968 3143 1058 3197 Acten
1085 3142 1155 3198 iiber
1180 3142 1239 3195 sein
1269 3142 1400 3196 Rectorut
1425 3141 1535 3194 melden

230 3223 397 3294 Fulgendes:
426 3223 570 3278 Balthssar
588 3223 733 3278 Fabricius
755 3222 901 3278 Phacehus
927 3223 1108 3292 ingenuarum
1135 3223 1238 3276 arcium
1266 3222 1411 3292 magister,
1436 3220 1535 3274 utrius·

231 3320 284 3372 que
306 3303 485 3357 humanitatis
506 3303 644 3374 professor
664 3321 737 3358 anno
759 3303 864 3358 domini
884 3302 959 3355 1517
984 3302 1117 3356 liniendis
1128 3301 1257 3356 Octobris
1278 3301 1418 3355 communi
1440 3299 1535 3355 suffra-

231 3383 343 3454 gatione
365 3390 474 3454 patrum
497 3391 604 3437 01011110
632 3389 674 3437 est
694 3383 916 3455 gymnasiarcho.
957 3381 1015 3436 Sub
1044 3383 1123 3437 cuius
1147 3388 1286 3436 rectoratu
1306 3381 1454 3453 principali
1480 3381 1535 3435 cle·

231 3463 341 3516 mencio
361 3469 390 3517 et
412 3461 609 3518 munificencia
629 3463 740 3518 maximi
763 3463 894 3518 Frideriei
922 3463 1055 3533 principis
1080 3463 1208 3517 electoris
1232 3461 1389 3532 respublica
1413 3460 1535 3514 literaria

231 3549 313 3598 aucta
337 3543 518 3622 subiectione
540 3543 686 3614 Plyniana,
707 3543 886 3612 Quintiliani,
908 3543 1043 3597 Prisciani
1065 3550 1093 3596 et
1116 3543 1267 3613 pedagogis
1287 3541 1395 3596 duobus
1415 3540 1536 3611 publicis

202 3635 206 3642 '
231 3629 363 3694 acceptus
384 3631 426 3677 est
446 3623 501 3696 legi
522 3630 613 3678 textus
625 3623 783 3678 Aristotelia
805 3625 833 3677 11
844 3624 968 3694 physicis
989 3631 1017 3677 et
1037 3623 1136 3694 logicis
1151 3622 1287 3692 relatique
1311 3629 1376 3676 sunt
1396 3621 1425 3674 in
1439 3621 1534 3675 album

231 3703 391 3758 achademie
406 3703 622 3774 subsequentes.
635 3747 641 3761 .
654 3746 659 3759 .
672 3749 679 3762 .
711 3705 749 3758 Er
765 3705 849 3770 starb‚
870 3704 942 3757 uach
954 3703 1166 3757 llielauchthons
1183 3702 1272 3770 Notis,
1292 3702 1321 3754 in
1333 3701 1383 3756 der
1397 3701 1535 3768 blatrilrel,

230 3801 303 3839 anuo
326 3783 360 3837 41
387 3791 537 3856 „montagu
559 3785 629 3839 uach
650 3784 817 3840 visitationis
836 3781 970 3838 Mariac“.
1011 3782 1255 3837 Wahrscheinlieh
1279 3783 1350 3836 hielt
1375 3800 1405 3836 er
1425 3781 1486 3836 sich
1506 3781 1535 3834 in

230 3863 490 3919 dendahren1502
514 3864 557 3918 bis
572 3863 648 3917 1509
667 3864 752 3918 bitere
774 3865 802 3918 11
813 3864 909 3918 Erfurt
928 3863 979 3918 auf
995 3863 1050 3917 und
1068 3863 1161 3917 wurde
1181 3863 1242 3917 11101
1262 3863 1314 3917 1111
1334 3863 1398 3916 dem
1413 3861 1535 3916 111111111-

232 3944 316 3999 seben
334 3943 426 3998 Zirkel
448 3943 580 4018 bekannt,
602 3945 651 3998 der
673 3945 721 3998 ilrn
743 3945 857 4000 alsdaun
880 3945 952 3998 euch
972 3944 1036 3997 dom
1058 3943 1165 3997 Mutian
1186 3943 1277 3997 selber
1297 3942 1433 3997 zufuhrte.

295 4042 305 4084 ¹
327 4044 536 4116 „Christofcrus
556 4045 671 4101 Sclreurl
694 4046 941 4116 Nuremberguusis
962 4045 1104 4115 utriusque
1126 4045 1193 4098 iuris
1213 4046 1310 4105 doctor
1327 4041 1534 4099 Bononiensis“

231 4125 424 4196 (Pbrsternunu
445 4125 606 4183 ¹Alecml.
620 4126 761 4198 Viteberg.
783 4145 808 4197 p.
823 4125 875 4190 20)
895 4126 959 4180 kam
984 4126 1013 4178 in
1033 4127 1088 4179 den
1109 4132 1200 4179 ersten
1212 4125 1342 4180 Monaten
1362 4125 1388 4180 d
1409 4125 1434 4178 J.
1458 4121 1533 4176 1507
1641 4162 1645 4168 .

232 4207 303 4262 nuclr
319 4206 498 4278 Wittenberg
523 4207 580 4260 uud
606 4209 697 4262 wurde
727 4207 829 4262 bereils
857 4225 901 4260 am
932 4206 956 4260 1.
978 4205 1033 4259 Mai
1060 4205 1206 4261 desselben
1226 4206 1325 4260 Jahres
1349 4223 1412 4258 zum
1433 4203 1536 4258 Restm

231 4287 355 4345 eruiihlt.
398 4287 435 4340 Ε1
462 4287 536 4358 legte
564 4287 636 4341 nach
661 4287 772 4358 einigen
792 4288 896 4342 Jahren
923 4286 1000 4341 aeine
1022 4285 1168 4340 Professus
1192 4285 1301 4354 nieder,
1331 4303 1375 4338 um
1403 4283 1431 4337 in
1459 4283 1535 4338 aeine

232 4367 392 4422 Vaterstadt
410 4367 661 4422 zuriiolrmrkehren.
703 4367 768 4422 Sein
782 4366 977 4422 Briofwechsel
994 4367 1135 4436 (herausg.
1147 4383 1210 4430 ‚von
1221 4364 1313 4420 Soden
1332 4366 1389 4418 und
1405 4362 1535 4418 Knaaku:

234 4445 693 4518 ChristophScheurlsBriefbuolr.
722 4447 739 4500 2
763 4447 829 4504 Bde.
860 4447 993 4504 Potsduru
1015 4446 1090 4498 1867
1114 4446 1171 4499 und
1194 4444 1281 4511 1871)
1304 4445 1341 4498 ist
1361 4444 1389 4496 in
1404 4444 1556 4498 maueher'

234 4526 394 4600 Beziehung
415 4528 535 4598 wichtig,
556 4546 635 4581 wenn
651 4529 723 4582 auch
734 4527 850 4582 Scheurl
861 4528 949 4582 selbst
968 4526 1052 4582 lisine
1067 4525 1314 4582 allzubedeuteude
1324 4524 1406 4579 Rolle
1424 4523 1454 4577 in
1465 4523 1534 4579 Wit-

234 4607 351 4683 teuborg
373 4609 431 4664 und
451 4608 480 4663 in
500 4607 650 4680 'Niirnberg
668 4607 788 4682 gespielt
807 4608 864 4666 hut.

1281 4699 1335 4766 lt*
