3625 5192
582 347 670 408 Brieie
690 345 809 409 Martinus
827 351 886 408 teu.
906 347 966 406 tel.
988 339 1041 406 408
1431 339 1466 404 ul

160 505 270 572 saltem
293 506 422 572 terciam
445 513 499 570 aut
520 513 663 588 quartam
688 513 819 588 partem.
862 503 972 568 Essem
998 522 1099 587 parve
1119 509 1299 582 contentus,
1326 504 1402 585 quia
1427 504 1467 568 lis

162 610 279 697 pendet
307 610 392 693 apud
421 610 606 674 Getieuenrl
635 626 809 689 nunquam,
841 615 874 670 ut
901 609 1009 680 erede,
1042 607 1191 672 finienda.
1243 607 1309 671 Hee
1340 613 1374 671 et
1402 608 1468 671 elie

162 711 202 774 ad
226 733 275 776 me
296 713 504 796 pertinencia,
526 731 587 794 que
608 718 661 775 tua
679 709 758 774 fides
779 717 811 774 et
832 710 1023 789 humanitas,
1045 710 1196 792 expedire
1217 709 1306 774 reiis.
1348 709 1469 790 Seribe,

161 834 222 895 quo
244 823 384 898 tempere
409 815 586 879 Duronius²
609 813 783 877 Vestalium
815 812 954 876 rationes
975 813 1016 876 sit
1036 812 1217 892 auditurus,
1240 821 1273 877 nt
1294 819 1381 877 tuam
1402 834 1467 879 rem

164 937 293 1000 presens
322 937 425 999 agam.
467 917 562 982 'Pueri
593 917 675 981 enim
706 923 737 981 et
763 933 874 980 amare
901 921 934 980 te
961 914 1063 980 debeo
1089 915 1220 979 etrele.
1264 916 1317 980 Ait
1338 916 1469 981 Publius

162 1020 307 1104 nupsisse
330 1028 461 1084 matrem
483 1019 620 1084 seeundo
642 1021 755 1083 marite
772 1025 803 1082 et
820 1037 888 1082 esse
905 1018 1055 1082 feminam
1068 1017 1205 1081 salar-em
1221 1025 1253 1082 et
1263 1026 1467 1101 perastutam.

163 1123 289 1187 Timere
311 1141 359 1196 se,
389 1141 429 1187 ne
451 1141 525 1186 suus
545 1122 666 1186 reeulus
687 1111 877 1204 intercipiat.
920 1121 1003 1184 Petit
1023 1119 1197 1184 eonsilium.
1241 1120 1370 1200 Audiet,
1390 1122 1468 1200 quid

160 1225 219 1291 tibi
242 1225 388 1289 videatur
409 1232 440 1288 et
460 1225 486 1288 si
512 1223 586 1306 quid
609 1233 673 1302 est,
695 1224 776 1305 qnod
801 1231 895 1308 putas
917 1243 987 1287 eum
1008 1223 1089 1287 seire
1112 1229 1256 1303 opertere
1279 1230 1334 1286 arrt
1354 1225 1469 1304 lasere,

160 1327 268 1392 dieite.
313 1327 390 1391 Vale
411 1335 443 1391 et
466 1328 563 1392 salue.

232 1452 411 1499 Handselrrllti.
429 1451 511 1498 11383
532 1451 572 1498 lbi.
587 1449 781 1497 ssidir-Qllr
825 1451 900 1497 llerlr.
921 1450 945 1498 b.
963 1450 998 1496 'l'z
1017 1450 1040 1498 S,
1058 1449 1107 1496 182
1122 1449 1206 1496 -183
1231 1465 1276 1496 eon
1300 1450 1419 1503 Falleris,
1446 1451 1468 1495 si

162 1521 198 1568 bis
217 1529 301 1568 nonno
319 1523 476 1582 guirdenmus.

162 1707 546 1780 408.ll0um1{essus
568 1726 613 1774 an
635 1707 785 1778 llutlsn.
1008 1704 1138 1772 Erfurt
1151 1708 1250 1776 1514.
1281 1707 1417 1789 August
1432 1709 1468 1777 4.

232 1833 324 1880 Hessus
344 1834 450 1884 meldet.
469 1835 526 1880 dass
545 1849 571 1880 er
593 1833 703 1880 blutians
721 1832 792 1879 Briel
810 1832 836 1878 in
856 1831 959 1891 Leipzig
976 1833 1090 1876 erlralten
1110 1832 1161 1877 und
1180 1832 1280 1878 endlieb
1299 1833 1365 1878 narb
1383 1832 1468 1878 Etl'urt

162 1904 362 1962 aurilelrgelrehrt
385 1904 432 1964 sei,
461 1919 497 1950 wo
527 1920 554 1950 er
577 1905 616 1950 die
641 1903 875 1950 Gestlremrdsebnlt
900 1903 943 1948 des
967 1903 1088 1948 Heinrlelr
1110 1902 1241 1948 Eberbacb
1269 1903 1389 1961 geniem.
1434 1903 1468 1948 Er

163 1973 312 2020 libersendet
329 1969 383 2020 dein
402 1983 516 2021 narrantes
536 1975 622 2020 li'erlr.

242 2071 273 2135 M
281 2073 416 2137 uliano
437 2071 526 2144 Rulb,
548 2073 616 2138 viro
637 2071 786 2156 sapienti,
808 2072 911 2136 anriee
933 2091 989 2137 sue
1010 2071 1151 2137 calendo.

1276 2174 1389 2238 Gothe.

242 2291 346 2356 Salve.
389 2290 487 2375 Lypsi
515 2291 592 2355 mibi
622 2291 760 2356 reddidit
787 2292 917 2355 literas³
946 2298 1016 2356 tuas
1045 2291 1178 2354 laeebus
1204 2291 1351 2365 Sebius⁴,
1380 2289 1470 2354 Cele-

161 2394 281 2457 niensis
310 2393 379 2474 ille,
407 2394 459 2474 qui
482 2393 524 2456 ad
544 2394 867 2476 Aestieanrpiarruru5,
898 2401 1020 2476 patrem
1044 2392 1153 2476 sehale
1175 2393 1372 2474 Christiane,
1392 2394 1469 2456 ami-

163 2515 233 2559 eum
256 2503 395 2559 nestrum
418 2495 689 2578 proficiscebatur,
717 2517 778 2578 que
808 2496 907 2559 nihile
930 2496 1006 2560 mibi
1030 2496 1133 2576 magis
1154 2496 1353 2579 placuerunt,
1375 2515 1469 2575 quarn

163 2598 247 2679 quaed
271 2605 338 2676 tue,
376 2597 475 2660 nihilo
502 2599 606 2678 inagis
642 2598 870 2680 displicebant,
902 2618 997 2679 quam
1033 2597 1116 2679 qued
1148 2605 1239 2662 erant
1274 2597 1469 2679 brevissime.

164 2699 345 2764 Cireunrtuli
368 2701 475 2763 statim
503 2698 544 2762 ad
572 2701 691 2764 amieos
701 2702 724 2780 i,
751 2701 864 2782 quibus
888 2719 988 2782 (ruam¹
1006 2702 1131 2782 paneis,
1158 2699 1215 2764 sed
1236 2701 1365 2783 optimis
1386 2708 1470 2764 eerte

124 2790 126 2794 ’
162 2802 261 2885 Lypsi
277 2821 351 2866 usus
365 2822 442 2866 sum.
484 2802 682 2867 Mirabantur
698 2822 807 2868 ornnes
823 2803 978 2867 erationis
997 2812 1052 2884 tue
1067 2808 1251 2885 perpetuam
1267 2802 1469 2883 elegantiam.

163 2903 246 2981 Quid
269 2905 383 2988 plura?
424 2905 506 2986 Ege,
535 2907 577 2967 mi
599 2905 692 2984 Rul'e,
721 2914 793 2987 pest
821 2907 931 2986 longos
961 2924 1082 2969 errores
1100 2903 1311 2987 Erpburdiam
1331 2896 1469 2968 ¹tandem

163 3026 246 3070 nune
266 3005 368 3070 rediil
389 3027 503 3072 nevum
525 3006 585 3070 boe
606 3007 716 3090 opusss,
743 3007 783 3071 de
805 3026 865 3088 que
888 3027 964 3090 sepe
986 3006 1041 3070 tibi
1065 3006 1188 3088 scripsi,
1212 3007 1408 3089 protessurus
1429 3026 1469 3071 ex

162 3108 298 3188 publiea.
341 3107 432 3186 Quod
450 3119 482 3174 et
499 3110 601 3194 ipsum
621 3111 662 3174 ad
686 3117 716 3173 te
737 3110 842 3188 mitte,
865 3116 898 3172 ut
920 3108 1030 3173 rideas
1050 3127 1108 3173 nee
1130 3115 1251 3172 tautum
1274 3108 1393 3188 rideas,
1412 3109 1469 3172 sed

228 3322 237 3364 ¹
260 3326 371 3382 Jehanu
393 3326 575 3398 Siimmeriug.
618 3329 680 3400 Vgl.
693 3328 738 3382 Br.
752 3329 785 3381 ll
810 3327 836 3382 S.
854 3329 885 3381 li
907 3327 990 3382 Anm.
1008 3328 1022 3380 1
1041 3346 1066 3382 u.
1082 3327 1127 3384 Br.
1139 3326 1198 3380 205
1220 3326 1246 3382 S.
1260 3327 1315 3380 281
1340 3325 1423 3384 Arrun.
1442 3328 1467 3380 1.

225 3401 239 3444 ‘2
261 3407 319 3462 Aba
339 3407 482 3462 lohannes
502 3426 555 3462 von
578 3407 776 3480 Georgentbal.

223 3481 237 3525 3
258 3487 321 3540 Den
343 3487 482 3558 Emplang
509 3489 652 3542 desselben
681 3489 815 3559 bestiitigt
835 3487 939 3542 Hessus
965 3489 1068 3542 bereits
1093 3507 1137 3543 arn
1166 3488 1211 3541 2⁸2.
1226 3488 1295 3544 Juni
1322 3487 1350 3540 in
1376 3487 1467 3542 einem

163 3566 315 3622 Schneiben
343 3585 378 3622 en
405 3567 542 3638 Spaletin:
571 3569 631 3639 Ege
658 3569 712 3622 biis
738 3569 836 3622 diebus
862 3587 878 3622 u
900 3569 1025 3623 Matiane
1054 3570 1149 3624 literas
1175 3571 1278 3638 aecepi.
1325 3567 1405 3621 Brief
1428 3567 1466 3620 im

162 3647 276 3702 Baseler
296 3645 387 3702 Codex
410 3647 445 3708 G.
456 3648 476 3703 l.
488 3649 524 3700 31
543 3648 591 3702 fol.
602 3651 627 3707 9.

223 3724 237 3766 ¹²
259 3727 296 3780 Er
316 3729 393 3783 hatte
415 3729 461 3783 bei
481 3729 589 3783 Mutiau
610 3729 839 3800 ver-gespreelren.
883 3728 943 3798 vgl.
954 3728 999 3784 ur.
1011 3728 1079 3788 318,

223 3803 237 3845 ⁵
258 3807 322 3879 Vgl.
334 3807 378 3863 Br.
390 3807 447 3862 299
464 3807 489 3864 S.
502 3808 560 3862 385
582 3807 662 3864 Anm.
675 3810 701 3866 3.

223 3884 237 3926 6
257 3889 320 3958 vgl.
337 3890 452 3944 Krause.
482 3890 514 3946 E.
532 3889 635 3944 Hessus
650 3890 670 3944 l.
689 3889 865 3942 117-119.

225 3964 318 4022 tuus
344 3971 392 4024 der
418 3971 512 4024 weiter
539 3977 624 4024 unteu
652 3971 802 4041 folgenden
824 3969 942 4040 Angabe
969 3969 1077 4040 ergiebt
1102 3970 1176 4037 siah,
1204 3971 1266 4025 dass
1292 3969 1396 4026 llessus
1423 3989 1467 4026 am

163 4049 211 4106 21.
234 4049 293 4104 luri
315 4051 343 4103 in
370 4049 464 4104 Erfurt
490 4049 670 4121 eingetroffen
697 4053 746 4120 ist,
773 4051 866 4116 nieht,
898 4050 948 4103 wie
976 4050 1085 4104 Krause
1109 4046 1233 4121 l[.131)
1255 4051 1325 4121 will,
1356 4052 1468 4123 Aufung

162 4129 313 4281 Αῑι1311181131
339 4209 383 4262 Br.
402 4209 459 4262 309
487 4209 572 4264 Arum.
592 4211 619 4264 8.
654 4211 760 4264 Kranae
778 4209 810 4280 (1.
825 4209 893 4280 108)
920 4211 1020 4264 nimmt
1045 4229 1090 4277 an,
1119 4213 1181 4266 dae
1206 4211 1311 4265 Hessus
1337 4213 1468 4267 withreml

163 4290 254 4344 selues
280 4290 472 4360 preussiselren
493 4289 688 4346 Aufentlraltes
716 4292 761 4345 die
781 4291 922 4345 Heriodeu
950 4309 1004 4344 mm
1031 4291 1067 4344 im
1091 4291 1186 4345 Geiste
1208 4293 1373 4361 entworfen,
1401 4295 1468 4348 aber

163 4372 236 4424 neeh
258 4371 349 4424 niehts
370 4371 458 4424 daven
481 4369 766 4444 niedergesehrieben.
810 4372 881 4426 Dern
901 4371 1093 4441 nidersprieht
1110 4373 1171 4426 eine
1190 4372 1339 4428 briefliebe
1351 4375 1467 4428 Aeusse·

163 4469 235 4521 rung
267 4469 301 4504 an
329 4449 452 4522 Spalatin
486 4470 548 4506 vom
579 4454 693 4506 zareiten
722 4452 936 4522 listerfeiertage
960 4453 1036 4504 1512
1068 4452 1192 4521 rBaseler
1221 4452 1314 4505 Codex
1334 4455 1369 4510 G.
1390 4454 1410 4506 1.
1427 4455 1463 4506 31

163 4531 210 4585 fel.
233 4531 347 4589 4—7l:
369 4532 428 4586 lam
450 4540 505 4586 tres
525 4534 590 4586 anui
612 4539 685 4598 suut,
706 4534 771 4585 dum
795 4534 821 4585 in
844 4533 997 4587 seribeudis
1012 4533 1138 4602 epistulis
1152 4531 1320 4586 Heroidibus
1340 4534 1468 4587 videlieet

163 4609 327 4666 Christianis
348 4619 498 4682 occupatus
518 4631 577 4667 sum
600 4614 707 4668 simiam
730 4621 798 4683 puto
820 4613 910 4667 Ovidii
931 4613 1062 4667 referens.

1222 4712 1266 4768 511
