3625 5192
316 337 351 397 80
687 335 946 411 Geschielrtsquelleu
965 336 1014 397 der
1031 335 1105 399 Prov.
1126 338 1249 397 Sachsen.

317 491 481 557 verborum
507 489 648 575 pondera
678 491 804 574 putari,
831 498 865 555 ut
884 510 946 555 uuo
969 488 1065 556 verbo
1087 498 1140 555 tuo
1162 511 1232 557 cum
1253 510 1324 558 meu
1346 488 1440 558 laude
1455 490 1622 557 coniuncto

317 594 423 659 omnia
444 612 494 657 me
518 593 646 675 assequi
667 612 760 675 posse
781 593 981 659 arbitrarer.“
1023 593 1102 659 Item
1128 595 1330 674 „memoriam
1356 596 1452 659 rostri
1476 593 1622 661 henetieii

319 696 420 761 colam
443 695 669 759 benevoleneia
690 694 892 780 sempiterna.
935 696 970 760 ln
992 696 1156 762 relerenda
1181 702 1287 763 autem
1311 698 1422 780 gracia
1447 696 1506 763 hoc
1530 696 1623 761 vobis

317 797 499 882 repromitto
520 816 707 880 semperque
727 796 877 881 prestabo
902 798 981 863 mihi
1011 818 1113 880 neque
1141 799 1173 863 in
1201 798 1344 865 consiliis
1367 798 1407 863 de
1434 818 1468 863 re
1494 798 1623 883 publica

317 899 483 984 capiendis
513 897 719 981 diligenciam
756 918 859 982 neque
900 900 933 965 in
970 900 1120 983 perieulis
1155 920 1175 967 a
1210 900 1374 985 republica
1398 899 1622 985 propulsandis

317 1001 457 1067 animum
477 1018 580 1083 neque
601 1001 634 1063 iu
657 1000 815 1065 sententia
835 1000 1024 1086 simpliciter
1045 1001 1210 1067 reserenda
1229 1000 1323 1067 fidem
1346 1021 1448 1084 neque
1470 1003 1502 1067 io
1524 1002 1623 1068 homi-

317 1124 391 1168 uum
414 1103 629 1168 roluntatibus
649 1122 706 1187 pro
727 1102 890 1186 republica
916 1102 1060 1169 ledendis
1085 1103 1262 1170 libertatem
1291 1124 1350 1170 nec
1378 1105 1409 1169 in
1435 1103 1621 1188 perferendo

317 1205 425 1270 labore
456 1204 644 1270 iudustriam
678 1224 738 1270 nec
769 1206 802 1269 in
834 1206 950 1271 vestris
978 1206 1152 1273 commodis
1185 1206 1341 1290 augendis
1370 1215 1495 1289 grutam
1522 1206 1620 1273 animi

318 1308 575 1373 benevolenciam
596 1306 775 1372 defuturam
785 1307 823 1369 ¹.“
864 1308 901 1372 ln
930 1307 980 1373 his
1007 1308 1218 1375 locutionibus
1243 1308 1462 1392 perquirendis
1491 1329 1556 1374 non
1589 1308 1621 1371 in

317 1409 527 1475 demoliendis
550 1409 847 1493 perpendendisque
868 1410 1003 1495 syllabis
1024 1430 1241 1478 consenescos.
1285 1412 1371 1477 Vale.
1412 1412 1550 1495 Raptim.

388 1533 568 1579 llandsclrrittl.
587 1534 668 1579 utto
688 1534 730 1580 iol,
745 1532 847 1580 ltuv-
863 1534 940 1581 lruv.
979 1534 1052 1583 (ledr.
1066 1534 1090 1582 b.
1105 1535 1139 1581 'l'a
1162 1536 1210 1581 l'orr
1227 1536 1252 1582 Si
1271 1535 1326 1594 quis
1345 1549 1453 1593 unqusru
1474 1534 1510 1581 bia
1527 1534 1620 1580 diutius

316 1603 458 1648 desiderare
478 1602 528 1647 arrad
546 1619 592 1649 rora
612 1604 673 1661 Lagi
692 1611 717 1648 ot
740 1603 820 1649 liabeo
838 1603 874 1649 tris
893 1605 959 1651 ‹losts
978 1605 1101 1652 instituo».

318 1838 794 1914 o1.lt.snEobnnllessus.
1167 1838 1421 1922 aethnaeus)
1441 1839 1619 1915 lanunrl.

386 1951 448 1998 utut
466 1952 599 2011 gratuliert
615 1952 672 1999 dem
682 1949 770 1999 Eobsu
788 1952 881 1999 Hamus
899 1966 955 1997 zum
975 1966 1056 1997 neuen
1073 1951 1152 1997 Jahro
1170 1952 1221 1999 und
1237 1952 1313 1999 bittet
1330 1952 1383 2013 ihu,
1401 1950 1450 1999 deu
1461 1952 1621 2001 llerebordus

315 2038 340 2070 v.
360 2022 383 2071 d.
402 2022 518 2068 hlarthen
543 2037 576 2068 an
598 2022 639 2067 dio
662 2022 900 2081 Btiehorbasorgnng
925 2037 955 2068 zu
976 2021 1103 2070 erinnorrr.
1145 2022 1252 2068 lliernut'
1267 2022 1362 2081 spriclrt
1381 2037 1408 2068 cr
1428 2022 1481 2069 sich
1501 2023 1562 2069 libor
1580 2024 1620 2071 dia

316 2093 464 2151 Bedeutung
482 2092 527 2139 der
545 2092 647 2138 Wbrtor
664 2092 822 2151 paedagogus
840 2093 891 2138 und
911 2092 1037 2151 capsarius
1056 2105 1107 2139 arus.

397 2177 554 2241 llobauo
576 2176 701 2242 Hesso
723 2175 974 2259 Francohergio,
1001 2182 1114 2260 poetae
1142 2183 1174 2241 et
1200 2175 1264 2240 ludi
1296 2179 1470 2259 magistro²
1504 2176 1618 2243 celebri

316 2300 382 2360 suo,
404 2284 436 2343 S.
458 2279 491 2345 P.
516 2280 554 2344 D.

397 2383 440 2447 Ut
460 2400 560 2447 novus
588 2382 640 2446 hic
667 2399 768 2445 annus
792 2381 850 2446 tibi
875 2381 1015 2461 mihique
1039 2380 1222 2465 procederet
1242 2380 1416 2465 auspicato,
1436 2380 1504 2446 dixi
1526 2379 1621 2446 hodie

315 2492 389 2550 voto
409 2484 611 2549 aumlucano:
641 2483 782 2564 Phoebe,
808 2483 872 2567 piis
897 2484 970 2548 fave
992 2484 1104 2568 poetis.
1147 2484 1249 2565 Atque
1279 2482 1529 2565 haec,·llohane,
1547 2501 1620 2567 sup-

317 2587 448 2668 plicatio
469 2586 512 2649 sit
532 2586 634 2650 instar
653 2587 824 2650 xeniorum.
866 2584 1083 2651 Herebordum
1102 2586 1182 2651 meis
1200 2586 1306 2651 verbis
1327 2585 1510 2665 admoneas,
1532 2591 1567 2650 ut
1588 2586 1620 2649 in

318 2688 514 2773 bibliopoliis
534 2688 697 2771 perquirat
717 2686 814 2752 libros
835 2687 999 2753 Francisei
1020 2688 1239 2754 Zabarelloei.
1281 2688 1359 2752 ltem
1380 2688 1622 2752 commentarios

315 2792 348 2854 in
370 2790 572 2855 Aristotelem
600 2789 729 2855 iacobi·
751 2788 977 2874 Stapuleosis.⁴
1026 2791 1166 2873 Uterque
1194 2790 1271 2855 mihi
1298 2790 1535 2855 commendatus
1564 2796 1621 2871 est,

317 2894 389 2974 iruo,
411 2900 445 2957 ut
459 2893 562 2957 verius
584 2893 704 2975 loquar,
725 2893 810 2976 apud
822 2913 872 2958 me
887 2894 1092 2976 posteriorem
1109 2894 1198 2957 illurn
1212 2912 1273 2958 uon
1286 2891 1361 2958 vidi.
1405 2891 1621 2957 Vuilhelmus⁵

318 2995 370 3059 hic
390 2996 437 3060 ait
456 2994 629 3061 studiosum
647 2994 745 3061 luisse
760 2996 956 3060 latinitatisi
997 2994 1046 3059 De
1068 2996 1172 3079 priore
1193 2997 1241 3059 sic
1256 2994 1447 3059 Laurentius
1464 2994 1622 3059 Vallensis

386 3098 399 3125 λ
416 3104 471 3152 Llh.
492 3119 550 3152 nov.
569 3104 621 3151 aad
639 3104 672 3150 lh
691 3104 767 3150 lobea
785 3104 899 3152 loannes

316 3214 395 3225 ...u-0.
415 3214 516 3226 ..ffl-

381 3284 393 3327 ¹
412 3287 509 3344 Oratio
530 3306 593 3343 oum
614 3288 720 3360 populo
738 3288 842 3361 gratias
861 3288 929 3360 agit.
970 3286 1036 3359 Gap.
1058 3288 1085 3342 X
1107 3287 1153 3345 24.

378 3364 510 3423 2Eobau
536 3370 641 3426 Heosus
668 3369 825 3424 hekleitlete
852 3368 1062 3423 lbet—1508
1092 3370 1137 3423 ein
1159 3371 1304 3427 Schulamt
1329 3388 1374 3427 am
1400 3370 1439 3425 St.
1467 3370 1622 3425 Ser'eristiit

316 3449 345 3503 in
366 3448 470 3505 Erfurt.

377 3524 392 3567 3
412 3528 662 3584 Frarcmaharella
681 3529 756 3584 lohte
776 3547 831 3583 von
854 3528 1061 3584 lato-1417
1075 3530 1130 3587 uni
1151 3548 1207 3585 wau·
1216 3530 1361 3586 Professor
1371 3531 1420 3586 des
1431 3530 1621 3585 hueuriselreu

316 3608 420 3663 Rechts
449 3628 483 3663 zu
508 3610 618 3679 Padua,
644 3612 738 3681 spiter
771 3628 804 3664 au
829 3610 946 3665 Floreuz
1008 3610 1046 3663 Er
1078 3612 1125 3665 hat
1153 3612 1344 3666 vornohmlieh
1366 3612 1565 3666 liommentare
1588 3629 1621 3666 zu

315 3691 368 3743 den
389 3690 560 3745 Dekretalen
580 3691 772 3748 hinterlassen.
1527 3744 1530 3749 Δ

377 3766 502 3825 ⁴Einen
532 3770 903 3827 Aristoteleslrommentator
934 3771 1078 3827 dohanucs
1113 3770 1298 3842 stapulensis,
1330 3772 1381 3827 uio
1412 3770 1542 3827 Cameren
1566 3772 1623 3827 und

317 3850 420 3904 'l'euzel
450 3849 586 3922 drucken,
611 3850 691 3923 gicht
718 3868 748 3905 es
776 3851 867 3924 nieht,
895 3852 970 3907 wohl
996 3852 1063 3907 aber
1091 3852 1171 3905 cinon
1197 3852 1321 3907 lacobus
1342 3852 1432 3907 Faber
1451 3852 1623 3923 stapulensis

316 3929 550 3999 (utto-1536)
573 3931 623 3985 der
642 3932 797 3987 zahlreiehe
820 3932 1019 3987 Kommentare
1046 3948 1079 3985 zu
1100 3932 1153 3986 den
1174 3930 1313 3987 Schriften
1331 3934 1412 4003 jones
1433 3932 1621 4005 Philosophen

317 4010 515 4081 lanterinaco,
547 4012 620 4066 auch
650 4012 691 4066 als
711 4012 919 4084 theologiseher
942 4010 1144 4067 Schriitsteller
1176 4012 1236 4067 sich
1262 4013 1462 4085 hervorgethau
1493 4014 1549 4067 und
1578 4012 1622 4067 die

317 4088 401 4147 Bibel
420 4091 464 4147 ins
484 4092 679 4147 Frauzbsisahe
700 4091 840 4147 ubemur
858 4094 914 4149 hat

375 4166 471 4226 ⁶Der
505 4172 566 4227 lrier
592 4180 733 4244 genaunto
766 4172 902 4228 Wilhelm
936 4172 972 4228 ist
996 4172 1225 4227 wahrsehoinlieh
1252 4174 1390 4240 desselbe,
1424 4192 1477 4229 von
1503 4176 1566 4229 dem
1594 4174 1622 4227 in

316 4250 405 4305 einana
425 4256 555 4323 apiitereu
569 4252 663 4307 Briefe
683 4260 782 4323 gesagt
791 4253 867 4322 wint,
887 4254 950 4308 dass
971 4270 1001 4307 er
1015 4252 1044 4307 in
1060 4252 1188 4309 Βοιιιιιιιι·
1209 4254 1264 4309 und
1287 4254 1346 4309 sich
1367 4253 1420 4308 mit
1437 4256 1487 4309 dor
1504 4253 1624 4309 Absiclrt

319 4337 397 4403 trogo
423 4331 532 4387 lloaent
555 4333 583 4386 iu
599 4332 779 4403 Wittenberg
798 4350 831 4387 au
857 4335 973 4389 werden.
1015 4332 1121 4391 Mation
1143 4332 1210 4388 fond
1229 4334 1288 4388 dies
1308 4332 1491 4405 hedenklioh,
1512 4335 1573 4389 weil
1596 4352 1625 4390 er

319 4410 376 4465 ilrru
388 4411 467 4466 nieht
477 4412 628 4467 besonrlere
638 4411 789 4484 Flihiglreit
803 4414 885 4469 datiis
899 4420 1033 4481 zutraute,
1054 4415 1110 4469 trud
1125 4414 1179 4469 riet
1197 4414 1253 4468 ihm
1266 4414 1434 4471 Geistlicher
1452 4434 1485 4469 zu
1507 4416 1623 4469 worden.

377 4487 391 4529 ὓ
414 4492 471 4545 llor
491 4492 579 4548 Nauae
607 4493 684 4546 cirues
702 4493 846 4548 Jolrauues
867 4494 1040 4565 stapulensis
1069 4492 1155 4548 findet
1179 4494 1239 4548 sich
1260 4497 1288 4549 iu
1308 4497 1361 4551 deu
1383 4496 1508 4551 Euius-ter
1529 4496 1622 4551 Matri-

315 4570 382 4627 lueln
405 4572 491 4629 nieht.
