3625 5192
314 343 365 396 llll
680 341 941 411 Geschirhtsquellcn
961 344 1010 396 der
1028 341 1103 395 Prov.
1121 341 1245 396 Suchssn.

311 489 390 560 453.
412 487 456 560 ll.
478 508 524 556 an
550 489 683 561 Urbem
981 469 985 474 ’
1038 487 1171 571 (lictus
1186 458 1280 558 1314.
1311 486 1412 554 Eude
1430 485 1616 566 cktouer.)

383 613 444 661 unt.
457 613 560 672 bcklrtgt
574 614 626 660 siclt
642 613 702 660 iiber
715 613 801 660 soinsn
814 613 926 659 Erfurter
938 614 1188 672 Berollmfielrtigtcn‚
1209 613 1253 658 der
1269 614 1313 658 das
1322 612 1616 670 Zautungsvorsprechon

314 685 385 730 nicht
404 685 511 743 cinlrttIt,
532 685 655 730 uiolmolrr
674 685 757 729 solclre
777 683 974 742 Boreo-lurungen
995 686 1119 741 surmont,
1138 684 1195 728 dass
1213 698 1240 729 cr
1257 683 1398 742 suberlmupt
1416 683 1500 728 nichts
1518 683 1617 726 luemus·

311 755 430 800 zuzuhlsn
449 755 500 800 hat.
1452 757 1460 770 ⁰

392 853 529 917 Henrico
555 852 715 917 Urbano
738 852 898 916 llutianus
918 853 1026 917 Rullus.

393 954 424 1019 S.
466 953 536 1018 Etsi
565 955 801 1037 occupatissimi
829 963 860 1017 tu
889 963 921 1019 et
949 974 1025 1036 ego,
1053 955 1169 1029 (terret
1188 953 1272 1018 euim
1294 952 1491 1035 vindemia1)
1512 959 1619 1016 tamen

314 1045 385 1139 plus
406 1075 455 1120 me
477 1063 619 1138 occupat,
641 1055 704 1120 imo
725 1055 882 1136 degravat
898 1054 1053 1119 Martinus
1067 1055 1184 1135 Sentio,
1207 1055 1290 1120 uude
1311 1063 1342 1118 et
1362 1055 1421 1118 tibi
1439 1073 1495 1137 pro
1513 1073 1620 1117 amore

314 1165 422 1222 mutuo
446 1157 555 1238 gravis
574 1156 668 1221 datur
689 1177 786 1222 causa
807 1157 934 1221 doloris,
975 1157 1055 1234 Quis
1075 1159 1160 1222 enim
1182 1176 1263 1239 equo
1280 1157 1362 1220 l'erat
1376 1158 1485 1221 animo
1498 1163 1618 1219 tantam

314 1259 471 1334 l'raudem,
501 1259 665 1338 iniuriam,
686 1259 933 1324 contumeliam?
974 1251 1093 1323 Nonne
1109 1259 1324 1342 prevaricacio
1345 1267 1394 1322 est
1414 1259 1549 1322 transire
1574 1257 1620 1320 di·

313 1362 438 1427 conda?
480 1361 529 1425 De
550 1361 646 1424 XXX
667 1361 802 1424 annuis²
824 1362 912 1425 nulla
933 1361 969 1424 fit
989 1361 1118 1442 mentio,
1139 1361 1291 1426 videlicet
1312 1362 1430 1426 oblitus
1451 1368 1500 1425 cst
1520 1360 1618 1423 chiro-

314 1462 430 1548 graphi
452 1469 484 1528 et
506 1463 631 1546 proprie
653 1463 839 1527 testationis.
882 1463 953 1526 Non
975 1465 1104 1546 promisi
1125 1464 1284 1527 salarium.
1328 1464 1398 1527 luro
1419 1463 1532 1542 Deum,
1551 1463 1620 1526 iuro

314 1565 417 1630 fidem.
459 1565 521 1642 Qui
550 1573 692 1648 poteram
720 1565 918 1647 promittere,
942 1585 1012 1628 curn
1039 1566 1193 1630 inclusum
1220 1575 1304 1630 essct
1331 1565 1556 1649 chirographo,
1587 1571 1620 1627 ut

314 1667 486 1733 nunteratis
502 1667 597 1731 XXX
616 1667 785 1748 quotannis
806 1669 876 1751 ipse
897 1668 1051 1749 reliquum
1073 1669 1218 1732 teneret?
1258 1668 1324 1732 Sed
1339 1671 1471 1732 nrcsucs3
1492 1674 1617 1732 evocat:

315 1771 402 1835 Bene
432 1770 521 1834 novit
549 1770 679 1834 mortuis
707 1769 825 1832 nullam
854 1789 925 1834 esse
957 1787 1072 1834 curam.
1126 1770 1177 1834 lle
1207 1770 1465 1835 circumscribere
1495 1768 1620 1833 molitur

314 1873 406 1954 quusi
434 1871 563 1936 stultum
590 1877 622 1936 et
648 1869 738 1953 fingit
763 1870 890 1936 famulis
915 1873 1031 1936 nostris
1056 1871 1164 1936 datum
1191 1873 1300 1935 vinum
1328 1880 1360 1936 et
1380 1891 1510 1955 panem,
1536 1871 1619 1935 idem

315 1975 454 2040 vinitori.
502 1973 596 2054 „Ego
623 1973 698 2036 dedi
726 1975 824 2038 senuel
851 1981 947 2055 atrine
974 1977 1088 2037 iterum
1119 1976 1152 2038 iu
1180 1973 1274 2038 domo
1304 1977 1373 2038 eius
1404 1973 1621 2056 prodigaliter.

313 2078 420 2141 Testis
448 2095 536 2140 meus
563 2075 594 2139 in
618 2075 703 2155 celo,
730 2083 880 2157 quantum
903 2076 1092 2158 reliquerim.
1134 2076 1216 2140 Nam
1238 2077 1327 2140 multi
1349 2077 1435 2141 docti
1457 2095 1622 2157 congesse-

315 2187 386 2243 runt
403 2178 572 2242 honoraria
585 2197 674 2242 suam
691 2179 722 2242 iu
745 2198 794 2242 me
814 2177 1068 2243 benevolentiam
1090 2179 1311 2244 declarando.“
1353 2179 1407 2243 Sic
1427 2179 1569 2262 ingratus
1590 2187 1622 2240 et

316 2300 470 2362 arrogans
491 2285 523 2343 et
543 2279 714 2344 sceleratus
735 2279 871 2344 rusticus
892 2299 1014 2344 mecum
1035 2281 1112 2361 agit.
1154 2281 1249 2345 Putat
1270 2301 1320 2344 mc
1341 2301 1435 2365 posse
1457 2283 1523 2345 suis
1549 2301 1622 2344 cou-

315 2384 403 2449 vitiis
430 2383 554 2458 terreri,
580 2390 615 2444 ut
641 2389 773 2446 taceam.
817 2379 932 2444 Verum
959 2389 1058 2462 putat.
1099 2382 1181 2444 Nam
1203 2383 1305 2447 eciam
1328 2386 1397 2446 sine
1417 2383 1530 2465 iurgiis
1551 2382 1623 2446 istis

315 2487 450 2552 libenter
475 2503 528 2549 ero
558 2489 722 2556 contentus
753 2503 868 2566 parvo,
896 2485 923 2547 si
950 2491 983 2546 tu
1008 2484 1152 2547 volueris.
1194 2485 1256 2548 Sed
1279 2493 1312 2548 tu
1334 2485 1500 2550 consiliunt
1520 2484 1622 2548 dabis.

319 2587 353 2651 ld
378 2587 518 2664 tertium,
546 2586 609 2650 imo
631 2593 775 2667 quartum
799 2586 931 2667 postulo.
974 2586 1093 2650 'l’ribuo
1114 2587 1172 2650 tibi
1196 2587 1267 2669 plns
1288 2607 1383 2668 quam
1399 2575 1474 2651 'meo
1496 2586 1622 2650 iudicio.

317 2691 486 2772 Nunquam
516 2689 641 2771 inspexi
669 2690 808 2753 rationes
838 2688 982 2753 traditas.
1031 2689 1160 2772 Nepos⁴
1191 2689 1274 2752 dixit
1295 2690 1355 2753 XV
1379 2709 1491 2754 aureos
1515 2707 1624 2770 super·

318 2811 403 2872 esse,
430 2811 508 2873 quos
534 2790 629 2854 vellet
650 2791 784 2855 rotinere
806 2791 915 2854 salarii
937 2790 1038 2855 titulo.
1079 2792 1256 2888 Supersupt
1283 2792 1354 2874 plus
1376 2810 1470 2873 quam
1490 2800 1624 2854 centum.

318 2893 493 2972 Couniveo,
522 2900 628 2972 taceo,
659 2911 726 2956 sum
758 2899 951 2957 mansuetus.
997 2893 1110 2956 Verum
1138 2893 1196 2956 heo
1221 2894 1389 2976 paciencia
1413 2893 1547 2958 habetur
1568 2911 1627 2975 pro

319 2997 466 3061 stulticia.
509 2995 601 3058 Dixi:
625 2993 712 3074 „Det
733 2993 898 3058 dimidium
921 3003 954 3058 et
978 2994 1057 3059 liber
1076 2996 1165 3058 erit.“
1208 2994 1306 3059 Dedit
1322 2994 1491 3058 dimidium
1513 2995 1626 3057 luroris

318 3097 381 3176 sui,
409 3097 455 3160 uti
484 3095 575 3160 vides
601 3103 632 3159 et
659 3115 709 3159 me
734 3103 845 3158 contra
869 3097 919 3158 fas
947 3101 980 3160 et
1005 3115 1108 3160 mores
1135 3097 1233 3161 bonos
1254 3097 1375 3161 lacerat
1395 3096 1625 3174 indignissime.

320 3198 413 3263 Ewer
433 3201 538 3280 igunst
568 3197 633 3262 vnd
667 3196 813 3261 weisheit
843 3198 936 3262 wolle
962 3196 1063 3261 darob
1088 3199 1172 3277 sein,
1203 3196 1263 3262 das
1292 3197 1430 3262 solclrem
1460 3197 1624 3262 burisclren

319 3301 436 3384 groben
460 3300 620 3364 l'urncmen
643 3299 812 3363 vorkomen
836 3299 900 3363 vnd
922 3299 1221 3381 altgcwcntwerdc.
1262 3301 1350 3365 Satis
1365 3299 1419 3364 diu
1436 3319 1485 3363 me
1500 3299 1626 3365 delusit.

321 3405 408 3468 Vale.
452 3403 589 3484 Raptim.
1436 3390 1441 3399 ¹

401 3505 531 3570 Custodi
553 3504 649 3596 hasce
670 3511 701 3567 et
721 3503 805 3568 alias
825 3505 935 3569 literas
954 3523 1011 3587 pro
1033 3505 1223 3592 testimonio.

394 3627 574 3675 Handsclrristl.
585 3627 604 3672 F
616 3623 665 3673 42⁸
685 3628 726 3674 iol.
738 3625 934 3674 teor-tom.

385 3825 395 3867 ¹
426 3827 533 3883 Mutian
563 3829 639 3884 hatte
667 3829 748 3884 einen
771 3827 817 3882 boi
840 3828 936 3882 Erfurt
960 3829 1114 3902 gelegencn
1139 3829 1301 3902 Wcinberg.
1334 3831 1409 3902 (Vgl.
1426 3829 1471 3884 Br.
1485 3829 1522 3884 14
1543 3828 1571 3886 S.
1588 3829 1628 3882 20

323 3909 407 3966 Αιιιιι.
424 3909 487 3978 2).“
511 3909 583 3964 Dass
610 3927 643 3962 uu
674 3910 736 3963 dem
764 3907 986 3980 Georgenllualer
1013 3909 1074 3964 Hos
1097 3912 1125 3963 in
1154 3910 1249 3964 Erfurt
1276 3913 1347 3965 auch
1375 3911 1545 3982 Weinbergc
1578 3929 1629 3980 ge·

324 3992 435 4056 hiirtcu,
464 3991 571 4060 ergicbt
598 3990 658 4043 sich
685 4008 734 4043 aus
756 3989 790 4047 A.
808 3989 841 4043 L.
858 3989 885 4044 J.
902 3989 1065 4047 Michclson.
1108 3990 1166 4044 Der
1187 3991 1309 4046 Mainzcr
1329 3991 1390 4046 llof
1412 4011 1457 4046 arn
1479 3990 1629 4062 Atmgatrge

324 4072 372 4124 dcc
394 4070 577 4124 Mittelaltors.
617 4069 690 4124 derra
708 4069 792 4122 1885.
834 4069 860 4124 S.
875 4069 950 4123 3511.
961 4071 1007 4123 36.
1178 4085 1187 4101 ·

384 4147 397 4188 ²
419 4151 481 4221 Vgl.
493 4151 539 4208 Br.
553 4149 611 4202 424
633 4149 656 4204 S.
670 4149 716 4206 84.

383 4223 397 4269 ³
419 4229 456 4284 Er
476 4231 570 4284 bcruft
597 4230 656 4284 sich
686 4229 756 4284 wohl
784 4229 835 4284 aurf
860 4229 1082 4302 Abmuchungen
1111 4231 1162 4284 urit
1187 4233 1250 4285 dem
1278 4231 1473 4286 vcrstorbencu
1498 4231 1632 4284 Kileben-

326 4311 437 4364 tnnistcr
456 4311 568 4364 «lchunn
592 4311 679 4364 Mutii.

385 4387 397 4429 ⁴
421 4391 482 4462 l'gl.
497 4391 540 4446 llr.
553 4391 610 4444 444
632 4391 660 4444 S.
677 4391 730 4443 102
753 4391 835 4444 Αιιιιι,
849 4391 874 4442 l.
