3625 5192
699 346 961 416 Geechiohtsquellen
979 346 1028 399 dor
1047 344 1122 400 Prov.
1139 344 1263 399 Ssebsen.

634 496 727 561 lstins
749 497 806 562 sed
827 516 867 561 ne
888 494 1038 561 simulata
1057 494 1148 559 fallat

635 598 683 664 Te
705 599 780 663 boni
802 598 882 663 tanti
904 597 1032 682 speties‚
1051 616 1186 663 amoena
1205 598 1238 662 in

632 701 724 765 Valle
745 701 874 766 Gottam
896 700 1050 781 quaerito,
1072 699 1246 763 Matianum

632 803 764 885 Querito
785 802 918 867 Rullum.

631 928 732 1005 Quem
753 925 832 992 aede
851 926 878 991 si
899 945 992 991 saera
1011 925 1158 990 invenias
1177 926 1334 990 locantem

633 1030 692 1096 Vel
713 1031 758 1095 rei
780 1029 911 1094 divinae
932 1046 1060 1112 operam
1079 1028 1206 1093 domiue

630 1132 736 1197 Mente
756 1132 929 1213 tranquilla
948 1130 1055 1196 studia
1074 1136 1296 1215 aucupantem,

633 1234 733 1299 Dule'e
754 1234 867 1300 salute.

633 1363 737 1441 Atque
759 1360 839 1424 eitra
860 1358 956 1423 ullum
978 1358 1143 1442 strepitum
1166 1357 1317 1423 decenter

637 1462 769 1527 Unioum
791 1462 859 1543 vite
878 1479 1030 1525 venerare
1049 1468 1156 1543 nostre

633 1562 783 1629 Normam
804 1572 837 1627 et
858 1560 1036 1647 exemplum
1058 1561 1232 1644 iubeasque
1253 1547 1360 1629 salvus

638 1666 731 1731 Vivat
751 1672 783 1730 et
803 1672 904 1759 optes.

633 1789 674 1855 lit
692 1789 747 1854 diu
769 1789 842 1853 vive
863 1795 904 1869 et,
926 1789 1011 1871 quod
1030 1788 1061 1854 ei
1081 1789 1188 1853 omnia
1208 1796 1265 1868 est,
1286 1788 1353 1853 die:

633 1891 713 1956 Vive
736 1892 916 1974 tranquille,
940 1892 1019 1957 bone
1040 1891 1191 1957 Mutiane.

633 1994 687 2061 Sio
708 1995 842 2059 salntem
863 2000 895 2059 te
913 1994 1030 2059 Orneus
1051 1994 1222 2077 imperavit

633 2096 720 2181 Sepe
740 2096 921 2161 Britannus.

571 2204 574 2209 ⁵
635 2208 764 2286 Gratias
786 2220 883 2285 multo
901 2219 1034 2303 cupiens
1055 2221 1169 2285 referre

634 2324 791 2389 Plurimos
810 2324 937 2403 absens,
957 2330 1013 2388 tua
1034 2322 1117 2405 qnod
1137 2321 1289 2388 fovebant
1315 2343 1333 2373 ο

635 2426 736 2507 Tecta
756 2433 936 2510 presentem
959 2424 1084 2506 potiora
1106 2443 1215 2507 regum

634 2527 778 2592 Aedibus
798 2526 895 2591 illum.

636 2650 785 2733 Perlegas
806 2670 901 2716 orans
922 2670 1002 2734 opus
1023 2650 1082 2716 hoo
1103 2669 1203 2722 sunm,
1225 2648 1309 2732 qnod

635 2752 730 2817 Forte
752 2754 865 2829 amieo,
890 2753 948 2819 sed
970 2753 1102 2834 minime
1124 2753 1250 2836 plaeere

639 2854 738 2919 ludiei
760 2861 867 2939 posset
887 2855 958 2935 tibi,
979 2861 1013 2919 tu
1034 2874 1108 2937 ergo
1129 2854 1251 2918 amiens

640 2956 674 3019 ld
696 2956 776 3039 lege,
798 2956 896 3022 Rullo.

407 3097 483 3145 Gedr.
503 3098 529 3145 in
548 3098 582 3145 Μ.
602 3100 631 3146 R.
652 3098 724 3145 Croci
742 3096 937 3155 Londouiensia,
964 3096 1079 3156 tabulae,
1099 3091 1104 3157 Ι
1123 3110 1210 3155 greeae
1232 3096 1318 3143 literas
1341 3096 1488 3156 compendio
1508 3096 1546 3143 dis
1566 3090 1571 3157 Ι
1588 3111 1647 3143 cere

336 3168 495 3227 cupientibus
516 3184 577 3216 sane
599 3184 674 3229 qnam
698 3167 783 3227 utiles,
811 3167 837 3213 in
860 3167 949 3225 quibus
973 3168 1020 3212 hee
1039 3161 1044 3225 Ι
1064 3165 1189 3212 habentur
1205 3172 1332 3214 contenta.
1357 3161 1413 3226 ΙΌ.
1433 3168 1472 3213 De
1491 3166 1647 3227 pronuncia-

336 3239 404 3285 tione
427 3239 555 3286 liternrum
579 3254 707 3299 greearurn
734 3252 764 3284 ex
792 3237 921 3284 Aleandro
940 3229 945 3299 Ι
971 3237 999 3282 0.
1023 3238 1061 3283 De
1085 3236 1234 3283 formatione
1257 3237 1483 3297 comparativorum
1508 3242 1535 3283 et
1558 3252 1646 3296 super·

337 3308 471 3355 lativorum
492 3305 496 3372 Ι
518 3310 544 3357 C.
571 3310 609 3357 llo
632 3316 770 3369 temporum
797 3313 822 3354 et
845 3308 974 3355 modorum
997 3307 1153 3354 deductione.
1197 3304 1302 3367 Ver(ba)
1326 3306 1373 3363 iln)
1394 3322 1415 3351 ω
1432 3305 1580 3367 baryto(na)
1597 3323 1602 3369 Ι
1619 3307 1647 3353 C.

337 3379 375 3425 De
400 3380 484 3426 verbis
507 3380 677 3427 circumflexis.
719 3380 745 3426 C.
774 3380 811 3425 De
835 3378 920 3425 verbis
942 3378 969 3423 in
994 3371 1037 3425 Μι.
1087 3378 1124 3423 Ex
1146 3376 1268 3423 Theodori
1292 3383 1381 3436 quarto
1403 3377 1434 3423 de
1457 3377 1648 3423 construetione

337 3448 520 3498 adverbiorum.
542 3450 545 3503 Ι
571 3450 597 3497 C.
628 3451 664 3496 Ex
682 3450 784 3496 Urbano
802 3450 833 3495 de
852 3447 936 3495 verbis
954 3448 1092 3494 defectivis.
1130 3447 1163 3495 36
1183 3448 1221 3494 Bl.
1240 3444 1282 3493 4⁰.
1310 3447 1409 3507 Lipsiae
1428 3448 1455 3493 iu
1472 3447 1578 3493 aedibus
1598 3448 1649 3493 Va-

338 3518 427 3565 lentini
444 3518 449 3580 Ι
464 3521 615 3572 Selrnrnarrn.
653 3523 726 3567 Anno
746 3518 882 3567 ltnxvt.
919 3519 971 3563 Dae
992 3519 1094 3563 (tertione
1112 3520 1172 3563 atelrt
1190 3518 1240 3576 orus
1256 3519 1280 3565 S.
1292 3517 1333 3565 ut.

337 3755 416 3823 558.
441 3754 574 3824 Croous
595 3775 640 3822 arr
662 3754 812 3824 ilutlan.
1202 3754 1368 3838 (Leipzig
1384 3754 1479 3824 1516.
1514 3753 1652 3839 April.)

408 3896 456 4013 Mlit
480 3896 560 3945 Reeht
585 3898 649 3946 habe
673 3898 769 3945 Mutinn
792 3900 918 3946 schoeno
940 3900 1045 3947 Lettern
1067 3914 1097 3945 au
1121 3899 1166 3945 der
1188 3897 1307 3944 lnschrilt
1329 3896 1430 3955 „Beata
1452 3896 1653 3956 tranquillitas‘¹
1678 3862 1686 3871 “

340 3970 424 4025 nowen
437 3971 456 4013 t.
795 3981 797 3985 ’

660 4067 695 4129 ln
716 4067 840 4131 beatam
862 4068 1121 4149 tranquillitatem
1145 4066 1308 4131 Mutiani.²

660 4169 799 4247 „Beata“
820 4170 875 4251 qui
896 4169 1147 4251 „tranquilline

659 4268 728 4333 ltufi
751 4271 839 4351 leges
860 4272 892 4335 in
914 4272 995 4335 ostio

660 4374 782 4436 Pictam
801 4375 885 4438 notis
907 4374 1067 4454 nigellulis

661 4475 801 4558 Dignam
825 4477 931 4539 aureis
952 4477 1151 4556 sententiam,

409 4594 420 4621 ³
440 4598 566 4645 Muttinni.
