3625 5192
326 310 378 378 144
704 274 964 382 Gesr'hirbtsqnellen
984 310 1031 368 der
1049 305 1122 366 Pror.
1142 305 1263 368 Sarhsen.

327 463 440 528 silvam
459 462 552 544 longe
568 462 695 544 lateque
712 483 884 547 peragrare
902 462 1069 528 clarissimi
1092 463 1270 546 geographi
1288 469 1451 530 testantur.
1493 461 1635 528 Aderant

325 566 440 630 eruditi
463 565 605 629 homiues
626 573 658 629 et
678 569 795 630 veteris
812 574 842 630 el
863 567 997 631 recentis
1019 566 1148 629 historie
1171 567 1366 647 alnne'adeo
1390 568 1486 630 totins
1502 567 1633 632 literar-ii

329 667 452 748 negocii
474 669 525 731 rel
546 668 709 748 inprimis²
731 671 842 751 periti,
864 671 916 750 qrri
940 689 974 732 se
995 690 1034 732 ex
1054 669 1143 732 libris
1167 669 1240 732 illab
1262 688 1354 732 nosse
1376 669 1529 733 animalia
1550 670 1633 733 dice-

327 769 416 848 bant,
445 777 581 832 ceterum
611 769 730 834 vidisse
767 783 948 852 nusquam‘.
990 770 1070 833 Turn
1100 777 1193 854 poeta
1217 770 1368 834 Eobanus
1395 757 1555 842 ornntunr‚'
1580 773 1632 852 nuri

324 870 409 952 apud
431 877 588 934 nostrates
611 871 709 942 bonos
730 887 841 931 versus
862 869 990 946 iaciant,
1011 869 1079 932 sine
1101 869 1315 932 controuersia
1338 870 1495 950 princepe,
1518 871 1632 932 (lroto¹

324 981 377 1037 tuo
401 981 432 1036 et
453 973 528 1036 mihi
548 970 775 1044 amicissimus,
802 970 960 1033 oculatum
983 989 1016 1034 se
1039 977 1165 1049 testem,
1195 971 1248 1052 qui
1271 972 1369 1053 pluris
1391 977 1455 1046 cst,
1477 979 1510 1034 ut
1532 973 1634 1052 iuquit

323 1075 486 1150 Plautus,‘2
508 1094 601 1156 quarn
623 1074 718 1138 auriti
740 1074 848 1135 decern
878 1071 1146 1135 lrallucinantibus
1169 1071 1262 1134 nobis
1288 1072 1440 1137 exhibuit.
1483 1073 1632 1152 ,‚Nolite·‘

323 1178 439 1259 iuquit,
460 1177 636 1259 „dubitare
657 1177 689 1238 iu
711 1175 873 1238 Prenssen
895 1173 1019 1237 laruffen
1042 1173 1094 1236 die
1117 1173 1217 1236 thired
1237 1173 1300 1236 und
1325 1175 1386 1238 bnb
1408 1175 1466 1240 das
1488 1176 1632 1257 rrilprate

322 1272 490 1360 geschen.“
539 1279 612 1341 Mox
639 1277 837 1359 singulatim,
873 1296 934 1356 que
965 1275 1105 1354 uiderat,
1143 1277 1290 1358 exposuit
1315 1277 1438 1342 alc-ibus
1472 1279 1632 1342 ceruinam

323 1380 535 1459 timiditatem,
559 1382 623 1446 nris
643 1381 793 1444 ferociam
815 1387 847 1442 et
868 1378 975 1442 odium
993 1379 1025 1442 in
1043 1397 1143 1458 genus
1165 1377 1343 1458 humanum,
1368 1379 1544 1444 bisontibus
1565 1400 1631 1462 per-

323 1484 485 1548 nicitatem
497 1485 670 1565 miramque
688 1484 719 1546 iu
736 1484 813 1563 fuga
830 1481 1022 1545 celeritatem
1040 1481 1190 1544 tribuens.
1222 1481 1344 1556 Quibus
1363 1501 1422 1562 ego
1435 1482 1632 1546 sermonibus

324 1585 508 1668 plurimum‘
527 1586 702 1650 delectatus
724 1585 815 1648 retuli
837 1584 984 1647 tutudisseg
1007 1603 1056 1646 me
1078 1583 1166 1656 talia,
1188 1583 1245 1645 sed
1260 1585 1362 1646 eciam
1376 1603 1413 1646 ex
1426 1583 1633 1664 Hermanno,

323 1693 455 1770 patrono
479 1686 649 1760 doctorum,
672 1686 712 1750 de
734 1687 891 1768 pelliculis
913 1685 1065 1767 preciosis
1087 1705 1194 1748 reram
1213 1684 1385 1748 historiam.
1427 1685 1509 1749 Nam
1528 1684 1632 1750 Gothe

322 1796 377 1852 tna
397 1789 548 1868 dignacio
572 1792 654 1854 inter
679 1789 745 1854 alia
765 1788 875 1852 auditu
897 1786 1035 1850 iucunda
1058 1786 1150 1848 uobis
1172 1787 1332 1850 enarravit
1353 1787 1558 1870 conspexisse
1579 1789 1632 1852 le3

322 1912 427 1973 regern
451 1891 554 1956 Dacis
575 1895 607 1957 in
626 1891 829 1956 ornatissima
850 1889 970 1954 triremi
993 1886 1122 1952 sedente
1144 1887 1185 1950 ad
1208 1889 1291 1951 latus
1317 1889 1401 1968 regis
1427 1889 1531 1952 aurien
1556 1909 1633 1971 qna·

323 1994 397 2058 darn
419 1995 527 2058 nescio
548 1996 654 2058 lbcata
674 2015 714 2058 an
737 1995 882 2065 l'ormosa,
904 1989 1117 2073 pendentibus
1135 1989 1165 2052 in
1186 1992 1293 2053 carina
1312 1998 1342 2055 et
1364 1993 1462 2074 puppi
1485 2001 1517 2056 et
1539 2011 1633 2074 prora

321 2096 453 2159 murinis
466 2095 632 2178 pelliculis
653 2095 734 2160 adeo
758 2095 926 2177 preciosis,
948 2100 982 2154 ut
1002 2094 1131 2155 aurum¹¹
1154 2097 1185 2154 et
1205 2111 1330 2172 gemme
1352 2095 1545 2157 accessionis
1563 2096 1632 2158 loen

322 2198 499 2262 habeantur
529 2206 561 2262 et
587 2189 678 2278 quasi
708 2197 864 2260 vilescant
899 2195 1045 2259 estimato
1075 2195 1179 2276 precio
1209 2195 1441 2258 sobrlliuorunr.
1490 2195 1634 2260 llirabar

320 2300 384 2364 tale
407 2299 591 2363 beneficium
622 2300 693 2362 istis
722 2297 955 2362 barbarissimis
984 2296 1132 2375 gentibus
1160 2296 1329 2361 indulsisse
1365 2305 1520 2362 naturam.
1571 2299 1632 2363 lle·

321 2402 448 2485 spondit
471 2401 620 2465 Eobauus
647 2421 708 2464 non
738 2419 845 2464 carere
867 2399 1095 2462 hartmannum
1124 2398 1326 2462 rnnhoritatei
1354 2406 1385 2464 et
1413 2387 1518 2480 gratia
1543 2401 1631 2482 apud

322 2505 521 2584 Bructeros⁴,
542 2504 678 2567 Polonos
699 2510 730 2565 et
751 2504 862 2566 fratres
883 2501 1083 2575 Teutonicos,
1108 2501 1267 2580 cognitum
1290 2501 1369 2581 sihi,
1390 2501 1505 2583 quibus
1528 2503 1633 2566 landi-

321 2607 380 2671 bus
402 2606 530 2670 Polonie
552 2626 682 2686 regnum
704 2613 789 2669 tuam
811 2605 1023 2685 eloquentiam
1046 2602 1180 2680 attollat,
1201 2603 1276 2684 rrrrid
1299 2603 1399 2667 Dncie
1421 2624 1567 2688 proceres
1589 2606 1633 2669 de

321 2709 515 2791 iurisperitia
543 2719 598 2771 tna
631 2709 796 2790 loquantur
826 2727 887 2770 non
913 2707 982 2768 siue
1009 2705 1150 2768 rnaxinra
1177 2706 1399 2772 admiratione.
1451 2706 1549 2789 ldque
1579 2727 1634 2772 ue·

321 2811 478 2873 rissinrum
500 2829 570 2874 esse
589 2809 769 2874 affirmabat
789 2809 828 2872 de
850 2808 987 2890 pellibus
1009 2808 1040 2869 in
1068 2807 1175 2889 precio
1202 2806 1337 2886 habitis,
1366 2808 1411 2871 ita
1441 2817 1475 2872 ut
1499 2817 1635 2888 negaret

321 2914 490 2977 olosericas
522 2919 626 2977 restes
657 2931 795 2992 auroque
828 2912 967 2992 rigentes
1000 2911 1098 2992 pluris
1133 2917 1287 2974 constare.
1336 2913 1497 2974 Serricrat
1536 2920 1636 2995 poeta.

321 3023 426 3092 noster
446 3015 619 3099 episcopo-⁷²
644 3000 816 3094 ditissimo,
849 3015 899 3076 cui
928 3013 968 3075 ob
997 3013 1159 3093 ingenium
1191 3020 1222 3076 et
1248 3011 1339 3076 fidem
1370 3019 1401 3076 et
1424 3015 1636 3080 suavissimos

321 3138 423 3182 rnores
451 3118 652 3198 gratissimus
678 3124 754 3180 erat.
797 3117 919 3179 Nomen
948 3115 1067 3178 excidit
1093 3115 1179 3179 mibi.
1223 3115 1389 3179 Habitauit
1411 3115 1442 3178 in
1463 3117 1537 3178 aula
1559 3137 1636 3181 curn

320 3220 429 3284 eodem
452 3220 604 3304 episeopo
623 3227 655 3283 el
676 3221 708 3282 in
733 3219 875 3282 intimam
887 3217 1136 3281 familiaritatem
1150 3224 1258 3299 utpote
1269 3218 1476 3282 caruccllarius
1488 3226 1519 3281 et
1535 3218 1636 3283 inter-

321 3342 395 3405 pres
422 3323 575 3405 peruenit.
617 3322 760 3386 'landem
785 3321 861 3383 latis
887 3321 932 3384 ita
958 3319 1159 3382 volentibusk
1188 3319 1306 3382 relictis
1327 3319 1485 3383 Bructeris
1510 3319 1550 3383 ad
1576 3320 1636 3385 Er-

321 3424 480 3487 fordiamG
494 3425 699 3504 remigravit¹.
732 3422 827 3486 Miror
838 3430 942 3485 autem
956 3421 1037 3484 hunc
1050 3421 1144 3484 talem
1157 3423 1353 3502 magistrum,
1366 3430 1454 3485 tumm
1466 3424 1635 3504 egregium

322 3533 446 3608 poetam
473 3526 578 3591 minus
607 3545 676 3590 esse
704 3533 755 3589 tue
781 3525 969 3590 sublimitati
997 3524 1204 3603 tanriliarem,
1236 3543 1304 3588 cum
1331 3523 1532 3588 doctissimus
1558 3527 1637 3606 quis

391 3646 402 3673 ²
423 3651 455 3695 Ta
472 3650 601 3710 imprimis.
675 3640 686 3670 ¹¹
704 3651 778 3695 Feblt
796 3648 820 3696 b.
839 3649 879 3695 Px.
951 3641 961 3668 ⁰
983 3649 1014 3692 Ta
1032 3662 1166 3705 numquam.
1239 3630 1252 3667 ‘¹
1273 3649 1304 3691 'I's
1327 3647 1413 3710 thicrc.
1478 3641 1489 3666 θ
1509 3649 1541 3693 da
1561 3649 1638 3695 wild-

299 3745 303 3751 .
321 3725 385 3813 prat.
449 3705 458 3740 s
476 3721 508 3765 Ta
526 3721 596 3768 mire.
662 3713 675 3747 ἶ
697 3721 729 3764 l’:
747 3735 787 3764 ure
804 3720 910 3765 aridisse.
973 3702 985 3737 ¹¹
1007 3719 1038 3762 Tr
1057 3732 1168 3776 gemmae
1187 3724 1211 3761 et
1233 3731 1319 3763 arnum
1389 3713 1393 3737 ¹
1416 3718 1447 3762 ΤΞ
1467 3719 1640 3770 auctoritate.

356 3791 388 3835 rs
406 3791 574 3836 volventibus.
647 3775 653 3810 ¹
674 3791 706 3835 rs
724 3789 848 3849 stigson.
920 3781 938 3809 ¹¹¹
959 3789 991 3832 ra
1011 3793 1044 3834 a.

321 3915 520 3924 ——-—.

384 3986 395 4028 ¹
419 3992 537 4062 Vngr.
551 3992 608 4046 478
629 3991 655 4047 S.
669 3993 724 4046 139
746 3992 827 4048 Anm.
843 3992 869 4045 6.

383 4065 396 4108 ‘2
415 4071 600 4127 Truculentns
616 4073 645 4126 ll
657 4075 684 4141 c,
697 4075 723 4127 8.
903 4095 906 4100 ·

382 4145 396 4188 3
418 4150 468 4205 An
488 4153 668 4207 kaiserlichcr
688 4153 851 4208 Gesandter.
1376 4161 1379 4170 ¹

381 4227 395 4268 4
417 4231 548 4286 Disselbe
569 4233 766 4304 Bezeiehnung
788 4235 835 4286 hir
853 4234 989 4287 Prenssen
1013 4231 1062 4286 wic
1085 4232 1112 4285 iu
1135 4231 1250 4286 31:442
1273 4233 1385 4290 S‚100.

381 4305 396 4348 5
417 4311 491 4366 Hiob
513 4331 566 4366 von
587 4313 749 4369 Dobencck.
791 4314 912 4384 Vglssr.
927 4313 983 4365 lla
1007 4311 1034 4364 S.
1052 4313 1108 4364 tun
1132 4311 1248 4368 Auun‘d.

382 4389 396 4429 ⁶
417 4392 454 4444 Er
473 4393 541 4464 ging
562 4395 640 4448 nicht
661 4396 752 4448 direlrt
773 4396 843 4448 urach
865 4395 960 4446 Ersnrt
979 4393 1099 4460 andioli,
1128 4395 1244 4446 srrrnlern
1267 4394 1404 4446 vernando
1430 4394 1544 4461 langero
1569 4395 1635 4450 'dr—ir

321 4472 349 4524 in
367 4472 517 4526 Fruukfurt
538 4470 589 4545 nst]
619 4477 673 4528 unrl
696 4477 723 4527 in
737 4476 857 4545 Leipzig.
900 4475 982 4527 Scine
995 4473 1144 4527 Riiekkehr
1167 4475 1236 4528 nach
1257 4475 1350 4528 Erlnrt
1372 4473 1489 4544 erdolgte
1511 4492 1558 4527 um
1585 4476 1643 4534 21,

320 4553 380 4608 Juli
404 4552 488 4606 1514.
529 4554 591 4625 Vgl.
602 4555 647 4612 Br.
659 4553 715 4608 408
737 4555 764 4609 S.
781 4555 816 4608 67
841 4555 923 4609 Anm.
937 4555 961 4608 7.
