3625 5192
305 347 339 400 54
678 347 937 414 Gcsebiebtsquellen
957 349 1006 399 der
1023 347 1098 400 Pror.
1116 346 1240 400 Suebaen.

308 497 397 560 mitte
419 495 518 575 banc,
539 516 596 579 pro
617 487 681 577 oua
702 496 819 559 babes³
841 496 947 559 aliam.
988 495 1058 575 Ego
1078 495 1151 558 misi
1173 494 1214 557 ad
1236 493 1395 556 nundinas
1415 493 1616 574 Neoburgias

306 617 419 661 aureos
438 600 592 679 quinque,
621 607 653 662 ut
683 598 919 662 munusculuml
948 603 1156 680 supportetur.
1201 596 1262 659 Hic
1283 594 1395 659 desino
1424 603 1454 659 te
1475 597 1614 678 culpare.

308 700 413 764 Nimis
435 702 567 764 tortasse
591 720 658 764 sum
680 719 835 780 morosus,
863 719 903 762 ne
925 698 1029 762 dicam
1051 699 1295 762 contumeliosus
1315 699 1435 762 altricis.
1479 700 1564 762 Satis
1585 705 1617 761 te

306 802 457 885 increpui.
500 803 592 866 Nunc
614 802 655 866 sit
676 803 773 882 quies.
816 801 879 865 Sed
901 800 1038 884 penitet,
1064 799 1176 883 pudet,
1206 800 1295 882 piget
1315 820 1365 864 me
1387 799 1553 880 scripsisse
1574 799 1615 862 ad

308 911 338 967 te
362 909 394 966 et
414 904 540 969 misisse
562 905 610 968 bis
632 903 743 968 eadem
767 905 807 968 de
833 923 866 967 re
888 902 1039 966 Publium.
1083 904 1206 966 Serusb
1228 911 1314 966 tuum
1335 901 1482 966 erarium.
1524 901 1616 964 Nunc

307 1007 387 1086 scio,
411 1006 459 1068 etri
482 1005 613 1070 servias.
657 1005 765 1070 Servis
786 1007 869 1068 enim
891 1006 1035 1088 pecunie.
1077 1005 1147 1086 Ego
1168 1005 1227 1070 boc
1248 1004 1302 1067 dic
1321 1003 1480 1068 dedissem
1503 1003 1561 1066 tibi
1584 1003 1616 1066 X

306 1128 433 1186 aureos,
464 1110 490 1172 si
513 1108 623 1171 bononi
653 1127 722 1171 meo
752 1107 906 1171 affuisses
957 1107 1030 1171 ldeo
1056 1106 1160 1189 magis
1185 1106 1369 1186 dolendum,
1395 1106 1472 1187 qtria
1498 1107 1617 1187 optime

307 1211 392 1274 sensi
414 1216 445 1272 et
467 1209 554 1274 brevi
581 1211 660 1274 satis
681 1211 785 1274 lacere
811 1210 905 1273 volui.
947 1209 1010 1274 Sed
1032 1228 1095 1290 pax
1117 1208 1158 1272 sit
1176 1216 1208 1270 et
1228 1208 1318 1289 quies
1339 1215 1371 1272 et
1394 1206 1616 1288 tranquillitas.

308 1313 467 1393 Ego-utar
488 1318 593 1376 vetere
613 1311 755 1376 instituto
775 1331 860 1393 mco,
889 1321 920 1375 tu
943 1313 988 1375 sis
1008 1318 1099 1395 pater
1119 1310 1258 1375 familias
1281 1317 1334 1375 tuo
1356 1330 1450 1375 more.
1493 1311 1616 1373 Novam

309 1415 367 1478 tibi
392 1434 500 1498 peram
523 1413 699 1493 destinabo,
724 1421 780 1476 tua
797 1413 956 1478 sordebat.
1000 1413 1087 1478 Vale.

388 1517 495 1581 Pridie
516 1514 698 1581 Kalendcs⁰
719 1515 826 1592 Iulias,
840 1514 1012 1579 MDXllll.

378 1640 518 1686 nanu-em.
539 1623 638 1685 rard
657 1640 697 1685 nn.
710 1637 898 1685 trev-2431·
948 1641 1010 1694 (tter
1028 1641 1111 1686 codex
1136 1640 1180 1685 nat
1203 1640 1218 1685 2
1238 1640 1374 1685 ulimmerii
1400 1637 1450 1684 ste
1476 1639 1615 1684 anunente

250 1715 252 1720 ’
309 1709 379 1764 375).
417 1708 1155 1777 door.utores180--181corregostltiadostndiie
1191 1711 1217 1766 2)
1236 1709 1251 1755 b
1278 1709 1399 1767 Bdeking.
1420 1710 1526 1755 llutteni
1540 1724 1616 1768 opera

310 1781 320 1825 1
341 1795 380 1838 op.
400 1780 428 1852 3¹1
440 1779 512 1826 -32
533 1795 579 1826 con
594 1779 669 1825 Initio
685 1780 730 1825 libi
749 1779 785 1836 tis
802 1780 961 1826 sententiolis
981 1781 1097 1827 immorer
1115 1779 1166 1825 ιιιιά
1181 1796 1227 1826 nott
1240 1779 1400 1839 Triumphum
1411 1779 1548 1826 Neobiibr's
1565 1795 1617 1824 xum

309 1851 424 1896 &iriense

379 1943 472 1995 'nu-t
494 1949 581 1997 buben.
653 1929 666 1967 b
685 1949 750 1994 Bb'els
770 1964 844 1997 serra.
917 1943 928 1969 ⁶
948 1950 1012 1996 Bet-b
1034 1951 1087 1997 Cel.

617 2085 725 2152 Beilage
744 2081 757 2136 I
775 2102 808 2138 zu
826 2084 872 2139 Νι,
894 2085 946 2136 393
964 2083 1056 2151 (Siebe
1073 2085 1099 2141 S.
1119 2089 1153 2137 tu
1173 2088 1250 2143 unm
1270 2087 1307 2148 4).

390 2188 516 2254 Andrec
562 2188 789 2271 Nepotiane
822 2188 982 2253 literarum
1016 2187 1171 2270 studioso,
1212 2190 1314 2254 amieo
1354 2209 1441 2269 meo,
1476 2190 1617 2254 Adamus

309 2291 448 2356 Publius.

390 2393 484 2457 Salus
499 2391 569 2484 tibi,
590 2392 627 2466 si,
648 2398 682 2456 ut
705 2411 740 2456 es
759 2391 884 2472 docilis,
910 2392 1008 2474 probe
1032 2392 1138 2458 discis.
1180 2393 1250 2476 Ego
1271 2395 1407 2459 Gothum
1429 2415 1478 2458 me
1499 2395 1618 2459 contuli

312 2494 353 2558 ad
372 2495 530 2558 doctorem
548 2494 731 2568 blutianunr,
753 2493 842 2557 cuius
863 2513 991 2577 promus
1012 2514 1080 2559 sum
1101 2501 1133 2558 et
1153 2495 1331 2560 obsonator.
1374 2497 1470 2560 lanus
1488 2497 1617 2561 Urbano

312 2605 416 2660 nostro
438 2596 536 2660 servit
558 2605 589 2658 et
609 2596 713 2659 studet
726 2595 864 2660 nurnine.
907 2597 982 2674 Fae,
1004 2597 1134 2660 obsecro
1147 2606 1186 2672 te,
1211 2597 1348 2661 studium
1366 2600 1435 2662 eius
1450 2598 1619 2678 diligentia

313 2703 421 2757 nostra
453 2713 688 2774 consequamur.
731 2696 812 2760 Nam
840 2695 898 2760 llos
924 2699 1019 2762 etatis
1048 2718 1110 2762 non
1137 2698 1295 2764 illecebris
1322 2700 1532 2782 voluptatum,
1561 2699 1616 2764 sed

313 2796 402 2862 bonis
430 2796 530 2860 literis
555 2805 588 2859 et
615 2796 768 2862 modestie
793 2799 991 2864 dedicandus
1016 2801 1090 2880 erit,
1117 2808 1151 2864 ut
1175 2801 1303 2865 tandem
1332 2801 1482 2866 bonorum
1510 2805 1618 2882 gratia

312 2899 458 2961 turanum.
501 2897 562 2974 Qui
585 2919 742 2964 veronen
766 2911 931 2965 moventur
962 2905 993 2965 in
1015 2902 1233 2967 adolescentia
1253 2902 1422 2985 splendore
1443 2903 1570 2967 virtutis
1589 2913 1620 2968 et

262 3023 267 3032 ·
311 3001 498 3064 auctoritate
520 3001 689 3085 discipline
710 3003 859 3084 melioris,
881 3005 922 3079 ii,
944 3012 978 3068 ut
999 3023 1122 3085 semper
1144 3005 1222 3068 milri
1246 3006 1404 3088 persuasi,
1426 3006 1496 3068 sine
1515 3005 1617 3088 digni-

312 3109 386 3182 tate,
406 3103 554 3167 inlocum
575 3105 720 3169 molestia
742 3107 875 3189 turpiter
897 3113 1135 3171 consenescunt.
1178 3106 1231 3170 Da
1245 3126 1384 3189 operam,
1407 3115 1440 3171 ut
1458 3108 1567 3171 valeas
1588 3121 1621 3171 et

312 3205 388 3285 qnia
404 3203 537 3285 Urbani,
559 3206 778 3270 humanissimi
796 3215 827 3272 et
847 3208 958 3291 optimi
977 3209 1046 3288 viri,
1068 3227 1167 3292 nepos
1189 3229 1232 3288 es,
1253 3229 1338 3288 cura,
1360 3217 1393 3273 nt
1413 3210 1530 3291 dignus
1551 3231 1620 3275 esse

312 3306 452 3385 videare,
471 3325 563 3387 quem
582 3307 635 3370 ille
653 3308 768 3390 diligat
785 3319 816 3372 et
837 3311 916 3392 ipse,
939 3317 972 3372 ut
995 3330 1120 3394 semper
1141 3311 1371 3391 bubulcarum
1395 3311 1539 3376 babeam.
1581 3313 1617 3376 ld

313 3417 343 3472 tc
364 3409 490 3472 omnino
512 3409 635 3473 conlido
656 3409 819 3490 iacturum,
843 3413 1006 3493 presertim
1030 3412 1088 3476 sub
1111 3415 1263 3493 magistro
1287 3414 1366 3479 benc
1387 3413 1488 3480 docto.

393 3509 509 3573 Datum
536 3511 640 3593 pridie
662 3512 821 3575 Calcndns
841 3513 999 3590 Quintiles
1020 3514 1219 3582 DDDXllll.

383 3633 565 3679 llundselrril'tl.
587 3633 606 3679 p
626 3629 692 3681 374³
711 3636 751 3681 t'ol.
774 3635 851 3682 2421:

617 3777 725 3848 Beiluge
744 3779 769 3833 ll
787 3798 820 3834 zu
839 3779 885 3838 Νι,
905 3781 956 3833 393
975 3781 1066 3848 (Siebe
1084 3783 1109 3836 S.
1130 3783 1163 3834 53
1182 3785 1259 3837 dnm.
1278 3783 1313 3848 4).

396 3883 622 3964 Nepotiane
645 3901 700 3946 surr
718 3883 876 3948 Vulcanus
897 3884 1062 3949 Drusillus.

396 3985 429 4048 Si
451 3985 547 4059 vales,
573 3984 652 4048 bene
673 3993 729 4050 cst.
762 3985 831 4067 Ego
852 3987 981 4068 qutidem
1002 3995 1033 4051 et
1047 3988 1180 4052 Publius
1191 3989 1333 4052 valemus
1347 3996 1378 4051 et
1389 3989 1528 4053 instante
1538 3989 1623 4066 bero,

314 4087 459 4167 utramvis
480 4095 511 4150 et
534 4094 639 4152 nostra
662 4097 790 4170 sponte,
810 4088 971 4152 discimus.
1013 4090 1061 4153 Tu
1084 4109 1158 4154 vero
1180 4090 1295 4153 celebri
1318 4091 1351 4153 in
1372 4090 1445 4154 ludo
1466 4091 1526 4154 nisi
1553 4111 1622 4174 pro-

314 4189 435 4270 lecrris,
455 4190 537 4253 ntalc
549 4189 667 4254 audies.
711 4189 821 4271 Neqtre
834 4191 916 4254 enim
928 4200 1128 4276 preceptores
1143 4191 1307 4256 desideras
1321 4200 1352 4257 ct
1363 4192 1492 4274 ingenio
1502 4193 1599 4257 vales.

394 4290 445 4354 Ad
467 4289 626 4355 Calendas
650 4291 746 4356 lulius
767 4292 938 4355 MDXllll.

386 4409 566 4456 Hundsebriltl.
587 4411 606 4456 F
627 4405 694 4456 315³
715 4412 755 4457 fol.
776 4411 851 4458 tter.

378 4571 389 4614 1
411 4575 467 4628 Fiir
488 4575 629 4630 Bernhurd
651 4577 783 4634 llirsl'eld.
