3625 5192
303 335 371 405 166,
674 331 935 400 Gcschichtsquellen
953 333 1002 386 der
1018 331 1093 385 Pror.
1112 331 1233 385 Saehsen.

302 481 388 564 apud
419 480 580 564 principes
611 479 821 560 Turingorum
852 481 1028 543 continenti
1059 478 1212 544 discursu.
1264 479 1376 558 Neque
1408 479 1471 541 rari
1502 497 1604 559 neque

302 581 435 648 conferti
464 581 605 662 hospites
632 600 808 663 cauponam
833 583 934 664 ipsius
959 581 1173 664 protervolare
1196 589 1354 664 poterant,
1379 581 1453 660 quin
1478 599 1606 658 necesse

302 685 455 749 haberent
480 703 514 748 se
536 693 673 764 purgare
694 683 807 746 llonuo
836 690 868 746 et
893 683 1015 747 itineris
1044 684 1093 747 sui
1119 703 1248 747 eausam
1269 703 1435 765 exponere.
1478 681 1604 760 singuli

301 805 363 849 non
391 786 460 850 sine
487 784 628 866 periculo
656 784 826 849 intrabant.
875 785 940 849 Sed
968 803 1070 848 meum
1104 805 1165 848 nou
1192 792 1241 850 est
1272 784 1394 847 occulta
1425 783 1605 846 enunciare.

301 887 390 966 Scio,
424 884 499 967 quid
525 885 683 958 dicerent,
715 886 769 967 qni
800 886 833 948 in
860 905 901 966 ca
934 881 1214 966 pernoctavissent
1266 885 1360 948 Venit
1390 883 1497 948 fatalis
1528 883 1606 948 dies.

302 987 498 1052 interficitur.
549 987 665 1052 Petunt
701 989 872 1053 necessarii
909 987 1157 1052 ecelesiasticam
1195 989 1397 1070 sepulturam.
1452 987 1604 1066 Negatur.

301 1090 440 1154 Humunt
469 1089 568 1152 vieini
596 1108 709 1173 corpus
737 1090 923 1168 ineodcm,
949 1091 1074 1172 opinor,
1099 1109 1191 1170 agro,
1216 1105 1282 1172 'quo
1308 1088 1430 1154 efflavit
1456 1090 1603 1152 arrinranr.

258 1213 267 1230 ·
301 1192 373 1255 Non
399 1191 555 1254 assentior
581 1189 659 1271 illis,
685 1176 738 1272 qui
767 1193 929 1256 cemiteria
960 1200 1080 1256 tentum
1107 1211 1198 1256 sacra
1225 1197 1347 1273 putant.
1389 1191 1501 1262 Orunis
1521 1210 1606 1268 area,

301 1293 501 1358 sanctissime
526 1293 647 1356 telluris
673 1301 736 1374 est,
767 1313 860 1375 quam
895 1295 990 1357 etiarn
1021 1295 1165 1358 Cererem
1190 1303 1222 1357 et
1242 1293 1362 1358 lllream
1390 1302 1422 1357 et
1442 1293 1545 1375 Opem
1572 1301 1605 1357 at

302 1395 452 1476 Cybelem
480 1403 512 1457 et
530 1394 752 1477 Proserpinam
779 1403 811 1460 et
832 1395 982 1476 Magnum
1004 1395 1136 1460 llatrem
1163 1395 1329 1478 appellant
1353 1395 1476 1460 eruditi.
1519 1395 1607 1458 lueet

301 1496 399 1577 igitur
433 1496 466 1558 in
496 1502 607 1558 sancto
640 1496 751 1561 matris
781 1497 867 1578 sinu,
899 1496 1000 1561 velint
1025 1497 1127 1562 nolint
1151 1498 1272 1562 creduli
1292 1499 1413 1562 fratres.
1462 1497 1496 1560 ld
1521 1497 1607 1579 qnod

301 1605 452 1662 testamur
472 1597 712 1680 epigrammate,
733 1617 774 1662 ne
795 1599 866 1679 quis
882 1599 1029 1663 manibus
1051 1599 1233 1664 maledicat:

503 1733 563 1798 Hic
584 1734 646 1797 sita
667 1742 740 1798 sunt
762 1735 875 1814 Honni,
899 1734 1028 1817 preduri
1051 1735 1170 1813 militis,
1191 1756 1264 1800 ossa

502 1836 571 1899 Nee
591 1837 700 1918 procul
721 1836 795 1901 lrinc
817 1836 956 1900 animam
978 1837 1098 1900 sorbuit
1120 1836 1203 1900 alma
1226 1838 1327 1902 Ceres

501 1937 632 2001 Scilicet
654 1937 712 2002 hoc
734 1938 848 2001 meruit
869 1937 963 2001 Marti
983 1938 1062 2001 bene
1084 1939 1214 2018 cognitu
1235 1939 1344 2017 virtus,

501 2038 593 2116 Quod
615 2040 754 2104 lacerum
774 2040 868 2103 funus
888 2040 971 2103 nrole
991 2059 1083 2104 saera
1105 2040 1230 2121 tegitur.

382 2176 490 2253 Vides,
505 2175 642 2256 Urbane,
655 2193 716 2257 qno
732 2174 869 2239 tendam.
901 2175 1050 2256 Perspice
1067 2176 1289 2260 proprietatem
1308 2178 1482 2245 verborum.
1514 2181 1609 2244 Alma

302 2278 411 2343 Ceres:
441 2285 532 2341 terra
574 2276 717 2340 Sorbnit:
743 2276 864 2353 hausit,
890 2275 1045 2340 exorbuit.
1094 2277 1166 2340 Non
1188 2277 1261 2341 dico
1289 2281 1416 2361 sorpsit,
1448 2283 1531 2364 quod
1559 2292 1609 2348 est

301 2381 404 2444 minus
434 2381 566 2459 elegans
598 2379 792 2461 preteritum.
843 2379 1009 2442 Animam:
1042 2380 1228 2460 sanguinem
1264 2381 1436 2445 secundnm
1474 2385 1608 2449 Stoicum.

302 2481 419 2544 llurtia
445 2482 558 2544 virtus:
588 2479 682 2544 robur
710 2487 741 2544 et
769 2480 927 2544 tortitudo.
970 2479 1085 2544 lleruit
1105 2500 1197 2545 saera
1218 2483 1315 2547 mole:
1336 2503 1427 2548 saera
1445 2489 1609 2568 sepultura

303 2583 386 2662 tegi,
412 2582 476 2645 iruo
504 2595 536 2644 ut
563 2583 655 2646 sunus
685 2581 821 2646 lacerum
843 2584 875 2646 in
897 2590 1010 2646 sancta
1031 2590 1115 2648 terra
1135 2583 1334 2666 sepeliretur,
1363 2588 1492 2667 cognita
1513 2588 1608 2654 llnrti

301 2685 402 2749 virtus
422 2683 536 2749 effecit.
577 2683 714 2747 Tantum
735 2692 794 2748 est.

381 2786 476 2849 Emat
505 2785 583 2850 milri
616 2785 833 2868 Nepotianusl
868 2785 984 2868 pilulas
1021 2785 1250 2868 pestilentiales
1281 2788 1382 2853 tribus
1421 2789 1539 2856 boemis
1577 2802 1610 2858 et

302 2887 399 2968 dicat,
420 2898 454 2952 ut
474 2898 615 2952 recentes
636 2887 757 2952 faciunt
777 2886 1031 2970 pharmacopole.
1073 2888 1152 2954 Vale
1173 2897 1205 2954 et
1225 2909 1387 2974 concerpe.
1468 2975 1475 2988 Ι

371 3019 581 3066 Hartdschrittl.l·*
592 3018 640 3064 501
655 3021 696 3066 fel.
707 3019 907 3066 uttv—stttv.

304 3255 456 3327 50511.
478 3273 524 3322 55
546 3254 668 3322 Simon
694 3255 877 3326 t'oltztro2.
1170 3259 1303 3343 (Gotho
1319 3263 1432 3342 1515.)
1473 3261 1562 3328 luni
1577 3264 1608 3334 1.

372 3389 433 3435 utut.
453 3389 534 3434 dnnkt
553 3390 592 3434 srir
611 3389 652 3434 dio
671 3390 771 3434 cndlirlu
790 3393 819 3434 ud
838 3390 932 3435 Stantia
951 3391 1113 3448 gckornrncnc
1133 3393 1295 3452 Srlrlichtunp
1313 3396 1356 3441 des
1373 3395 1476 3442 Struitcs
1494 3396 1540 3440 snit
1560 3397 1610 3442 tlon

303 3461 414 3506 Vikarun
432 3475 519 3518 wcgcn
540 3460 583 3504 dos
597 3459 693 3504 llrursos
711 3459 762 3504 und
781 3460 880 3505 ru'o'chto
900 3460 961 3505 libor
979 3461 1073 3510 cinicus
1092 3462 1305 3510 Nclrensitrlrliclre
1324 3466 1483 3524 5511115555ν
1503 3465 1594 3513 haben.

383 3566 566 3630 Clarissimo
587 3564 656 3629 rire
675 3565 796 3628 doctori
818 3566 939 3629 Simoni
962 3565 1136 3632 Vuolsco.

383 3670 413 3732 S.
468 3667 599 3732 Gratum
635 3675 684 3730 est
722 3667 798 3730 nrilri
832 3679 864 3730 et
906 3687 1098 3752 magnopere
1136 3655 1320 3750 ineundum,
1356 3675 1612 3755 prestantissinrc

303 3777 446 3852 pratrone,
467 3769 550 3849 qnod
572 3769 760 3832 vicariorum
783 3768 889 3832 litem³
911 3769 1113 3834 suborliosurn
1137 3780 1168 3833 et
1190 3773 1351 3836 molestam
1374 3773 1473 3837 dilate
1496 3775 1614 3838 irulieis

257 3865 261 3876 “
303 3870 407 3936 cilicio
428 3878 578 3951 tanquam
600 3869 782 3952 pacificator
803 3869 1058 3935 extraordinaria
1080 3873 1261 3953 seueritate,
1284 3883 1315 3936 ut
1335 3876 1469 3938 arrrieunr
1494 3875 1614 3941 deruit:

304 3974 525 4054 composueris.
570 3972 735 4054 Urgebant
761 3971 845 4035 enirn
865 3973 956 4053 quasi
979 3973 1104 4037 cedenti
1125 3973 1258 4038 similent
1281 3975 1455 4040 atlversurii
1477 3977 1616 4044 licentes

303 4084 335 4139 et
361 4075 509 4138 aridaeuli
537 4083 569 4139 et
594 4093 644 4138 nre
671 4075 822 4137 maiorem
849 4075 881 4137 in
911 4074 1036 4138 nrodunr
1065 4077 1213 4140 convitiis
1238 4079 1414 4142 onerabant
1435 4079 1615 4162 absentent,

304 4185 351 4257 ut,
377 4176 460 4257 qnod
489 4195 561 4240 mec
589 4183 701 4257 sponte
730 4177 869 4241 tacturus
890 4177 1023 4240 videbar
1045 4179 1075 4242 iu
1098 4179 1293 4243 restituenda
1314 4181 1420 4259 dorno,
1447 4181 1479 4244 id
1502 4201 1614 4248 eorum

369 4389 381 4431 ¹
401 4392 481 4448 Noffe
501 4393 621 4451 Urbane.
663 4393 726 4464 vgt.
740 4393 785 4448 Br.
798 4394 854 4446 5011
874 4394 899 4449 S.
914 4395 971 4446 ltttl
994 4395 1075 4450 Anrn.
1091 4396 1114 4450 i.

365 4469 379 4511 ‘2
400 4475 462 4544 Vgl.
474 4473 519 4527 Bt.
531 4473 568 4526 65
589 4474 615 4526 S.
627 4475 664 4524 88
686 4477 769 4531 Antn.
786 4476 812 4530 1.

364 4549 379 4592 3
396 4554 514 4626 vgtssr.
530 4553 586 4606 458
608 4554 634 4610 S.
648 4555 704 4608 116
720 4573 746 4609 u.
763 4553 819 4608 471
842 4555 869 4611 S.
885 4555 949 4609 128.
