3625 5192
296 327 348 381 344
671 325 931 396 Geschichtsquallen
949 326 998 380 der
1015 324 1089 380 Prov.
1109 326 1230 381 Saohsen.

377 477 408 540 S.
452 475 570 539 Facete
581 474 693 540 Crotus
712 494 807 541 meus.
850 476 941 540 Tunc
963 476 1046 539 enim
1067 476 1206 559 pmdeos
1229 481 1261 541 et
1284 482 1412 540 sauctus
1433 475 1492 540 tibi
1517 475 1605 539 vide·

298 580 388 651 bare,
419 599 489 643 cum
518 577 622 642 adhuc
650 578 797 660 legeret
823 578 993 642 Dornbeim
1025 597 1119 643 esses.
1172 578 1263 642 Tunc
1294 577 1465 657 placebant
1496 578 1605 642 doctor·
1657 596 1660 601 ·

295 689 423 746 sanctus
450 680 681 762 irrefragabilis
692 684 712 761 ¹,
734 679 843 766 doctor
864 679 1030 744 subtilis²²
1053 679 1153 744 Heota
1174 700 1235 767 von
1257 680 1392 759 Gawli,
1415 680 1522 745 'llcnta
1543 674 1603 744 von

295 783 449 863 Frirnar4,
477 781 579 847 Henta
606 784 668 845 auli
690 782 843 861 Hesseu5,
869 782 981 845 Amolt
1007 801 1066 844 von
1089 779 1262 863 Thungern
1290 789 1321 845 et
1349 781 1380 845 id
1406 801 1506 863 genus
1529 782 1603 866 pha-

296 885 403 950 natici.
445 884 613 965 Postquam
637 904 709 948 vero
729 890 857 948 renatus
878 903 913 949 es
936 892 967 947 et
989 904 1045 967 pro
1068 882 1182 965 lbeger
1203 883 1329 963 Crotus,
1352 903 1407 967 pro
1431 884 1604 949 Dornbeim

296 986 460 1051 Rubianus
491 986 656 1064 salutatus,
685 986 868 1050 oeciderunt
893 992 924 1049 et
951 1004 1044 1049 aures
1069 985 1222 1069 prolonge
1247 998 1279 1051 et
1298 985 1399 1051 cauda
1423 988 1555 1071 pensilis
1575 996 1606 1051 et

297 1089 380 1171 pilus
407 1088 567 1172 imperius,
599 1087 698 1170 quod.
716 1088 778 1153 sibi
807 1087 965 1152 accidisse
985 1086 1065 1151 dicit
1086 1087 1253 1168 Apuleius,
1280 1108 1350 1153 cum
1372 1089 1476 1154 adbuc
1497 1091 1605 1155 asinus

297 1200 381 1255 esset
406 1199 438 1256 et
461 1191 532 1253 lune
554 1189 720 1262 beneficio,
742 1210 803 1272 que
825 1197 873 1254 est
894 1189 1007 1271 regina
1028 1189 1102 1265 celi,
1132 1191 1345 1255 restitueretur
1367 1190 1447 1271 sibi,
1468 1191 1528 1256 hoc
1548 1200 1605 1266 est,

297 1292 495 1357 humanitati.
537 1293 615 1356 (lum
645 1300 749 1355 autern
775 1292 916 1356 evaseris
945 1292 1105 1374 scopulos,
1133 1312 1150 1356 e
1177 1292 1315 1372 syrtibus
1347 1297 1541 1369 enataveris,
1572 1295 1604 1359 iu

296 1401 387 1478 portu
409 1394 553 1475 naviges,
576 1394 668 1457 facile
681 1395 858 1476 cognoscis,
878 1413 973 1475 quam
990 1388 1095 1457 mise'ri
1107 1393 1180 1472 sint,
1201 1394 1254 1475 qui
1268 1393 1405 1459 nondum
1427 1395 1604 1461 barbariam

296 1502 457 1561 exueruut.
500 1495 593 1558 Nunc
621 1495 698 1560 felix
725 1503 757 1559 et
786 1497 911 1577 beatus,
942 1496 991 1561 cui
1023 1496 1123 1561 bonos
1149 1503 1274 1561 autores
1297 1496 1442 1565 evolvere
1464 1488 1604 1581 contigit.
1637 1542 1641 1547 -

296 1597 422 1662 Dedisti
444 1595 487 1659 ad
508 1616 557 1659 me
578 1596 732 1662 Thesibio
752 1597 914 1661 Rbauidi6
937 1598 1111 1662 Pontanum
1122 1599 1143 1677 ⁷,
1172 1598 1225 1679 qui
1248 1618 1288 1661 ex
1309 1598 1415 1662 stultis
1435 1598 1606 1681 prudentes

296 1699 373 1763 lacit
397 1717 532 1781 maguus
558 1698 714 1777 medicus,
742 1699 769 1763 si
793 1698 932 1763 stulticie
952 1698 1070 1763 mederi
1093 1694 1208 1781 potest,
1235 1699 1343 1763 morbo
1369 1700 1462 1781 longe
1480 1702 1606 1783 lateque

296 1804 444 1883 serpenti.
492 1800 557 1865 Sed
584 1802 694 1882 quanti
720 1808 784 1881 est,
819 1808 852 1865 ut
878 1821 937 1886 par
963 1802 1032 1883 pari
1059 1800 1272 1883 respondeat?
1319 1800 1442 1865 Emisse
1468 1809 1499 1867 te
1524 1794 1606 1867 dicis

296 1903 447 1987 plurimos
474 1902 620 1983 quanrvis
646 1902 799 1981 minutos,
830 1922 910 1985 quos
931 1903 1091 1985 perlegas,
1118 1902 1159 1967 ub
1186 1902 1219 1967 id
1249 1910 1450 1968 exenteratos
1478 1904 1605 1971 loculos.

296 2004 414 2084 Credo,
441 2003 497 2068 sed
525 2004 792 2068 nomenclaturam
819 2003 980 2085 desidero,
1013 2004 1076 2068 imo
1107 1998 1216 2085 flagito
1245 2011 1276 2067 et
1304 2024 1361 2088 per
1386 2006 1485 2071 Portii
1514 2007 1605 2071 bene·
1707 2054 1711 2062 .

296 2106 466 2171 volentiam
498 2105 638 2169 obtestor
664 2112 696 2170 et
727 2125 783 2189 per
808 2113 893 2171 tuam
927 2126 1003 2189 erga
1032 2126 1081 2171 me
1107 2105 1200 2172 fidem
1230 2113 1260 2172 tc
1285 2107 1411 2183 adiuro,
1447 2116 1480 2173 ut
1508 2110 1606 2175 endas

296 2208 374 2285 mibi
408 2210 538 2271 nomina
570 2207 729 2273 librorum.
793 2208 905 2272 Mirum
942 2210 974 2274 in
1006 2208 1131 2273 modum
1160 2230 1244 2273 nova
1275 2218 1338 2273 tam
1373 2211 1484 2276 limata
1511 2232 1606 2292 quam

296 2308 388 2374 rudia
417 2310 486 2391 lego
516 2317 549 2372 et
574 2310 601 2373 si
624 2309 728 2391 legere
756 2330 818 2373 non
846 2310 953 2389 datur,
977 2311 1082 2374 titulis
1103 2310 1236 2393 gaudeo.
1286 2312 1398 2377 Errare
1427 2334 1475 2379 me
1502 2322 1605 2398 putas,

297 2410 380 2493 qrrod
407 2410 467 2475 Vll
499 2430 612 2475 aureos
642 2412 764 2494 scripsi.
814 2411 949 2493 Scripsi,
984 2412 1099 2487 teneor,
1130 2432 1190 2475 non
1219 2414 1308 2495 dedi,
1341 2414 1472 2481 daturus
1499 2426 1605 2483 tamen

297 2513 417 2595 plures,
439 2513 467 2576 si
490 2512 669 2595 placuisset.
713 2512 848 2595 Magnus
871 2515 1043 2597 patronus8
1064 2514 1138 2578 dum
1160 2515 1212 2580 hic
1234 2521 1332 2598 esset,
1357 2519 1473 2583 emisse
1493 2538 1607 2603 corpus

296 2614 374 2678 iuris
397 2615 452 2677 Vll
480 2616 586 2680 aureis
613 2613 750 2679 dicebat.
793 2616 973 2697 intelligam
1001 2618 1121 2699 largius
1148 2626 1180 2679 et
1202 2631 1366 2700 utrumque
1386 2620 1435 2685 ius
1456 2621 1489 2685 in
1510 2640 1605 2687 unuin

296 2735 410 2799 corpus
430 2715 525 2797 adegi
577 2716 626 2779 Tu
639 2717 732 2800 ponis
756 2718 838 2799 10¹1,
860 2738 972 2783 aureos
994 2726 1025 2781 et
1046 2719 1126 2783 nihil
1151 2720 1245 2785 addis
1265 2721 1305 2786 de
1325 2729 1455 2805 utroque
1477 2723 1554 2801 iure,
1573 2732 1606 2788 ut

296 2818 391 2901 plane
417 2819 571 2899 nesciam,
601 2820 705 2901 qualis
727 2821 769 2884 sit
790 2841 877 2883 merx
898 2821 1031 2885 venalis.
1077 2822 1200 2904 ltaque,
1227 2824 1274 2887 mi
1291 2824 1480 2891 suavissime
1503 2826 1604 2901 Croto,

296 2920 439 3000 nomina,
466 2940 579 3003 queso,
602 2922 779 2995 volumina,
801 2942 857 3005 pro
878 2923 993 3003 quibus
1015 2924 1094 3005 10¹1,
1122 2945 1234 2989 aureos
1257 2925 1431 3009 bibliopola
1452 2930 1604 3013 poposcit.

241 3079 245 3085 .
297 3021 365 3105 Qua
386 3022 493 3085 ‹rrnnia
515 3024 595 3086 citra
617 3032 702 3085 tuum
726 3023 805 3086 liant
827 3023 1066 3091 incommodum.
1110 3026 1197 3093 Vale.

366 3146 546 3192 Haudschristl.
565 3146 645 3195 F805
666 3148 705 3193 fol.
722 3146 790 3193 195ν
801 3172 835 3181 -
848 3147 923 3201 laur.
980 3150 1055 3195 Gedr.
1069 3150 1093 3198 b.
1103 3150 1136 3197 Ta
1146 3152 1169 3202 S.
1186 3151 1229 3197 151
1240 3176 1271 3184 --
1282 3152 1330 3199 152
1350 3169 1396 3199 uon
1409 3154 1502 3201 Facete
1517 3158 1605 3202 Croton

295 3216 332 3263 bia
348 3218 464 3263 evolvere
483 3216 597 3275 contigit.

366 3316 378 3345 ⁸
398 3325 421 3369 11'
434 3322 560 3387 subtulis„
620 3309 633 3347 ι’
652 3326 684 3371 'I'a
702 3326 784 3374 Obau.

300 3450 501 3457 ——-—---—-

361 3533 369 3574 ¹
394 3536 551 3592 Alexander
570 3557 624 3592 von
646 3540 738 3594 Hales.

358 3612 372 3655 2
393 3617 473 3671 Duns
494 3616 611 3677 Suetus.⁴

326 3758 334 3773 .
358 3692 372 3736 ³
393 3697 483 3753 Unter
500 3698 604 3753 diesem
627 3698 734 3755 Namen
755 3701 791 3756 ist
812 3703 865 3757 mir
885 3702 950 3757 keirr
971 3705 1158 3760 bedenteuder
1176 3704 1365 3761 Scholastilrcr
1387 3707 1518 3762 bekannt.

296 3856 323 3910 11
359 3772 458 3911 4Gb¹gl
481 3778 550 3911 iiSbar
572 3778 621 3833 ihu
644 3778 793 3853 catalogus
816 3783 966 3837 illustrium
991 3785 1040 3841 vir.
1062 3785 1150 3839 Trith.
1172 3802 1215 3856 op.
1237 3786 1259 3841 I.
1281 3786 1306 3843 S
1331 3784 1387 3841 144
1410 3790 1467 3854 uud
1487 3787 1604 3843 Teuael:

326 3857 370 3912 ist.
409 3857 465 3911 oth.
507 3857 572 3912 .51.

348 3931 368 3975 ὗ
389 3936 550 3993 Bekanuler
572 3945 653 3994 noter
673 3942 735 3995 dem
757 3942 865 3997 Nomen
886 3944 1024 3999 Hernicus
1045 3946 1078 3999 de
1100 3946 1288 4017 Langeusteiu
1307 3948 1374 4003 oder
1394 3948 1428 4003 de
1450 3948 1556 4005 Haaaia

358 4012 372 4055 θ
390 4016 580 4090 Vg1.Br.234
601 4018 627 4074 S.
638 4018 696 4075 313
717 4022 798 4077 Anrn.
812 4020 836 4078 l.

357 4092 369 4136 7
391 4098 453 4169 Vgl.
465 4098 512 4156 Br.
526 4099 564 4152 53
576 4098 604 4154 S.
617 4100 655 4153 69
669 4102 751 4157 Aum.
762 4102 789 4157 2.

357 4172 449 4233 ⁸Abr
468 4178 624 4235 Hartmann
645 4200 698 4236 von
719 4183 816 4237 Fulda
849 4227 851 4230 .
917 4239 920 4247 ,

852 4356 1053 4365 .-,—.——...—.
