3625 5192
571 350 661 408 Bricfe
677 352 798 408 Matiane
815 352 876 408 333.
893 352 953 407 324.
974 352 1033 406 335.
1053 349 1111 406 326.
1441 353 1494 408 413

190 499 256 569 325
289 497 333 570 ll.
356 518 401 564 an
423 498 653 567 llcrcburrlr.
668 499 704 569 d.
717 497 888 568 llarthcn.
986 499 1133 584 (botua)
1145 499 1239 567 1513.
1274 498 1493 568 illilubcrlb.

258 623 322 669 lint.
342 623 437 670 iordcrt
454 623 584 671 Herebord
598 639 624 672 v.
639 623 663 670 (1.
672 623 789 671 llartlren
807 624 853 670 aul
869 637 904 670 an
922 623 1045 672 Renchlln
1064 639 1095 671 an
1112 623 1243 672 schreiben
1263 623 1313 671 und
1334 625 1493 686 dannlegen,

189 694 236 740 rria
261 709 287 740 es
308 694 469 753 gelrommen,
494 694 551 740 (iasa
573 694 614 740 dia
627 694 773 754 Juristiaehc
794 693 913 740 Falrnltat
931 694 984 742 sicli
1003 693 1058 740 darn
1078 694 1224 742 Gutaehten
1244 695 1289 741 der
1308 695 1495 755 theologiseben

188 764 259 810 nieht
276 765 466 824 angeseblessen
484 764 556 812 habe.

267 861 318 926 Ad
337 862 641 946 iurisperitissimum
662 859 940 927 Hereberdnm
962 861 1192 944 Margaritum.⁸

268 965 291 1032 S
340 961 540 1028 Periclitatur
560 963 681 1029 amicus
701 971 808 1028 noster
830 963 925 1029 lanus
946 963 1098 1029 Reucbliu
1119 984 1182 1030 non
1204 965 1236 1029 in
1256 963 1411 1046 doctrina,
1431 984 1495 1042 qua

186 1067 265 1133 satis
292 1065 430 1148 undique
451 1067 589 1131 munitus
609 1073 667 1145 est,
687 1066 743 1131 sed
765 1066 798 1129 in
820 1066 1404 1136 altercacionibusArnobardistarurn.
1444 1068 1495 1132 lta

186 1170 262 1235 libet
289 1169 453 1254 appellare
485 1168 669 1233 Cclnnarics
696 1168 856 1252 sophistas
881 1168 922 1234 de
950 1168 1018 1233 l'ece
1046 1168 1243 1250 haurientes,
1268 1169 1351 1252 quod
1383 1169 1493 1234 duceni

188 1272 327 1337 habeant
361 1270 493 1335 bardum
525 1288 659 1353 agnum,
698 1271 795 1351 vulgo
826 1270 1008 1336 Arnolduni.
1061 1270 1119 1335 Est
1149 1271 1234 1335 eninr
1264 1270 1496 1336 Arnobardistn

186 1377 270 1458 eynl
297 1373 481 1438 scbnffsnar.
535 1372 697 1436 Scinditur
721 1373 754 1434 in
784 1379 891 1455 partes
918 1371 994 1436 ordo
1027 1372 1195 1438 literatius.
1242 1373 1348 1455 Aliqui
1378 1373 1496 1452 bardis,

175 1477 286 1558 aliqui
318 1475 428 1539 l'avent
458 1475 663 1558 Capnobatis.
715 1475 764 1537 Tu
796 1475 823 1539 si
858 1475 992 1557 gloriam
1023 1493 1126 1554 anias,
1160 1475 1254 1540 sicuti
1287 1494 1376 1540 amas
1406 1473 1494 1560 (novi

187 1578 271 1644 enirn
293 1584 324 1643 te
341 1577 452 1660 probe)
476 1574 664 1659 Capnobata
687 1577 747 1656 sis,
774 1597 836 1641 nnn
857 1575 1097 1641 Arnubardista.
1140 1577 1291 1642 Scribasl
1320 1576 1495 1656 cocleatim,

186 1681 263 1762 quia
290 1679 489 1744 tabellarium
519 1679 638 1744 babent
659 1679 771 1743 Crotus
796 1687 828 1742 et
848 1678 1010 1757 Urbanus,
1037 1685 1143 1743 nostre
1168 1677 1284 1744 delicie
1305 1697 1493 1744 communes.

185 1782 313 1846 Excnsa
338 1788 425 1846 tuam
451 1780 609 1846 cohortem
637 1786 670 1842 et
698 1780 787 1861 quod
810 1799 871 1844 nnn
895 1780 1141 1863 subscripserint
1161 1779 1375 1862 theologistis,
1404 1779 1493 1843 reler.

186 1884 248 1949 Dic
274 1891 305 1950 te
326 1874 436 1964 nosse,
461 1890 598 1963 quantus
619 1883 667 1946 vir
688 1882 737 1947 sit.
782 1881 868 1948 Offer
889 1890 975 1946 tuum
997 1883 1149 1965 pietatem
1170 1889 1202 1946 et
1222 1881 1370 1947 officium.
1411 1879 1494 1961 Scio,

187 1986 398 2069 respondebit.
457 1984 504 2049 lta
535 1983 694 2049 officiosus
726 1991 758 2047 et
789 1983 944 2049 humanus
972 1991 1021 2048 est
1046 1983 1140 2050 humb
1170 1983 1303 2048 loannes
1330 1982 1492 2047 Reucblin.

185 2088 252 2153 Hec
273 2087 347 2153 beni
369 2087 498 2151 consule
519 2105 630 2168 ineque
653 2084 753 2167 dilige
773 2086 896 2164 saltem,
918 2086 1198 2150 ciamaretantum
1211 2084 1375 2150 dominas²
1399 2084 1491 2150 soles.

185 2190 305 2254 Audivi
333 2189 455 2272 aliquid
482 2187 668 2271 desponsa.
711 2186 797 2252 Care
824 2189 931 2252 liutuas
949 2188 981 2252 in
1004 2187 1213 2252 matrimonio.
1255 2185 1428 2252 Contentus
1449 2187 1494 2252 sis

187 2291 341 2357 iulatione
362 2289 644 2356 extraordinariai.
695 2276 698 2281 ⁴
1420 2367 1422 2373 Ι

266 2393 390 2460 Oursim
419 2391 462 2456 ad
490 2411 594 2457 meum
625 2399 657 2458 et
685 2392 840 2475 Vergilii⁴
869 2392 1008 2457 natalem
1039 2410 1123 2455 anun
1150 2391 1390 2476 supputacionis
1423 2390 1494 2456 reli·

187 2497 276 2578 ginse
297 2495 451 2560 MDXlll.

255 2619 469 2666 Handschriftll*
487 2615 535 2664 125
553 2618 595 2664 iol.
615 2617 679 2666 sev.
707 2617 783 2667 Gedr.
803 2617 828 2664 b.
847 2617 882 2663 Ta
899 2618 924 2665 S.
942 2613 973 2666 31
982 2641 1009 2649 -·
1021 2617 1053 2664 93
1072 2632 1118 2664 corr
1132 2615 1294 2664 Periclitatur
1307 2615 1344 2664 bia
1357 2631 1457 2678 sponsa.

255 2718 356 2771 Ἧι.
428 2708 493 2769 lna
512 2724 561 2770 nin
579 2723 773 2771 souma-um.

185 2925 267 2994 336.
290 2925 334 2996 11.
356 2944 402 2992 an
422 2924 556 2996 Urban.
957 2921 1106 3007 (betha)
1117 2924 1212 2991 1513.
1245 2922 1491 2996 Novemberb.

254 3049 316 3099 blut.
339 3050 383 3096 hat
403 3065 454 3096 von
476 3050 597 3096 Schalbus
621 3049 661 3096 die
683 3049 907 3109 Progymnaamala
930 3049 973 3096 des
998 3049 1114 3095 Erasmus
1137 3048 1251 3096 anhalten
1275 3051 1326 3096 und
1354 3049 1491 3096 vcrbreltct

185 3121 239 3168 sich
255 3120 318 3168 iiber
336 3119 472 3167 dloeelben.
542 3119 590 3166 biit
608 3120 742 3166 Reneblina
761 3119 960 3178 Angelcgenheit
978 3119 1048 3166 uteba
1069 3134 1095 3166 ee
1113 3117 1204 3166 baasor.

266 3218 430 3283 Urbano
449 3223 565 3296 nostro,
587 3217 656 3280 viro
678 3217 798 3299 optimo
819 3223 851 3280 et
871 3215 1017 3299 inprimis
1036 3215 1164 3279 diserto.

265 3318 297 3383 S.
338 3319 410 3382 Non
440 3326 505 3382 tam
536 3317 604 3382 beri
629 3320 729 3383 festus
753 3317 832 3382 mibi
856 3316 986 3382 deorum
1011 3317 1150 3380 omniurn
1178 3316 1248 3382 dies
1274 3336 1369 3399 qnam
1392 3337 1491 3402 nuper

184 3420 339 3486 Scbalbil
366 3427 431 3484 tum
462 3420 548 3485 docti
579 3427 644 3483 tum
675 3419 766 3503 prnbi
800 3419 925 3484 iuvenis
960 3437 1072 3482 munus
1105 3419 1167 3483 init
1197 3426 1229 3484 et
1258 3419 1428 3484 iucundum
1459 3427 1491 3486 et

183 3531 318 3605 gratum.
364 3521 545 3586 Substrarit
575 3521 603 3585 is
630 3521 789 3594 amicicie,
820 3527 856 3586 ut
886 3519 1126 3603 insequentibus
1158 3520 1252 3585 annis
1283 3521 1420 3586 molliter
1451 3541 1490 3586 ac

184 3624 311 3708 placide
339 3624 425 3688 velut
452 3623 588 3688 dilectus
613 3642 692 3707 puer
717 3624 749 3687 in
780 3623 890 3687 matris
911 3621 1074 3686 recubaret
1099 3622 1256 3706 amplexu.
1299 3622 1383 3688 Nam
1409 3623 1489 3688 tanti

183 3733 233 3790 est
259 3725 346 3810 apud
374 3745 424 3789 me
453 3743 614 3807 nunqnam
639 3745 701 3790 non
728 3723 931 3788 honorandus
958 3723 1122 3804 Erasmus,
1159 3731 1192 3788 ut
1221 3724 1272 3789 vel
1302 3725 1388 3789 fandi
1416 3725 1489 3791 Pro·

246 3940 258 3984 ¹
278 3945 342 4018 vgl.
353 3943 400 4004 Br.
412 3943 479 4000 322.

243 4020 258 4065 ²
279 4018 346 4098 Vgl.
358 4025 404 4082 Br.
416 4024 483 4079 313.
1103 4043 1105 4048 ·

240 4100 373 4179 ³Gegen
389 4107 439 4160 das
459 4103 614 4160 Verfabren
632 4104 765 4160 Janssens
785 4101 901 4173 (Gcacb.
923 4103 949 4158 d.
969 4103 1093 4158 denisch.
1110 4101 1216 4158 Volkes
1229 4101 1267 4172 11,
1287 4101 1334 4172 51,
1355 4101 1437 4158 Anm.
1449 4101 1488 4172 lt,

184 4186 302 4241 weleber
319 4203 369 4241 ans
390 4187 495 4240 diesem
515 4183 585 4238 Rate
605 4184 767 4254 entnimnrt,
789 4184 856 4254 „arie
877 4183 969 4254 wenig
989 4183 1111 4238 sittliehe
1131 4182 1338 4253 llerreggriinde
1366 4182 1489 4238 Mutians

184 4265 312 4336 Stellnng
331 4266 369 4320 im
390 4265 615 4320 Renchlinscben
631 4263 731 4319 Streite
751 4264 955 4334 bestimmteu‚“
977 4266 1087 4334 geniige
1109 4263 1219 4318 cahier
1241 4261 1352 4316 einfacb
1372 4281 1406 4316 zu
1426 4281 1488 4333 pro-

184 4346 330 4414 neuneu,
355 4365 390 4401 an
419 4346 496 4401 einer
521 4345 625 4398 andern
645 4342 731 4399 Stelle
757 4345 822 4417 (ng
848 4343 893 4398 die
915 4343 1231 4414 Lebensbescbreibung
1252 4335 1388 4418 Mutinae)
1414 4341 1487 4397 finde

182 4426 229 4481 ich
250 4423 443 4498 Gelegenheit,
463 4427 512 4480 das
532 4424 718 4480 Janssenacbe
735 4424 860 4480 Zcrrbild
879 4424 968 4478 nither
988 4441 1021 4478 zu
1042 4423 1213 4478 betrachten.

240 4500 255 4545 4
278 4505 323 4561 lb,
338 4504 469 4561 Oktober.

243 4581 258 4625 ⁶
278 4585 467 4657 vgl.Br.294
487 4583 515 4640 S.
526 4585 582 4638 381
606 4584 690 4638 Anni.
702 4583 730 4641 3.

1232 4679 1286 4732 27*
