3625 5192
289 294 324 350 88
662 296 923 367 Gesebiehtsquellen
939 298 988 353 der
1005 296 1081 353 Prov.
1100 294 1236 355 Sachsen..

290 465 412 511 veneno
437 445 562 512 desidie
585 448 684 512 virtus
705 448 858 530 paulatim
880 446 984 511 evicta
1000 446 1169 511 senescit.“
1211 444 1279 508 Hac
1299 440 1595 508 sententiatuisde-

291 547 420 612 sidiosis
434 548 493 612 Dei
515 549 687 614 cultoribus
708 556 740 614 et
760 550 839 613 mibi
850 549 1014 614 consulere
1023 546 1157 627 videtur,
1181 552 1214 610 ut
1230 547 1371 611 incessus
1383 545 1597 629 oportunitate

292 649 506 714 sedentariam
529 651 693 731 ignasiam
714 650 931 723 discutiamus,
954 671 992 715 ex
1014 669 1077 732 qua
1099 649 1192 714 robur
1202 649 1337 733 armori,
1358 648 1449 729 vigor
1471 646 1598 729 ingenio

290 751 439 816 redditur.
481 752 610 817 Scribas
622 753 727 835 igitur,
742 753 866 835 quodie
877 772 993 819 vacare
1006 752 1094 817 velis.
1137 752 1173 817 ld
1186 750 1406 833 requirendum
1418 750 1597 815 necessario

289 853 349 918 fult
367 873 450 934 nam,
470 862 504 919 ut
517 873 552 920 es
571 854 710 936 diligens
733 855 885 939 magister
905 854 1073 935 redituum,
1091 852 1185 919 oflicii
1215 854 1259 917 tui
1289 852 1397 917 munia
1417 851 1597 934 diligenter,

290 956 399 1020 sedulo
408 958 574 1039 exequeris
582 958 922 1041 etprocuratiouestibi
930 956 1067 1022 creditas
1075 956 1372 1021 cunetisamicorum
1381 954 1596 1019 solatiisante·

291 1058 390 1141 uronis.
412 1057 508 1123 Extat
518 1078 613 1123 uorum
623 1066 676 1124 tue
687 1060 879 1124 curiositatis
893 1078 1042 1141 magnum
1057 1058 1243 1140 exemplum,
1265 1056 1377 1139 dequo
1390 1056 1502 1141 paucis
1514 1074 1596 1121 nuuc

291 1168 411 1241 loquar,
424 1168 458 1225 ut
468 1161 630 1243 intelligas
638 1182 689 1227 me
703 1182 765 1226 non
779 1162 859 1226 satis
869 1180 964 1245 agere
975 1161 1155 1246 prudenter,
1169 1160 1196 1224 si
1209 1166 1240 1223 te
1253 1180 1273 1223 a
1285 1158 1428 1241 negociis
1440 1158 1481 1222 ad
1497 1156 1596 1241 philo-

290 1263 454 1345 sophicam
469 1264 726 1329 consuetudinem
741 1284 853 1329 revoco
867 1272 899 1329 et
910 1270 1026 1328 temere
1037 1282 1147 1327 moror.
1185 1261 1317 1326 Advoco
1328 1262 1384 1326 tris
1395 1261 1599 1325 collocutores

293 1376 326 1428 et
348 1384 387 1427 ex
409 1365 575 1430 memorie·
597 1384 698 1431 cavea
720 1367 751 1429 in
774 1365 856 1431 banc
878 1365 1049 1430 literarium
1072 1383 1198 1429 scenam
1209 1363 1314 1429 subito
1334 1362 1433 1427 mitto.
1475 1361 1598 1426 Primus

293 1473 380 1530 tuum
401 1466 584 1549 choragium
609 1468 715 1546 habet,
736 1467 894 1533 secundus
915 1468 995 1533 Mori
1016 1485 1182 1550 personam
1205 1465 1348 1546 sustinet,
1368 1464 1478 1529 tertius
1500 1465 1598 1529 Simo-

291 1571 362 1633 nis¹
383 1570 527 1654 partibus
550 1571 653 1635 utitur.

370 1671 556 1754 Nepbalius.
598 1671 678 1736 Vale
699 1672 847 1752 Matiane,
870 1678 971 1736 tecum
994 1671 1034 1735 de
1055 1671 1161 1736 inedia
1183 1672 1298 1751 sentio,
1326 1672 1411 1735 uires
1435 1669 1596 1749 utriusque

291 1772 429 1838 bominis
456 1773 539 1838 bono
572 1774 643 1838 cibo
673 1784 811 1857 potuque
841 1772 1018 1839 roborande
1049 1780 1122 1837 sunt
1151 1772 1306 1857 sepicule,
1341 1792 1413 1836 nam
1443 1770 1596 1837 ieiunium

292 1885 324 1938 et
344 1874 407 1940 cibi
430 1875 590 1957 exiguitas
611 1876 754 1954 maciem,
776 1876 895 1941 macies
916 1880 1020 1940 autem
1042 1874 1181 1940 scabiem
1202 1874 1280 1939 lacit
1302 1881 1333 1938 et
1361 1873 1462 1938 aciem
1483 1872 1597 1939 mentis

293 1998 354 2042 non
378 1984 442 2042 tam
461 1978 588 2042 exacuit
600 1978 843 2060 quamhebetat.
888 1978 1000 2043 lterum
1017 1979 1089 2043 vale
1101 1986 1132 2044 et
1145 1979 1303 2043 (ravenueb
1315 1975 1597 2059 differaspostbae.

292 2080 455 2144 Scribam⁶
477 2100 678 2163 consequere.
719 2080 799 2144 Mori
809 2080 945 2145 bostium
968 2080 1112 2161 pulsabo.
1155 2080 1240 2145 Heus
1262 2081 1352 2164 puer!
1394 2078 1491 2143 Estne
1512 2077 1598 2143 domi

291 2183 438 2247 dominus
451 2183 560 2246 harum
582 2182 715 2247 edium?
756 2182 922 2247 laetatum
945 2188 976 2247 et
987 2184 1105 2246 nuncia
1122 2201 1172 2247 me
1194 2181 1314 2247 adesse.
1362 2180 1532 2245 Commode
1551 2181 1597 2245 in-

292 2284 388 2379 travi,
416 2284 554 2368 comperi
582 2284 701 2347 Morum
741 2295 773 2349 et
806 2285 1050 2367 Harpagonem2
1085 2283 1210 2348 Baccho
1246 2282 1468 2347 sacrificantes.
1511 2281 1596 2359 Quid

225 2404 232 2414 ·
292 2389 425 2467 primum
447 2387 597 2468 eloquar?
638 2387 814 2452 Salutabo?
854 2387 925 2451 Non
948 2387 1033 2451 dabo
1055 2385 1301 2451 malissalutem.
1347 2382 1595 2449 lniurioseeom·

291 2488 444 2570 pellabo‘?
484 2488 630 2553 ¹ilienum
656 2487 688 2552 id
716 2497 763 2553 est
789 2509 808 2552 a
836 2489 975 2554 moribus
1001 2488 1156 2554 monachi.
1199 2488 1312 2553 Verum
1345 2495 1501 2568 utcunque
1526 2505 1596 2550 cum

291 2590 355 2653 illis
383 2608 491 2670 egero,
527 2587 668 2656 vexabor
698 2592 887 2674 contagione
918 2600 1108 2656 nasutorum.
1150 2590 1278 2655 Mallem
1310 2588 1351 2653 ad
1378 2590 1449 2655 Orci
1484 2588 1597 2652 ferales

292 2698 424 2770 uenales
446 2693 539 2755 etad
561 2692 727 2757 Tartarum
755 2712 927 2776 manesque
948 2694 1095 2759 demeare
1117 2712 1211 2775 quam
1234 2692 1275 2757 ad
1301 2692 1379 2758 istos
1407 2693 1599 2756 feneratores

290 2793 516 2875 iniquissimos.
557 2794 678 2871 Potate,
700 2796 760 2859 viri
780 2796 937 2875 canonici,
958 2801 989 2859 et
1011 2796 1077 2859 viui
1091 2814 1243 2860 canonem
1254 2794 1381 2879 replete.
1423 2792 1492 2874 Ego
1511 2790 1595 2874 apud

290 2896 465 2959 Murtianum
488 2896 567 2961 satis
588 2896 663 2961 bibi.

371 2997 486 3063 Morus.
508 2998 549 3061 Et
569 3018 626 3064 nos
652 3000 792 3064 vicissim
816 3008 976 3065 sextantes
998 3000 1132 3081 singulis
1154 2999 1319 3064 haustibus
1342 2997 1537 3061 attrahimus.

370 3099 557 3181 Nephelius.
580 3100 651 3165 Non
674 3102 831 3184 improbo,
852 3102 980 3184 quando
1003 3120 1078 3167 suus
1100 3102 1212 3182 cuique
1233 3120 1301 3165 mos
1323 3101 1436 3182 placet.

369 3202 529 3286 Harpago.
553 3204 595 3266 At
623 3223 683 3286 ego
705 3204 861 3267 interdum
885 3204 1028 3268 trientem
1051 3203 1206 3267 evacuavi
1224 3221 1286 3266 uuo
1307 3200 1428 3285 spiritu.

369 3304 482 3368 Morus.
505 3305 583 3369 llibi
598 3305 684 3369 olim
707 3325 769 3369 uon
794 3312 862 3370 erat
877 3304 1008 3370 dilticile
1029 3304 1221 3388 quadrantes
1246 3302 1391 3369 undecim
1415 3322 1471 3385 per
1493 3310 1596 3368 certas

288 3425 392 3469 moras
411 3407 591 3471 exinanitas
612 3407 747 3490 cauponi
769 3407 958 3491 persolvere.

369 3508 554 3591 Nephelius.
596 3508 681 3573 Estis
701 3511 797 3574 fortes
818 3509 859 3575 ad
880 3508 1089 3575 debellandos
1107 3506 1255 3593 cyathos,
1282 3525 1390 3571 verum
1420 3506 1461 3571 ad
1485 3524 1596 3569 usuras

289 3609 468 3692 captandas
488 3609 612 3674 infirmi.

366 3712 481 3777 Morus.
523 3712 711 3789 Quomodo?

369 3812 555 3896 Nephelius.
598 3813 682 3891 Quia
708 3814 831 3880 scilicet
860 3815 1064 3879 inclementer
1097 3812 1241 3876 tractatis
1275 3810 1435 3877 debitores
1463 3820 1594 3885 vestros,

286 3914 369 3996 orrod
403 3916 453 3980 vel
475 3914 604 3981 Orestes
635 3915 756 3982 diceret
787 3936 857 3983 esse
892 3916 996 3981 insani
1028 3913 1172 3979 bominis.
1215 3912 1298 3976 Nam
1326 3913 1352 3977 si
1379 3913 1448 3978 sani
1471 3914 1595 3995 essetis,

287 4015 452 4080 blanditiis
474 4018 579 4100 potius
600 4016 770 4084 alliceretis
791 4019 932 4084 rusticos.

359 4135 370 4161 ⁵¹
390 4142 423 4185 T:
443 4141 569 4187 memoria.
643 4125 655 4162 ὴ
674 4142 706 4187 Ta
726 4158 765 4188 rra.
833 4135 844 4161 ⁰
864 4142 890 4185 F
903 4139 952 4185 arrad
971 4138 1004 4183 'I‘a
1022 4138 1112 4185 scriba.

348 4293 359 4335 ¹
382 4296 471 4352 Uuter
490 4298 543 4352 den
564 4316 617 4353 uus
635 4299 793 4353 bekanrrten
806 4296 1045 4352 Koukauouilrern
1058 4296 1179 4351 Mutiaus
1197 4296 1320 4352 befindet
1331 4298 1390 4353 sich
1411 4298 1475 4353 keio
1490 4299 1593 4369 Simon,

286 4375 437 4430 Vlollelcht
459 4378 507 4431 hat
530 4379 578 4432 der·
599 4378 733 4433 Setirlker
754 4380 807 4432 den
828 4378 954 4431 Erturter
974 4376 1118 4432 Professor·
1134 4376 1181 4431 Dr.
1202 4377 1269 4432 iuris
1289 4377 1383 4433 Simon
1396 4378 1524 4445 Voltzke,
1545 4380 1594 4435 der

289 4456 453 4511 Kanonilrer
472 4476 516 4511 am
535 4457 575 4513 st.
592 4458 762 4513 Murieustil't
782 4459 838 4512 und
859 4456 1041 4513 Mainziseher
1060 4456 1194 4531 Sigilliser
1215 4476 1277 4530 war,
1298 4457 1334 4513 lm
1356 4456 1445 4535 Auge.

349 4531 362 4575 2
382 4536 445 4610 Vgl.
460 4538 585 4607 Plautus,
603 4539 782 4595 Trinummus
802 4537 841 4607 11,
864 4538 889 4609 1,
909 4536 955 4593 13.
