3625 5192
204 311 211 323 ¹
297 346 350 400 342
391 314 395 321 ἱ
668 345 928 415 Gescbichtsquelleu
946 346 995 401 der
1013 346 1087 401 Prcv.
1107 346 1231 401 Secheeu.

294 496 417 573 loouor,
445 495 499 576 qui
521 500 594 559 sunt
615 495 802 577 eloquencia
822 494 1005 575 nitidiores,
1025 494 1078 577 qui
1100 512 1209 559 omnes
1230 500 1261 559 te
1282 500 1426 579 patrono,
1447 504 1478 560 te
1498 494 1601 572 Meae

294 605 369 663 nate
400 597 501 663 bonas
522 597 632 662 literas
660 598 809 662 alacriter
836 618 856 661 a
881 598 945 663 situ
966 597 1122 680 recipient
1141 603 1173 660 et
1194 616 1263 661 eum
1285 597 1430 662 barbaris
1449 605 1503 661 tuo
1527 596 1601 662 freti

294 698 434 784 presidio
467 699 671 764 dimicabunt
724 699 843 764 Ductor
878 700 961 763 enim
995 698 1132 764 cohortis
1167 698 1306 763 literarie
1338 698 1498 763 blutianus
1537 719 1600 764 non

293 802 412 867 desinit
443 820 501 867 nos
529 801 647 867 milites
675 820 749 867 suos
773 800 907 883 hortari,
938 808 971 865 ut
997 820 1164 883 sequamur
1198 800 1347 866 authores
1373 800 1602 867 illustrissimos

293 911 386 985 teque
411 904 505 970 sortis
530 903 781 985 eminentissime
806 905 969 968 custodem
997 911 1029 967 et
1053 910 1304 969 conservatorem
1326 910 1464 968 nostrum
1487 903 1602 968 salute·

293 1026 362 1071 mus
386 1012 419 1071 et
445 996 638 1071 veneremur.
686 1005 786 1088 quue
815 1024 885 1069 cnm
913 1005 994 1071 alias
1021 1015 1087 1070 tum
1107 1024 1207 1087 nuper
1227 1006 1367 1070 carmine
1384 1006 1490 1086 nobis,
1517 1004 1602 1089 quod

293 1114 324 1174 te
342 1109 473 1191 dignum
496 1114 544 1173 est
565 1107 733 1189 persuasit,
754 1106 833 1173 Vale
854 1108 953 1172 decus
969 1109 1140 1173 literarum.

362 1231 543 1279 Handachriitl.
562 1226 646 1279 11191
666 1230 914 1281 ror.135r-185v.

975 1393 1046 1401 —--

294 1476 377 1549 259.
400 1476 444 1549 ll.
467 1495 513 1543 ιιιι
535 1476 669 1545 Urban.
1200 1475 1316 1543 ilotlra
1331 1476 1422 1546 tols.
1462 1475 1601 1545 nares.

362 1601 424 1647 Mur.
442 1601 521 1661 klagt,
541 1601 598 1649 dass
615 1604 708 1649 aowohl
721 1602 818 1649 Heasen
837 1604 874 1649 als
892 1604 957 1649 auch
976 1602 1016 1649 die
1031 1603 1143 1649 Erfurter
1154 1602 1247 1647 Vilrare
1265 1601 1317 1647 ilrm
1337 1602 1458 1647 Verdruaa
1479 1601 1600 1649 bereiteu.

294 1672 328 1717 Er
348 1671 434 1719 urtellt
452 1671 514 1718 uber
534 1672 575 1719 eiu
594 1672 673 1719 work
687 1673 731 1719 des
749 1673 867 1719 Dichters
884 1672 997 1719 Herulus
1015 1672 1066 1719 urrd
1086 1673 1180 1719 eradhlt
1200 1686 1251 1719 von
1274 1671 1329 1717 dem
1354 1671 1531 1731 bochmdtlgeu
1554 1671 1602 1718 Ge·

294 1740 390 1788 babren
409 1742 453 1789 des
470 1742 601 1789 Herebord
610 1758 635 1788 v.
646 1743 671 1789 d.
681 1742 806 1790 Marthen.

374 1840 501 1914 Summo
523 1840 592 1904 viro
614 1838 951 1921 Henrico'Urbano,
973 1841 1076 1907 amico
1098 1840 1228 1904 multum
1251 1838 1461 1904 benevolenti.

375 1942 407 2007 S.
459 1942 596 2023 Sanum,
626 1942 766 2023 salvum,
798 1943 954 2025 integrum
990 1962 1060 2009 esse
1092 1942 1323 2007 triumuiratum
1358 1949 1511 2020 nostrum,
1543 1941 1602 2007 etsi

294 2064 381 2110 meus
409 2044 534 2113 animus
564 2042 696 2109 fluctuat
722 2044 836 2128 partim
865 2045 1032 2111 Hessianis
1058 2042 1224 2127 procellis¹
1250 2042 1364 2127 partim
1391 2042 1602 2107 vicariorum²

294 2152 483 2230 tempestate
509 2147 665 2229 agitatus,
692 2148 784 2214 unice
811 2154 844 2213 et
861 2147 1013 2212 audacter
1040 2146 1174 2229 gaudeo.
1220 2144 1324 2210 Vincit
1344 2146 1428 2211 enim
1450 2145 1530 2211 leuis
1551 2146 1603 2211 hic

295 2255 328 2313 et
353 2248 589 2333 placatissimus
615 2256 710 2331 atoue
739 2249 820 2316 adeo
846 2249 948 2315 divini
981 2248 1097 2314 amoris
1125 2246 1256 2313 affectus
1283 2266 1407 2315 omnem
1428 2249 1534 2313 Austri
1556 2248 1602 2311 in·

293 2350 408 2416 iuriam
439 2356 471 2416 et
500 2349 722 2415 cacodemonis
748 2352 948 2432 violenciam.
1004 2353 1053 2417 Ita
1079 2358 1164 2431 tuus,
1195 2351 1236 2413 mi
1259 2350 1406 2429 Urbane,
1433 2348 1605 2430 Favonius,

293 2453 417 2536 quoties
442 2452 519 2516 milri
544 2452 681 2535 aspirat,
709 2455 802 2518 beate
824 2453 1064 2536 tranquillitatis
1084 2454 1217 2519 fructum
1233 2450 1448 2536 voluptillcum
1469 2450 1602 2536 accipio.

294 2554 386 2619 Hessi
413 2553 559 2619 omnibus
587 2575 637 2620 me
662 2554 864 2621 ludificantur
888 2555 980 2621 dolis.
1023 2556 1139 2620 Valent
1159 2554 1290 2639 opibus,
1315 2554 1489 2634 industria,
1516 2554 1603 2620 l'acti-

293 2656 417 2737 ouibus‚
440 2655 497 2722 sed
519 2666 635 2737 errant,
656 2658 682 2723 si
705 2667 790 2723 muto
811 2678 845 2724 se
868 2666 980 2742 putant
995 2659 1099 2722 iacere
1119 2656 1350 2721 coutumeliam.
1393 2656 1444 2722 Me
1455 2656 1604 2722 fraudare

295 2765 441 2843 possunt,
462 2779 587 2841 verum,
608 2778 670 2840 quo
695 2762 798 2826 minus
822 2781 1010 2843 conotrerar,
1037 2760 1162 2827 eliicere
1182 2759 1267 2824 haud
1290 2764 1444 2843 poterunt.
1487 2758 1536 2825 De
1558 2760 1602 2825 in-

294 2861 493 2926 stauraeione
526 2860 638 2926 domus
673 2862 809 2928 scribam
844 2862 887 2928 ad
926 2862 1105 2929 Schilcnem
1143 2868 1175 2929 et
1212 2863 1282 2927 siue
1316 2870 1369 2925 tuo
1406 2860 1604 2926 incommodo

293 2970 437 3047 sumptus
467 2963 592 3028 faciam.
638 2963 734 3029 Tanti
767 2965 852 3030 enim
878 2983 940 3030 non
970 2972 1042 3029 sunt
1070 2964 1252 3034 mortualia,
1285 2970 1319 3027 ut
1346 2982 1462 3045 magno
1491 2981 1603 3057 emam.

293 3064 515 3149 Philosophari
537 3065 596 3130 hoe
617 3073 710 3150 pacto
731 3064 841 3146 didici,
862 3072 896 3130 ut
918 3068 991 3132 boni
1013 3072 1045 3131 et
1065 3067 1142 3132 nrali
1158 3066 1478 3131 nocionemhabeam.
1523 3064 1604 3129 lllud

294 3186 350 3250 pro
363 3165 431 3231 Deo
452 3165 617 3231 colendum
640 3187 698 3230 uec
720 3168 843 3249 mirum,
863 3187 934 3233 eum
956 3166 1155 3253 sapientibus
1175 3168 1263 3249 vulgi
1284 3186 1386 3234 sermo
1406 3168 1603 3251 suffragetur.

232 3312 235 3317 -
295 3268 361 3333 Hoc
382 3269 491 3351 procul
511 3268 608 3334 dubio
631 3268 793 3333 diabolum
814 3270 983 3353 significat.
1025 3270 1108 3335 Nam
1130 3269 1195 3352 gud
1218 3270 1281 3335 und
1303 3270 1366 3353 god
1380 3270 1465 3335 idem
1481 3278 1554 3336 sunt
1572 3278 1605 3334 et

293 3392 311 3434 o
333 3391 390 3456 pro
412 3391 431 3435 ιι
451 3368 586 3436 subinde
604 3371 738 3455 ponitur.
781 3371 859 3450 Quis
881 3380 987 3438 autem
1008 3373 1131 3438 nesciat
1151 3370 1313 3437 diabolum
1333 3372 1398 3436 diei
1422 3371 1479 3437 der
1503 3373 1603 3437 bose?

293 3472 408 3538 Nonne
436 3466 518 3537 satis
550 3480 599 3538 est
622 3474 744 3539 viventi
781 3474 861 3539 bene
884 3476 993 3539 vivere
1021 3483 1052 3542 et
1083 3476 1130 3540 sie
1162 3474 1287 3539 demum
1318 3493 1441 3554 orasse,
1472 3475 1603 3540 eciamsi

293 3573 429 3640 hostiam
452 3595 514 3639 uon
542 3582 682 3638 mactes?
722 3574 801 3656 Oro,
827 3585 934 3663 pater,
956 3578 1033 3642 milri
1056 3584 1089 3641 ut
1110 3576 1273 3658 ignoscas,
1294 3575 1400 3658 siquid
1421 3576 1604 3660 imprudens

293 3678 388 3763 culpa
413 3675 544 3761 peceavi
574 3697 653 3741 mea.
701 3678 770 3742 lloo
796 3678 877 3744 satis
904 3688 961 3743 est.
1009 3680 1088 3759 Quis
1115 3676 1244 3744 vicariis
1277 3679 1357 3744 ultro
1391 3680 1603 3764 supplicatum

294 3780 412 3845 iverit?
457 3779 558 3858 Quasi
581 3780 746 3845 stultorum
771 3782 967 3866 expurgacio
991 3781 1187 3847 mercenaria
1208 3779 1277 3845 Deo
1299 3782 1341 3844 sit
1362 3789 1463 3864 grata.
1506 3783 1604 3847 Aver-

293 3888 381 3946 satur
396 3880 483 3946 Deus
506 3900 615 3962 preces
635 3882 723 3946 avari
746 3884 830 3949 cleri.
872 3884 941 3962 Ego
961 3904 1051 3949 arare
1074 3881 1199 3947 mallem
1221 3902 1316 3962 quam
1338 3883 1481 3969 pecunie¹
1494 3883 1605 3967 gracia

295 4004 351 4066 pro
368 3982 527 4050 defunctis
544 4001 645 4048 orare.
687 3983 835 4049 Habeant
852 3986 949 4069 igitur
964 4005 1022 4049 sua
1040 3984 1208 4050 mortualia
1226 3982 1371 4049 Mariani.
1414 3982 1465 4051 lle
1482 4004 1605 4069 posses-

293 4086 382 4151 sione
398 4104 459 4149 non
481 4084 704 4150 deturbabant.
749 4086 825 4150 l’ost
839 4088 907 4151 l'ata
926 4095 1035 4153 nostra
1055 4094 1181 4152 servent
1202 4086 1290 4169 leges
1311 4087 1531 4171 syngraphiet
1548 4088 1604 4173 tris

265 4205 270 4212 ·
293 4186 453 4253 blotianos
474 4187 543 4253 celo
561 4206 618 4252 suo
639 4185 767 4253 donent.
810 4188 965 4254 Maturius
986 4192 1026 4253 ad
1047 4195 1078 4253 te
1095 4189 1305 4253 destructura
1322 4188 1470 4254 scribam.
1512 4188 1605 4255 Nunc

293 4288 335 4351 ad
365 4286 518 4353 hilariora
550 4289 731 4368 veniamus,
768 4297 803 4353 ut
836 4288 929 4355 dulce
962 4309 1167 4373 amarumque
1201 4309 1264 4355 una
1300 4291 1477 4357 muoeatur.
1531 4290 1605 4358 Vidi

356 4493 368 4537 ¹
389 4498 453 4571 vgr.
464 4499 512 4559 Br.
531 4500 598 4557 253.

353 4574 367 4620 ²
388 4578 451 4658 Vgt
471 4580 687 4667 bauptsaiehlieh
707 4581 753 4637 Br.
769 4580 906 4655 142,146
920 4600 946 4639 ιι.
961 4582 1027 4642 253.
