3625 5192
297 332 363 420 '332
627 407 630 412 Ι
689 334 948 402 Gesehiclrtsquellen
967 336 1015 389 der
1033 334 1107 388 Prov.
1130 336 1251 389 Sacbsen.
1291 399 1295 407 Ι

309 482 447 561 garritus
474 488 507 545 ct
531 482 712 566 capciosam
738 483 962 565 loquacitatem
990 483 1121 548 adducit
1147 483 1273 547 futiles*
1298 483 1510 549 auctoritates,
1561 470 1617 546 Est

308 583 393 645 euim
414 583 494 647 levis
515 584 666 647 autoritas
684 584 807 648 Alberti
828 592 859 647 et
880 585 1055 664 consilium,
1078 586 1241 666 presertim
1264 594 1447 668 comparata
1468 585 1616 665 gravissi-

310 685 371 746 mis
396 685 545 764 testibus,
577 684 693 767 quibus
723 686 833 751 nititur
857 686 1010 751 Reuchlin
1021 689 1041 751 ¹.
1089 686 1169 750 Huic
1197 686 1391 750 calumnioso
1412 686 1617 753 conviciatori
1641 676 1646 687 ’

309 786 506 865 turbulenta,
533 805 573 850 ne
600 787 706 851 diuam
739 788 858 853 furiosa
883 789 1032 871 apologia
1053 788 1225 871 respondet
1248 790 1421 869 lbrtiuaque
1446 787 1616 869 genuinum

310 887 386 969 ligit.
429 888 566 952 Primum
591 890 729 955 stulticie
750 892 857 971 arguit
876 890 1158 971 devotionariumr,
1184 898 1217 953 ut
1238 891 1307 974 ipae
1329 891 1406 968 ait2,
1434 899 1466 954 et
1487 890 1618 955 adhibet

229 1046 234 1055 .
309 989 439 1069 l'atuum,
461 990 682 1071 nescioquem,
704 990 743 1055 de
754 992 868 1073 glossis
879 992 1082 1055 decursionis
1094 991 1233 1055 Amoldo
1250 992 1451 1075 persimilem.
1493 992 1618 1056 Deinde

309 1090 472 1166 falsarium
500 1110 571 1156 esse
594 1092 733 1157 ostendit
752 1104 785 1158 et
805 1114 875 1157 curu
897 1094 980 1157 tristi
1000 1094 1196 1177 Areopagita
1218 1093 1422 1158 rideteciam
1443 1103 1618 1178 poetastros

309 1192 512 1273 auxiliarios,
548 1194 605 1257 sed
634 1195 772 1260 maxime
798 1195 964 1260 Ortuiuum
993 1203 1084 1275 urget
1110 1196 1214 1259 verbis
1241 1195 1367 1277 quidem
1394 1196 1617 1261 acerbissimis.

310 1294 403 1358 Nunc
428 1314 499 1359 cum
527 1316 583 1359 suo
609 1295 692 1360 malo
718 1295 906 1360 didiceriut⁰
926 1296 981 1361 isti
1001 1297 1095 1375 scoti,
1117 1298 1234 1369 scauri,
1256 1284 1361 1371 bardi,
1388 1298 1465 1379 quid
1486 1300 1528 1362 sit
1548 1316 1617 1381 pro-

310 1415 424 1460 vocare
450 1396 642 1476 doctiorem,
668 1396 745 1479 quid
771 1398 814 1461 sit
841 1398 1080 1477 im'pertineuter
1100 1398 1272 1479 allegare³,
1302 1408 1334 1462 ut
1357 1400 1418 1480 ipsi
1440 1399 1618 1481 loquuntur,

309 1496 386 1578 quid
412 1496 549 1579 denique
574 1486 681 1563 lavere
704 1499 817 1563 iudeis.
860 1498 927 1562 Hec
948 1500 1031 1562 euim
1053 1500 1116 1563 tria
1134 1501 1227 1562 suut‘l
1248 1500 1356 1583 capita
1380 1501 1558 1581 generalia,
1584 1502 1616 1564 in

309 1599 423 1679 quibus
449 1601 661 1666 controversie
686 1600 782 1664 cardo
809 1601 949 1663 vertitur.
978 1600 1089 1676 ,Quod
1118 1609 1223 1665 autern
1248 1600 1369 1664 doctior
1396 1603 1437 1666 sit
1464 1602 1616 1667 Reuchlin
1672 1616 1677 1625 ·

309 1699 467 1764 universis
488 1700 644 1782 logisticis
664 1701 854 1783 zythobibis,
871 1701 1091 1784 opinatoribus
1112 1701 1250 1781 insulsis,
1273 1712 1458 1784 argumento
1480 1713 1552 1768 suut
1573 1710 1618 1769 tot

309 1800 448 1867 adducta
476 1804 657 1868 testimonia
684 1803 725 1867 de
747 1804 916 1870 Grecorum
945 1810 977 1867 et
1003 1803 1196 1867 Hebreorum
1224 1803 1428 1869 bibliotheca.
1480 1805 1530 1869 De
1558 1807 1618 1870 im·

310 1904 503 1986 pertinenter
513 1905 784 1986 allegare-utar
803 1906 885 1970 enim
908 1906 1004 1970 verbo
1026 1906 1286 1983 calumniaturum
1302 1944 1329 1951 —
1350 1907 1395 1969 ita
1407 1907 1554 1971 atrociter
1572 1924 1619 1971 re·

309 2004 458 2088 spondet,
487 2007 534 2069 ita
569 2026 678 2070 severe
704 2026 738 2069 sc
769 2008 885 2070 asserit
914 2026 933 2069 a
962 2007 1086 2087 virgula
1113 2008 1270 2086 censoria,
1301 2015 1334 2070 ut
1361 2027 1441 2089 pene
1462 2007 1536 2072 boni
1557 2009 1619 2073 viri

309 2108 450 2188 grauiam
477 2117 527 2171 ct‘
550 2109 738 2190 dignitatern
768 2109 919 2173 amiserit.
973 2108 1013 2171 lit
1045 2127 1085 2171 ue
1116 2110 1201 2173 solus
1229 2110 1259 2172 iu
1298 2109 1460 2183 testaudis,
1483 2109 1618 2175 testibus

310 2228 459 2292 peccasse
473 2210 645 2275 uideretur
678 2218 711 2273 et
742 2210 835 2273 aliter
863 2208 925 2275 sibi
956 2220 1084 2289 aptasse
1118 2210 1291 2274 sententias
1322 2210 1491 2289 maiorum,
1522 2230 1616 2293 quam

310 2310 448 2375 babeant
474 2310 506 2376 in
536 2311 613 2376 locis
640 2311 719 2389 suis,
751 2312 846 2374 vertit
872 2330 979 2376 secum
1006 2312 1039 2373 iu
1068 2311 1194 2392 culpam
1221 2320 1354 2393 quatuor
1385 2298 1617 2393 Evangelistas,

308 2404 385 2476 item
402 2412 528 2476 Petrum
559 2420 591 2475 et
609 2412 739 2476 Paulum
761 2418 793 2475 et
814 2402 1017 2494 cyprianum.
1061 2412 1121 2475 Hic
1148 2412 1257 2489 velim,
1284 2412 1428 2493 Urbane,
1448 2415 1616 2480 attendas.

307 2513 505 2594 „Evangelio
528 2533 588 2578 uon
610 2512 799 2593 credercm“,
821 2514 924 2595 iuquit
944 2513 1149 2595 Augustinus,
1173 2514 1252 2591 „nisi
1275 2512 1352 2578 illud
1376 2514 1513 2580 ecclesia
1537 2536 1618 2581 reoc-

309 2615 437 2697 pissct.“
480 2613 572 2691 Quod
593 2622 698 2679 autem
719 2614 857 2679 ecclesia
877 2615 1006 2696 probat,
1027 2634 1104 2696 que,
1126 2615 1257 2693 malum,
1279 2616 1359 2680 ratio
1380 2624 1440 2695 est,
1465 2626 1498 2681 ut
1518 2614 1617 2681 aa‘si-
1682 2666 1684 2671 ,

309 2716 410 2780 nistra
438 2718 701 2799 interpretacione
721 2716 840 2780 Funus
867 2724 974 2779 noster
1002 2717 1188 2779 subvertetf.
1231 2716 1301 2780 Non
1329 2716 1422 2781 datur
1449 2718 1542 2784 nobis
1568 2738 1617 2795 ea,
1717 2722 1724 2733 '

308 2836 369 2899 que
395 2818 593 2901 pbilosophis
614 2818 746 2883 libertus
774 2817 970 2900 disputandi.
1016 2817 1066 2881 Ad
1088 2817 1230 2899 regulam
1257 2818 1446 2899 loquendum
1470 2829 1526 2885 est.
1569 2822 1618 2884 lu-

309 2919 394 2984 imici
416 2921 518 2984 crucis
539 2921 736 2985 testelaone
758 2939 844 3002 papa
865 2940 928 2983 uon
951 2920 1043 2983 l'actis
1057 2920 1156 2983 solum
1176 2920 1302 3000 nostris,
1319 2920 1376 2984 sed
1394 2923 1494 2985 eclam
1512 2923 1619 2987 verbis

308 3022 442 3086 uostris¹
474 3021 674 3087 insidiantur.
725 3022 820 3086 Porro
851 3021 884 3085 iu
915 3021 975 3084 hac
1003 3028 1090 3086 secta
1113 3022 1279 3086 catholica
1312 3024 1401 3086 multi
1430 3032 1517 3104 suut,
1555 3024 1618 3089 imo

308 3124 453 3206 plurimi,
483 3124 547 3188 imo
569 3143 650 3207 pene
671 3143 779 3187 omues
801 3121 908 3204 pusilli
934 3130 966 3184 et
991 3122 1183 3203 imbecilles,
1212 3124 1326 3204 utribus
1352 3124 1433 3188 lacte
1460 3126 1502 3187 sit
1528 3144 1619 3208 opus,

309 3244 372 3289 nou
395 3224 497 3290 solido
519 3226 599 3298 cibo,
623 3244 701 3306 quus
722 3222 816 3288 adse
838 3232 930 3288 vocat
952 3222 1044 3287 buius
1067 3222 1240 3288 orthodoxe
1252 3235 1337 3289 secte
1351 3234 1447 3308 caput
1463 3227 1616 3307 singulari

313 3327 431 3391 amoris
454 3326 640 3411 privilegio:
669 3326 821 3405 „Sinite4
842 3324 992 3407 parvulos
1015 3325 1122 3389 venire
1144 3324 1185 3389 ad
1208 3329 1280 3389 mel
1303 3334 1334 3389 et
1356 3328 1454 3391 nolite
1475 3348 1529 3393 eos
1551 3347 1620 3409 pro-

313 3428 438 3509 bibere,
466 3428 577 3491 talium
605 3428 690 3493 enim
719 3434 767 3491 est
793 3446 924 3508 regnum
956 3426 1126 3491 oelmum‘t
1169 3420 1258 3505 „Et-¹>
1279 3428 1333 3508 qui
1354 3428 1619 3494 scandalizaverit

383 3544 546 3598 ⁸Ir’fietilea.
636 3534 752 3597 iuml
772 3550 806 3594 T:
823 3549 998 3595 devotiarium.
1077 3542 1143 3595 ⁰1¹2
1160 3544 1312 3599 didicerunt.
1402 3534 1469 3597 “Ta
1487 3557 1545 3598 sunt
1564 3552 1620 3599 tria.

211 3648 217 3661 ι
312 3615 379 3667 ‘Te
396 3636 433 3668 ae.
503 3606 564 3695 *Ta
583 3626 676 3667 vertat.
748 3611 851 3665 ‘Ir'eblt
867 3618 905 3664 bei
927 3619 968 3665 Ta.
1040 3602 1104 3665 hud
1122 3634 1162 3665 rue
1181 3620 1275 3666 venire.

371 3833 381 3874 ¹
403 3835 538 3891 Defensio
567 3834 679 3891 Ioaunis
705 3835 843 3890 Reuchlin
869 3831 882 3907 Η
902 3836 1068 3891 Phorceusis
1092 3836 1140 3892 LL
1161 3835 1292 3889 Doctoris
1316 3834 1320 3904 l
1344 3842 1440 3889 contra
1469 3837 1619 3891 calumnia-

308 3923 337 3969 to
356 3920 361 3983 Ι
378 3934 423 3970 res
443 3934 507 3971 suos
528 3914 714 3971 Colonienaes.
744 3914 837 3968 4031.
866 3916 910 3969 4⁰.
953 3916 1014 3987 Vgl.
1042 3916 1087 3973 die
1114 3932 1221 3987 geuene
1244 3914 1453 3985 Beschrcibuug
1482 3916 1510 3968 iu
1538 3916 1632 3971 Hert.-

309 4014 355 4066 op.
367 3998 408 4055 ed.
424 3996 560 4067 Boeking.
581 3994 679 4065 Suppl.
691 3996 728 4051 11.
741 3995 786 4049 80.
829 3995 887 4049 Das
907 3995 996 4049 Werk
1023 3996 1060 4049 ist
1080 3996 1117 4049 im
1140 3995 1216 4047 lliira
1238 3994 1313 4047 1513
1337 3994 1508 4049 erachieneu.
1551 3996 1620 4052 Eine

310 4076 405 4131 aweite
425 4076 557 4147 Autlage,
580 4093 677 4130 wuvon
699 4075 752 4129 mir
772 4076 817 4129 eiu
839 4075 987 4145 Exemplar
1006 4075 1133 4146 vorliegt,
1154 4074 1281 4129 erschien
1304 4072 1390 4127 1514.

368 4150 382 4194 ²
403 4154 536 4211 Defensio
550 4155 598 4210 fol.
610 4154 702 4209 FIIr:
721 4172 813 4210 noune
827 4156 928 4210 clarius
944 4156 1002 4209 sole
1015 4154 1101 4221 vides,
1119 4153 1211 4220 Cesar,
1229 4155 1302 4224 quod
1316 4160 1412 4209 contm
1424 4154 1611 4225 evangelicam

306 4236 485 4290 dilectionem
505 4234 553 4289 isti
573 4235 729 4290 sacerdotes
749 4241 778 4289 ct
797 4234 986 4290 devocionarii
1005 4235 1160 4305 optaverint
1176 4274 1183 4287 .
1197 4278 1201 4289 .
1215 4278 1220 4291 .
1234 4277 1240 4289 .
1256 4234 1363 4288 ruinam
1386 4251 1475 4289 meam
1489 4275 1494 4287 .
1507 4274 1514 4287 .
1527 4274 1552 4289 ..

367 4310 465 4387 ³vg1.
486 4313 620 4369 Defensio
641 4313 774 4368 follis:
803 4316 843 4369 uit
870 4315 961 4389 enim,
989 4316 1063 4385 quud
1090 4314 1270 4370 auctoritates
1298 4331 1380 4385 quam
1408 4314 1598 4385 plurimas...

305 4395 553 4466 impertinentes..
568 4437 591 4449 ..
606 4395 719 4465 allegari
742 4395 827 4449 volui.

366 4470 382 4515 ⁴
401 4474 544 4529 Mattheus
567 4475 613 4541 19,
626 4473 669 4529 14.

366 4550 381 4597 ⁶
401 4556 545 4615 Muttblius
559 4554 606 4624 18,
626 4554 652 4614 6.
