3625 5192
237 315 242 321 ’
311 356 346 409 50
687 351 948 419 Geschichtsquellen
968 348 1016 405 dar
1034 344 1107 405 l’rov.
1128 345 1250 405 Sechsen.

313 574 375 645 40.
398 571 443 639 M.
464 589 510 638 un
533 568 709 654 Spalatln.
1103 569 1236 652 (llotlrn
1245 568 1350 639 1506.
1383 572 1435 635 lm
1457 566 1621 653 ianuar.)

381 718 443 764 Mat.
466 717 500 763 ist
522 718 586 763 hoclr
612 717 706 763 erireut
725 716 788 762 tiber
806 716 847 761 die
861 716 964 775 jiingste
983 714 1196 773 Bilclreraeudung
1214 728 1259 761 aus
1277 715 1446 774 Georgeutlral
1466 716 1516 760 und
1535 718 1621 760 unter-

312 790 380 837 zieht
404 788 486 847 einlge
509 787 640 834 (lersslben
663 787 746 832 sainar
768 786 862 834 Kritile
899 787 933 831 Er
955 786 1069 833 niinseht
1092 785 1145 831 sich
1169 785 1209 831 die
1229 785 1322 831 Werke
1342 785 1486 845 Bassaricas
1508 784 1559 831 und
1584 799 1620 829 ar·

312 857 400 906 malunt
422 855 548 918 Spnlntin,
573 857 622 903 den
640 855 727 902 Urbun
751 871 794 901 zur
809 856 969 915 Vollcndung
990 854 1073 902 seiner
1093 854 1185 901 Sclrrilt
1209 855 1270 901 iiber
1293 856 1342 901 dcn
1364 854 1472 915 heiligen
1493 852 1619 900 Benedilct

311 930 470 978 nnznicuem.

393 1045 533 1114 Colendc
553 1064 609 1111 suo
632 1046 845 1128 Spalatino
867 1044 1028 1110 Maliacus
1049 1042 1155 1109 Rullus.

392 1150 424 1214 S.
467 1148 503 1211 lu
525 1148 623 1212 tantis
646 1146 715 1211 lani
735 1147 906 1229 frigoribus
928 1146 1153 1231 propemodum
1179 1144 1313 1227 obrigui.
1355 1142 1437 1209 Nam
1460 1145 1619 1211 studiosus

310 1252 402 1317 homo
423 1250 495 1335 plus
516 1250 612 1314 sentit
633 1251 788 1314 immanes
810 1251 950 1333 pruinas,
971 1248 1030 1313 etsi
1053 1257 1180 1313 maneat
1200 1249 1231 1311 in
1250 1246 1337 1312 dieta
1349 1246 1512 1314 calefacta.
1555 1248 1619 1314 Sed

312 1354 456 1437 quamvis
478 1351 630 1417 hodierno
652 1354 805 1416 matutino
828 1352 961 1433 grandis
990 1358 1059 1416 erat
1086 1352 1171 1433 rigor
1199 1356 1231 1416 et
1251 1357 1363 1415 ventur
1393 1350 1619 1433 frigidissimus

311 1458 431 1540 etipse
452 1454 543 1537 quasi
564 1454 638 1534 gelu
667 1460 832 1519 concretus
859 1453 1017 1535 stupidior
1044 1472 1147 1518 essem
1168 1454 1292 1536 stipite,
1321 1450 1526 1529 mistarum,
1556 1454 1618 1517 irnc

312 1557 438 1623 cenobii
457 1558 503 1621 tui
523 1555 614 1621 libris
634 1556 681 1619 ita
701 1555 873 1639 derepente
893 1575 962 1620 sum
983 1554 1145 1634 incensus,
1173 1561 1207 1619 ut
1227 1574 1372 1619 serenum
1399 1560 1430 1620 et
1457 1554 1618 1638 placidum

311 1660 396 1725 hunc
415 1660 501 1724 diem
522 1678 592 1723 esse
613 1664 645 1723 et
674 1658 824 1723 mesatis
845 1659 975 1723 refotum
999 1658 1303 1739 recalescentemque
1324 1676 1479 1722 censeam.
1522 1658 1618 1721 Amor

312 1764 403 1828 calet.
444 1760 507 1827 Sed
531 1762 636 1826 nescio
657 1782 699 1825 an
720 1761 821 1844 possit
842 1761 924 1826 ullus
948 1780 1018 1826 esse
1043 1760 1205 1825 ardentior
1230 1777 1324 1841 quam
1353 1778 1442 1825 meus
1467 1766 1515 1824 est
1541 1779 1618 1841 erga

311 1864 472 1930 doctrinas
493 1863 679 1928 amenicres.
720 1864 778 1927 llle
797 1863 932 1928 ferratus
953 1862 1052 1928 codex
1074 1862 1231 1927 Sunamiti
1254 1860 1413 1925 Dauidica
1434 1860 1619 1944 flagrantior

312 1974 367 2033 est
408 1966 620 2047 Hieronymus
643 1966 689 2028 ait
707 1966 902 2049 sapienciam
925 1966 1042 2031 fovisse
1057 1964 1217 2030 Davidem
1240 1965 1301 2027 iam
1325 1983 1430 2028 senem
1452 1970 1483 2028 et
1506 1964 1618 2045 probat

312 2069 415 2151 magis
435 2087 561 2133 sensum
582 2068 757 2151 mysticum.
802 2068 980 2151 Utcunque,
1008 2068 1154 2132 metricus
1182 2064 1438 2148 chronographus
1463 2064 1539 2129 mihi
1570 2072 1618 2129 est

312 2172 363 2236 vel
386 2191 442 2255 prc
469 2170 583 2253 sophia
611 2170 662 2233 vel
684 2169 853 2234 Sunarniti.
902 2170 1017 2236 Verum
1043 2169 1097 2233 ille
1125 2168 1290 2233 candidior
1316 2166 1442 2232 libellus
1466 2176 1615 2249 tauquam

312 2275 359 2339 sol
374 2274 494 2339 estivus
514 2272 607 2336 letius
629 2272 826 2356 resplenduit
846 2279 878 2337 et
899 2271 1033 2355 dispulit
1062 2270 1203 2335 nubilum
1233 2278 1265 2336 et
1292 2270 1416 2353 pigrum
1438 2271 1548 2352 frigus.
1590 2268 1617 2335 Ο

311 2376 411 2453 Dens,
433 2394 525 2457 quem
545 2394 603 2458 pro
624 2372 806 2439 Christiano
823 2376 950 2440 decreto
971 2374 1097 2458 publice
1118 2372 1331 2456 privatimque
1351 2372 1497 2446 colimne,
1524 2392 1617 2437 serva

311 2476 390 2541 mihi
412 2476 657 2557 benignissimos
683 2483 789 2561 patres
810 2476 931 2542 ordinis
956 2476 1110 2541 Cistercii.
1157 2476 1242 2541 Dant
1268 2474 1357 2559 ligna
1386 2480 1418 2541 et
1445 2475 1619 2554 materiam,

311 2578 390 2644 daut
410 2598 482 2643 anes
502 2583 534 2641 et
554 2576 670 2662 pisces,
698 2570 938 2644 accommodant
957 2578 1054 2643 libros
1075 2588 1106 2644 et
1132 2598 1181 2643 nic
1202 2577 1252 2642 vel
1272 2576 1414 2642 Veneriis
1435 2578 1589 2642 adiuvant
1597 2578 1618 2643 ¹.

311 2682 371 2746 Pro
392 2678 507 2763 quibus
532 2680 653 2745 meritis
680 2700 806 2764 semper
830 2682 944 2745 curabo
969 2680 1077 2745 divum
1099 2679 1315 2755 Benedictum,
1346 2685 1504 2744 auctorem
1532 2678 1618 2744 illius

313 2789 399 2848 secte
428 2780 621 2865 primarium.
673 2781 830 2848 Hortabcr
859 2783 1036 2865 Baptistam
1064 2782 1300 2863 Mantuanuma
1336 2788 1369 2845 ut
1403 2783 1501 2846 vitam
1537 2782 1617 2845 tanti

311 2884 412 2969 patris
439 2882 583 2948 versibus
609 2892 707 2949 ornet.
761 2884 829 2966 Ego
860 2904 984 2967 quoque
1018 2884 1207 2949 breviarium
1241 2904 1280 2949 ex
1305 2884 1415 2967 regula
1439 2884 1617 2969 decerpam,

310 2985 395 3068 quod
417 2985 501 3051 dabo
523 2986 653 3050 Urbano
674 2986 768 3052 rebus
789 2987 881 3051 seriis
903 2994 935 3051 et
955 2987 1101 3062 ludicris,
1135 2996 1170 3051 ut
1191 2986 1367 3069 sapientem
1388 2987 1494 3067 decet,
1520 2988 1618 3071 aptis-

311 3088 389 3151 simo
439 3088 531 3151 Nurac
552 3089 731 3153 summatim
757 3090 969 3171 perstringam
994 3108 1056 3154 uon
1082 3088 1225 3169 inutilia,
1254 3108 1314 3170 que
1344 3088 1421 3152 milri
1447 3109 1484 3152 cx
1516 3088 1617 3171 prima

310 3189 506 3274 inspectione
525 3190 695 3255 observata
715 3198 795 3255 aunt.
839 3190 887 3255 Ex
909 3190 1073 3255 Benedicti
1095 3190 1203 3255 schola
1226 3210 1338 3257 novem
1361 3191 1510 3255 clariores
1532 3198 1618 3257 scote

311 3298 532 3375 provenerunt,
553 3292 635 3356 inter
655 3311 733 3374 quos
750 3292 977 3358 Cistercienaes
990 3313 1052 3357 uon
1073 3292 1262 3357 suntiulimi.
1303 3292 1416 3357 Mirum
1439 3290 1470 3354 in
1493 3290 1617 3357 modum

310 3392 481 3458 delectavit
501 3413 551 3458 me
572 3394 697 3475 pictura
718 3415 787 3459 cum
808 3394 858 3460 his
879 3396 1044 3459 verborum
1057 3394 1336 3460 illectationibusn
1359 3394 1503 3473 „Venitc,
1527 3394 1617 3457 bene·

311 3494 388 3558 dicti
408 3496 511 3578 patris
531 3496 610 3576 mei,
640 3496 799 3563 benedicti
825 3517 882 3562 vos
911 3495 1097 3572 adomim,
1130 3498 1183 3580 qui
1214 3498 1289 3561 i'ecit
1309 3496 1409 3561 celum
1437 3502 1468 3559 ct
1492 3503 1617 3559 terrain.

311 3596 445 3682 Respice
466 3596 507 3663 de
526 3598 594 3663 celo
616 3604 648 3663 et
670 3599 743 3664 vide
766 3607 798 3664 et
826 3600 922 3665 visita
951 3602 1076 3665 vineam
1103 3601 1205 3663 istam
1247 3598 1366 3663 Memor
1395 3603 1463 3661 estc
1488 3616 1616 3678 cougre-

310 3689 450 3780 gaticuis
471 3709 533 3781 tue,
553 3706 644 3785 pater
663 3702 891 3767 sanctissime.“

390 3800 433 3865 Mi
456 3802 636 3885 Spalatine,
666 3823 749 3869 nnuc
769 3804 896 3870 demum
918 3804 1019 3869 sentio
1041 3823 1090 3869 me
1114 3803 1159 3886 pii
1185 3808 1217 3867 et
1237 3800 1377 3882 religiosi
1407 3800 1510 3865 cordis
1538 3820 1616 3864 csse.

310 3901 359 3966 ltu
388 3902 447 3967 hec
467 3904 566 3969 uerba
586 3915 714 3971 movent
740 3913 773 3971 et
800 3925 882 3990 pene
903 3906 1074 3972 lachrimas
1096 3904 1245 3969 excitant.
1287 3903 1388 3985 Pergo
1417 3902 1539 3985 legere,
1572 3904 1616 3965 iu-

381 4040 392 4067 *
410 4047 444 4093 Τπ
462 4047 638 4096 illectionibus.
662 4049 691 4095 In
708 4050 733 4095 lr'
744 4051 777 4097 ist
796 4050 842 4098 das
861 4048 928 4111 „ts“
948 4067 985 4097 arri
1005 4050 1089 4097 Rutula
1107 4048 1268 4109 ltirranpcfllpl.

372 4317 383 4359 ¹
408 4320 450 4374 Irn
471 4319 655 4377 Biicherkanf
673 4322 718 4376 bei
739 4320 833 4376 Aldus.

372 4419 386 4460 ‘2
408 4422 535 4493 Baptista
565 4423 733 4478 Mantuanus
767 4425 815 4478 hat
840 4422 960 4478 viclfnclr
991 4421 1119 4495 religilisc
1147 4420 1233 4478 Stoffe
1264 4418 1432 4475 ‹lichtcrisclr
1461 4418 1616 4476 belrandclt.

313 4502 388 4556 Wcil
416 4522 445 4557 er·
467 4505 526 4557 sicli
555 4505 636 4558 dalrci
664 4506 714 4558 ruit
737 4523 846 4575 grossum
865 4505 981 4575 Strcngc
1009 4522 1061 4559 von
1090 4503 1269 4557 luciduisclrcu
1292 4502 1516 4572 Arrsclrnuungcu
1544 4502 1616 4555 lar-rr-

315 4583 395 4648 hlclt,
415 4584 471 4655 gall
496 4601 526 4638 cr
546 4584 591 4639 uir
611 4586 664 4637 deu
685 4584 959 4639 allerolrrlstliclrstcn
981 4584 1105 4641 Dichter.
1128 4584 1190 4655 vgl.
1213 4583 1257 4637 Br.
1280 4582 1326 4633 3⁶2.
1346 4580 1373 4634 S.
1397 4580 1444 4639 ln.
1466 4582 1547 4641 Αιιῐιι.
1570 4584 1595 4639 1.
