3625 5192
663 338 752 393 Briele
772 340 890 395 Matiene
907 340 967 393 250.
988 340 1048 394 251.
1458 342 1507 393 331

206 506 255 551 ure
276 488 381 553 studio
402 489 514 553 itemm
535 489 575 553 de
594 489 822 572 proscriptione
844 489 1016 553 loannis¹¹
1038 488 1190 553 Reuehlin
1213 490 1404 553 mentionem
1425 490 1511 553 facit.

204 591 316 655 Potavi
350 591 391 655 ab
423 591 616 656 adversariis
646 589 752 655 lictum
783 611 853 656 esse
884 590 1135 671 damnationem,
1165 591 1222 655 sed
1248 599 1401 655 constans
1427 586 1513 657 Croti

205 693 314 775 opinio
334 693 420 774 cogit
442 713 491 758 me
512 712 619 758 veram
641 712 711 757 esse
733 693 869 757 credere.
913 692 1006 773 Quid,
1030 702 1133 776 putas,
1155 691 1188 755 in
1210 710 1307 757 causa
1326 694 1395 770 luit,
1417 702 1450 757 ut
1471 694 1513 756 sit

205 795 399 859 damnatus?
456 795 633 876 Fingamus
665 794 867 875 verisimilia,
900 795 1048 876 quoniam
1080 796 1198 859 veritas
1225 812 1282 858 nos
1321 796 1392 878 ipsa
1427 794 1511 859 latet.

205 896 316 961 Invisa
341 904 390 961 est
414 897 500 981 apud
524 896 683 962 credulam
710 898 834 962 turbam
855 896 989 961 Iudaica
1010 896 1184 961 clemencia.
1225 896 1322 977 Vulgi
1348 896 1533 988 opinionesx

204 998 274 1063 sine
295 999 435 1081 periculo
457 1018 549 1063 nemo
569 1000 746 1064 mutaverit.
788 998 938 1063 Audehat
959 997 1080 1079 aliquid
1102 998 1264 1079 Socrates,
1285 998 1364 1061 mori
1385 1007 1512 1063 coactus

205 1109 263 1165 est.
304 1100 462 1165 Dissensit
490 1113 511 1163 a
538 1102 634 1182 vulgo
655 1101 858 1179 Aristoteles,
886 1120 949 1166 non
976 1100 1008 1163 id
1035 1100 1141 1182 palam
1169 1118 1264 1165 ausus
1285 1108 1333 1164 est
1362 1098 1510 1182 proliteri.

205 1199 309 1267 ¹Cessit
329 1202 578 1267 Atheniensibus
593 1202 692 1273 Plato,
713 1222 753 1267 ue
775 1203 825 1267 bis
845 1202 878 1265 iu
900 1201 1134 1284 philosophiam
1160 1209 1336 1285 peccarent.
1379 1202 1513 1284 Scripsit

205 1324 262 1387 pro
296 1305 386 1370 libris
413 1304 606 1369 Helrreornm
637 1325 698 1368 nou
725 1304 854 1369 urendis
884 1304 1018 1368 loannes
1050 1312 1155 1367 noster
1186 1322 1260 1367 usus
1290 1304 1363 1367 stilo
1393 1304 1513 1383 licenti,

205 1406 407 1489 ostentationi
428 1396 547 1487 magis,
569 1415 603 1471 ut
623 1405 744 1485 dicam,
768 1400 852 1488 quod
872 1407 990 1485 sentio,
1012 1424 1106 1488 quma
1128 1406 1285 1469 communi
1307 1406 1435 1470 utilitati
1461 1425 1512 1469 ac-

204 1508 409 1573 commodato.
457 1509 540 1572 Nam
565 1528 636 1572 cum
651 1508 775 1573 odiosa
802 1508 1000 1589 scelestaque
1029 1508 1150 1589 colligit
1177 1504 1219 1571 ad
1250 1524 1344 1570 cause
1366 1526 1420 1571 sue
1442 1526 1512 1589 pro-

134 1626 145 1683 .‘
206 1610 373 1690 batiouem,
395 1610 521 1674 ridetur
542 1630 603 1674 nou
621 1617 686 1674 tam
703 1610 841 1692 effugere
854 1609 981 1674 inutilia
995 1630 1089 1691 quam
1111 1628 1146 1673 se
1168 1608 1266 1672 multa
1286 1608 1366 1673 scire
1381 1608 1510 1690 iactare,

204 1712 287 1793 quod
314 1722 364 1776 est
390 1712 578 1791 anogantis.
627 1711 692 1775 Sed
726 1712 755 1777 si
785 1712 930 1776 latuisset
962 1712 993 1775 iu
1026 1711 1205 1776 secretariis
1235 1710 1374 1776 Urielis2
1402 1709 1510 1775 datum

205 1814 384 1893 eonsilium,
412 1834 475 1877 nou
502 1814 693 1879 clamassent
713 1814 917 1877 Amoldlste³
943 1812 1098 1882 tollendos
1121 1832 1191 1877 esse
1220 1812 1260 1876 de
1282 1813 1336 1877 via
1357 1812 1512 1896 lapideae

204 1916 348 1999 Arrepsit
369 1924 473 1997 quota
487 1916 588 1998 portio
601 1916 707 1996 gentis
718 1914 859 1997 Apellea.
901 1914 1014 1978 Trahit
1025 1914 1191 1979 consilium
1206 1934 1265 1979 noo
1287 1914 1330 1978 ad
1351 1914 1511 1994 iudicium,

205 2017 262 2084 sed
279 2019 320 2081 ad
338 2018 538 2100 supplicium.
570 2018 640 2081 Hac
664 2026 766 2081 rrrrrtus
785 2018 901 2080 iniuria
920 2016 1072 2080 Reuehliu
1089 2017 1155 2079 edit
1170 2016 1203 2079 in
1226 2018 1324 2080 lucem
1340 2034 1396 2080 suc
1409 2014 1512 2080 laudis

206 2126 364 2203 respectu,
403 2120 486 2201 quod
524 2118 650 2203 publice
691 2119 802 2182 salutis
835 2119 941 2199 gretia
975 2117 1086 2181 melius
1116 2118 1148 2181 in
1181 2116 1320 2181 tenebris
1353 2116 1511 2181 iacuisset.

205 2222 347 2289 Tametsi
369 2242 418 2287 me
434 2242 496 2285 nou
511 2220 650 2286 offendat
661 2222 824 2304 scriptoris
839 2220 978 2283 libertas.
1021 2219 1130 2283 Laudo
1143 2220 1314 2301 ingenium,
1336 2218 1512 2284 doctrinam

206 2324 410 2406 multiplicem
436 2332 469 2387 et
493 2324 657 2404 antiquam
685 2321 840 2402 admiror,
864 2322 921 2385 sed
950 2322 1024 2384 uovi
1055 2320 1170 2385 molam
1199 2322 1232 2384 in
1258 2320 1424 2403 evaugelio
1450 2320 1512 2385 asi-

205 2426 341 2505 nariam,
363 2426 425 2507 'crue
447 2446 503 2489 uos
525 2424 662 2489 deterret
681 2425 723 2487 ah
744 2423 917 2488 offensione
938 2422 1137 2505 simplicium.
1181 2422 1323 2504 Emergit
1344 2416 1511 2503 Aruoldus,

205 2528 258 2609 qui
291 2546 450 2591 sacrarum
481 2527 643 2591 literarum
678 2526 850 2591 acerrimus
883 2524 1017 2589 habetur
1045 2524 1208 2607 interpres.
1259 2524 1425 2606 Castigat⁵
1456 2544 1512 2589 suc

205 2648 299 2693 more.
341 2629 425 2692 Nam
454 2628 549 2692 etatis
571 2640 676 2693 nostre
697 2627 835 2709 theologi
861 2626 1027 2708 quamvisb
1049 2626 1148 2708 inepti
1172 2636 1204 2690 et
1226 2626 1368 2706 barbari,
1397 2634 1513 2707 tamen,

206 2732 296 2813 quasi
323 2750 393 2795 cum
413 2730 512 2794 Paulo
533 2729 739 2795 dididicerint
761 2730 794 2793 iu
813 2730 910 2793 tercio
933 2728 1010 2809 celo,
1031 2728 1169 2792 alienam
1193 2748 1323 2812 carpere
1344 2728 1446 2793 solent
1466 2728 1513 2793 iu-

204 2833 367 2897 dustriam.
409 2832 538 2897 Utinam
559 2840 787 2915 cogooseerent
797 2830 876 2895 illud
894 2830 1056 2895 Ciceronis
1076 2831 1107 2892 in
1122 2830 1350 2894 Salustiurn⁰⁶:
1373 2829 1512 2911 „Carere

110 2945 117 2953 '
204 2933 300 2999 debet
325 2934 410 2998 omui
436 2934 536 3014 vicio,
567 2934 621 3015 qui
650 2934 683 2997 in
709 2934 841 2997 alterum
867 2932 973 2996 dicere
1001 2942 1130 3014 paratus
1153 2933 1235 2997 est“.
1279 2931 1393 2997 Demat
1415 2932 1511 3014 hypo-

205 3037 286 3100 crita
306 3035 428 3100 trahem
449 3056 489 3099 ex
510 3035 609 3100 oculis
630 3037 713 3116 suis,
741 3034 850 3101 tollere
870 3035 899 3098 si
928 3034 1014 3097 vultd
1038 3034 1192 3097 festucam
1212 3032 1253 3096 de
1274 3034 1380 3097 fratris
1400 3035 1510 3097 ocello.

153 3190 156 3195 .
206 3138 368 3220 Castigat,
396 3137 752 3220 transmarinorum,
779 3136 837 3201 sed
863 3136 1022 3217 castigata
1043 3134 1222 3199 remordent
1243 3142 1274 3198 et
1299 3137 1338 3199 de
1360 3135 1444 3199 l'umo
1467 3136 1512 3198 iu-

205 3238 283 3303 cidit
301 3240 334 3303 in
359 3239 464 3322 ignem
485 3259 524 3303 ao
547 3239 668 3303 invenit
689 3238 765 3303 mali
793 3239 973 3320 coagulum:
1011 3236 1093 3301 Nam
1121 3237 1271 3320 opinione
1300 3256 1359 3301 sua
1385 3236 1513 3301 inflatus

206 3341 357 3405 mendosa
377 3341 481 3422 querit
500 3341 533 3404 iu
555 3360 651 3422 opere
671 3340 839 3420 Reuehlin,
861 3358 962 3422 prava
984 3358 1053 3402 cum
1074 3338 1169 3403 rectis
1190 3338 1367 3417 ccohrndit,
1389 3337 1514 3402 invadit

205 3444 306 3506 virum
328 3443 459 3517 honum,
488 3443 554 3507 acsi
577 3461 687 3507 censor
708 3450 792 3506 esset
812 3450 844 3505 et
863 3448 1009 3523 proterve
1028 3449 1131 3504 vexat.
1173 3439 1273 3504 Addit
1297 3459 1399 3521 nugas
1416 3439 1513 3504 versi-

205 3544 386 3610 ficatoruml
414 3552 445 3609 et
472 3564 507 3608 se
532 3552 564 3609 et
584 3564 642 3607 sua
663 3544 842 3607 amancium
863 3550 895 3607 et
916 3550 1021 3626 preter
1041 3542 1280 3623 intempestivos
1301 3542 1513 3624 sophistarum

277 3649 341 3700 'Ta
358 3640 489 3701 Johannis.
551 3639 616 3712 ¹{Ta
634 3655 700 3700 lieet
757 3646 993 3699 ο11811111111111111.
1047 3635 1113 3697 dTe
1132 3652 1208 3697 volet.
1259 3644 1273 3705 ,⁰
1292 3651 1361 3696 Fehlt
1378 3650 1417 3697 be·
1435 3651 1476 3697 Te.

268 3806 366 3881 1vgr.
381 3809 426 3865 ur.
440 3810 506 3865 uuo.
560 3785 569 3907 ,¹

269 3885 283 3928 ²
303 3889 362 3945 Des
384 3890 507 3945 Mainzer
526 3890 726 3958 Emhisehofes.

269 3965 457 4043 ³-Anhunger
477 3972 525 4025 des
544 3965 651 4026 Arnold
671 3988 725 4025 von
746 3971 886 4043 Tungemr.

267 4045 335 4103 1111
356 4052 418 4104 dem
440 4068 505 4105 vom
526 4050 553 4104 2.
571 4052 634 4107 Jan.
651 4050 727 4104 1512
749 4051 884 4105 datierten
906 4048 1058 4104 Schreiben
1077 4052 1126 4105 der
1150 4052 1255 4105 Kiilner
1275 4050 1359 4104 theol.
1380 4050 1514 4104 Fakulllit

207 4148 242 4184 an
253 4130 391 4184 Reuehlin
412 4130 468 4199 plll.
479 4131 529 4185 vir.
545 4132 623 4201 epist.
636 4131 685 4187 fol.
699 4132 736 4184 92
746 4131 769 4193 1)
787 4131 875 4185 heisst
895 4148 937 4185 es:
960 4130 1063 4185 Tollite
1084 4132 1118 4185 de
1138 4130 1184 4185 via
1203 4131 1315 4201 lapides.
1356 4129 1420 4199 Vgl.
1441 4133 1512 4183 auch

207 4209 342 4264 Defensio
362 4209 480 4266 Reuehl.
503 4202 602 4288 (Ausg.
618 4209 709 4283 1514)
731 4210 880 4266 fohD4r:
907 4218 936 4264 et
957 4209 1063 4281 lapides
1084 4210 1196 4281 tollam,
1226 4210 1327 4281 quibus
1350 4210 1399 4263 alii
1423 4210 1451 4263 in
1468 4212 1514 4266 via

208 4289 263 4344 Dei
284 4289 340 4344 siut
362 4289 468 4344 offensi.

268 4364 283 4408 ⁵
304 4367 336 4422 In
358 4371 412 4423 den
434 4370 573 4439 „Articuli
593 4370 650 4425 sive
671 4369 906 4441 Propositiones“.

269 4445 363 4504 6Aua
383 4451 432 4504 der
450 4449 585 4505 Defensio
606 4450 665 4505 Ich.
686 4450 835 4505 Reuehliui
857 4450 915 4518 (fol.
928 4446 995 4521 141)
1018 4456 1207 4508 eutnommen.

272 4524 285 4569 ⁷
304 4528 360 4584 Die
383 4529 473 4584 samos
493 4531 674 4601 gewordeuen
694 4530 782 4585 Verse
801 4528 920 4599 Ortwins
939 4528 989 4601 (13
1006 4527 1165 4598 Disticheu)
1186 4530 1241 4585 und
1262 4530 1306 4584 die
1325 4530 1373 4585 des
1390 4530 1513 4591 Jacobus

210 4606 368 4685 Magdalius
387 4608 419 4682 (5
439 4608 526 4681 Dist.)
549 4610 610 4665 sind
629 4610 759 4683 gemeint.
800 4610 865 4687 vgt.
876 4610 957 4667 Hutt.
969 4627 1013 4685 op.
1024 4608 1121 4685 Suppl.
1131 4606 1167 4663 11.
1182 4628 1209 4686 p.
1223 4608 1357 4668 78-79.
