3625 5192
584 354 690 411 'Briefe
709 356 828 410 Mutians
849 356 907 410 522.
926 357 984 410 523.
1003 356 1062 411 524.
1432 352 1483 407 187

176 503 375 588 simplicitati
409 512 530 568 tuorum
562 507 764 585 rusticorum,
793 506 856 568 imo
888 505 1045 569 (lothariis
1075 513 1108 569 et
1139 506 1272 570 infinitis
1304 502 1485 567 hominibus

175 608 280 671 t'ucum
301 606 377 669 t'ecit
398 613 431 670 ct
452 607 643 689 imprudenti
663 607 842 671 credulitati
863 606 981 685 illusit,
1000 614 1125 671 tenetur
1144 609 1177 673 iu
1201 608 1346 672 custodia
1358 605 1484 671 cenobi-

176 708 230 773 ali.
271 709 352 773 Sunt
380 709 435 789 qui
463 708 572 773 dicant
600 728 670 773 curn
699 710 801 793 ipsum
823 708 1015 789 Nurinbergi
1042 709 1170 792 publice
1196 711 1296 791 virgis
1321 728 1426 773 cesum
1453 713 1485 772 ct

176 829 245 874 curn
285 810 462 891 ignominia
501 810 644 891 iugatum
680 798 985 893 exterminatumque
1016 812 1124 876 fuisse.
1184 811 1250 876 Alii
1283 812 1420 875 referunt
1451 810 1483 873 iu

177 914 310 977 civitate
327 912 441 995 hlysna
462 912 572 977 cadem
595 931 679 995 perra
700 913 892 993 castigatum
915 920 987 993 post
1007 913 1146 977 diuturni
1168 914 1304 978 carceris
1325 920 1357 977 et
1377 913 1485 975 vincu-

175 1015 276 1079 lorum
298 1016 551 1079 macerationem.
593 1014 662 1079 Neo
682 1012 810 1095 desunt,
830 1015 882 1095 qui
906 1014 1027 1079 vidisse
1052 1014 1169 1081 dicant
1211 1016 1291 1081 Tale
1312 1022 1484 1079 monstrum

176 1117 240 1181 diis
262 1126 294 1180 et
315 1116 495 1181 hominibus
517 1118 664 1181 iut'cstum
686 1135 761 1181 suas
781 1115 1013 1198 perditissimae
1042 1118 1233 1200 imposturas
1259 1117 1367 1182 attulit
1389 1116 1483 1181 Scho-

178 1218 307 1307 uatibus
334 1219 460 1283 tanente
483 1218 633 1283 Duronio.
677 1202 923 1282 Concionatores
948 1218 1042 1283 huius
1062 1219 1138 1283 cleri
1158 1218 1297 1301 grandia
1318 1220 1486 1301 loquuntur

177 1321 209 1384 in
233 1320 377 1385 credulos
397 1328 428 1385 et
450 1320 596 1383 tenitant
617 1319 780 1384 horrendis
802 1320 897 1385 minis
919 1321 1091 1400 universos,
1113 1322 1165 1403 qui
1188 1324 1378 1405 παλαμναῖον
1392 1322 1485 1385 istum

177 1421 370 1487 consuluere.
413 1422 454 1487 Et
473 1428 557 1487 recte
578 1422 714 1503 quidem.
759 1422 856 1485 Nefas
878 1430 926 1488 cst
943 1423 1027 1487 euim
1050 1424 1283 1506 adireplanum
1300 1422 1485 1502 maleficum,

177 1524 306 1589 stultum
337 1524 479 1604 credere,
511 1525 643 1608 impium
674 1524 755 1589 falso
785 1524 940 1607 prophete
971 1524 1048 1588 dare
1079 1526 1255 1610 pecuniam.
1309 1524 1393 1603 Quid
1425 1525 1486 1589 hoc

178 1626 441 1693 commemores‘l‘
471 1627 635 1707 Virginem
674 1627 844 1705 collocare,
879 1634 913 1691 ut
939 1646 996 1691 suc
1024 1629 1120 1709 genio
1147 1628 1275 1692 abunde
1311 1627 1485 1708 indulgeat.

64 1790 69 1800 ,
177 1732 260 1793 Acta
288 1738 361 1793 sunt
389 1728 448 1793 hcc
478 1728 512 1793 in
540 1728 677 1793 maximo
703 1728 776 1793 luxu
798 1736 830 1793 et
851 1729 967 1794 celebri
988 1729 1147 1812 applausu
1166 1729 1379 1813 plurimorum.
1420 1729 1485 1793 Sed

177 1832 343 1897 videamus
379 1830 508 1896 exitum.
544 1868 583 1875 -
625 1830 695 1911 Ego
727 1831 836 1895 videre
872 1831 966 1914 cupio
998 1831 1140 1896 codicem
1175 1831 1356 1912 rusticiani,
1392 1850 1486 1912 quem

178 1932 351 1997 Cecusiusl
378 1931 601 1997 commodabit.
643 1932 689 1997 Eo
715 1952 841 1997 carcere
870 1939 975 2015 potest
1000 1933 1050 1998 his
1072 1934 1198 1997 rusticis
1219 1933 1368 1998 messium
1389 1932 1486 2012 feriis,

177 2050 369 2117 quamquam
391 2035 454 2099 cito
467 2034 634 2099 remittam.
676 2035 796 2099 Hicest
808 2035 861 2099 illc
875 2035 997 2113 Gabali,
1019 2035 1171 2117 magister
1183 2041 1216 2099 et
1235 2034 1312 2098 iuris
1326 2034 1486 2099 studiosus

177 2136 239 2201 tibi
262 2143 361 2202 notus.
405 2136 548 2201 Dicimus
573 2157 596 2219 g
620 2156 677 2219 pro
704 2156 741 2201 ce
768 2144 799 2201 ct
825 2137 994 2202 scribimus
1015 2144 1121 2201 nmen
1143 2157 1161 2201 c
1180 2143 1214 2200 ut
1233 2136 1351 2216 Gneus,
1378 2136 1485 2216 (laius,

176 2238 334 2315 Curculio,
356 2238 476 2303 Cicero.
517 2238 630 2320 ltaque
643 2238 808 2304 Cecusium
826 2238 983 2303 salutabis
997 2238 1197 2321 rogabisque,
1215 2247 1247 2303 ut
1258 2238 1308 2304 vel
1324 2239 1486 2322 proprium

175 2341 229 2405 vel
251 2342 389 2405 alienum
412 2341 551 2407 codicem
575 2341 606 2405 in
630 2360 749 2424 paucos
772 2341 847 2405 urihi
868 2340 938 2405 dies
958 2340 1118 2406 exhibeat.
1159 2343 1319 2406 Autumno
1334 2342 1486 2423 proximo,

177 2444 205 2509 si
235 2443 312 2525 quid
336 2444 368 2507 in
397 2446 502 2525 patria
524 2444 643 2523 negotii
667 2444 872 2527 expediturus
893 2463 942 2524 es,
969 2442 1033 2507 ibis
1052 2442 1094 2507 ad
1115 2441 1298 2508 nundinas‘2
1325 2463 1395 2508 cum
1415 2462 1487 2505 mea

177 2545 324 2629 pecunia.
378 2545 448 2611 Non
482 2545 610 2623 dubito,
641 2544 716 2625 quin
750 2552 840 2627 pater
870 2545 1112 2609 llartmanuus3
1141 2554 1172 2609 te
1203 2546 1341 2611 instante
1374 2552 1406 2609 et
1437 2564 1487 2609 me

178 2655 313 2729 urgente
335 2633 512 2730 primarias,
534 2666 613 2728 quas
634 2658 759 2723 vocant,
782 2648 964 2730 Nepotiauo
985 2654 1091 2712 nostro
1112 2646 1244 2711 dederit.
1287 2646 1375 2711 Vale.

259 2749 351 2813 XVII
373 2749 532 2815 Calendas
550 2749 686 2813 Sextiles
707 2750 841 2815 MDXV.

249 2882 430 2929 uattosousrn.
441 2882 461 2927 u
475 2882 526 2929 496
546 2883 587 2929 rot.
598 2882 798 2929 arev—aton

176 3146 259 3217 524.
282 3146 326 3213 ll.
347 3165 393 3213 an
418 3146 551 3216 Urban.
1038 3144 1188 3230 (Gotho)
1202 3147 1294 3215 1515.
1335 3145 1415 3211 lull
1431 3146 1484 3212 lu.

249 3270 310 3317 tour.
336 3272 386 3317 rrill
405 3271 503 3331 Urbana
524 3271 671 3317 Verdienste
694 3268 773 3315 demit
796 3270 935 3328 bolohncn,
959 3270 1016 3315 dass
1039 3285 1067 3315 cr
1089 3270 1154 3315 bcim
1176 3270 1244 3315 Abte
1267 3271 1306 3316 srir
1322 3270 1367 3315 ihrr
1386 3270 1486 3316 cintritt

176 3341 230 3387 rrnd
259 3342 371 3388 crirrncrt
400 3342 448 3387 dan
475 3341 574 3387 l'reund
605 3356 636 3387 an
667 3341 707 3386 dic
734 3341 878 3399 Bcsorgung
905 3341 949 3387 des
976 3342 1052 3385 sehon
1079 3342 1152 3399 lange
1180 3340 1313 3387 bosteliten
1342 3340 1485 3386 llochzeits·

175 3412 354 3529 ppppelpcrppecssw
381 3412 413 3457 Er
433 3411 507 3457 bittot
527 3423 567 3457 urn
589 3411 758 3470 Abrcnhnnng
777 3412 827 3457 und
849 3411 1015 3469 Buschatlang
1035 3410 1129 3470 einiger
1148 3412 1247 3457 Biiclror
1269 3412 1314 3457 arri
1329 3411 1374 3456 der
1390 3411 1486 3456 Frank·

260 3588 416 3653 Prcstanti
441 3587 614 3669 Urbano,
640 3588 733 3653 docto
761 3586 965 3671 philosopho,
991 3586 1171 3653 venerando
1193 3587 1392 3671 presbytcm,
1416 3606 1486 3670 pru-

174 3690 265 3755 denti
288 3710 447 3769 ceunomo,
470 3690 532 3753 lido
554 3692 664 3755 antico.

259 3794 288 3856 S.
332 3792 421 3856 Multi
449 3794 685 3877 emptorierunt.
727 3792 844 3856 Prolati
871 3802 945 3856 sunt
977 3794 1133 3857 universis
1161 3793 1349 3857 Cartusini⁴.
1370 3856 1373 3865 ,
1394 3791 1485 3869 Quot

174 3897 296 3959 tactum
319 3901 404 3957 tuum
426 3914 476 3958 me
497 3896 690 3959 assentiente
712 3902 811 3958 ratum
834 3902 910 3959 esto.
953 3896 1080 3959 Prcstas
1101 3896 1263 3977 egregiam
1292 3894 1485 3958 voluntatem

173 4005 208 4063 et
239 3994 330 4059 fidem
351 3997 514 4077 antiquam
543 3996 676 4061 inlicitis
703 3998 898 4078 argumentis
923 3996 1097 4062 confirmas.
1139 3996 1277 4061 Tantum
1304 3998 1401 4078 igitur
1426 3996 1484 4060 tibi

172 4099 288 4177 debeo,
310 4109 459 4179 quantum
487 4100 665 4181 persolvere
686 4098 816 4164 dit'licilc
837 4106 892 4163 est.
935 4098 998 4164 Sed
1021 4099 1116 4182 plane
1137 4099 1214 4177 scio,
1233 4117 1296 4179 qua
1317 4098 1350 4162 in
1372 4118 1405 4162 re
1426 4098 1485 4162 tibi

241 4347 252 4389 ¹
275 4352 336 4423 vgl
352 4352 462 4407 1312211
489 4352 515 4408 S.
528 4353 584 4406 ‘287
606 4352 691 4407 Anrn.
703 4352 730 4409 4.

238 4428 251 4470 ²
272 4433 326 4486 Zur
347 4433 527 4489 Fraukfurter
549 4434 644 4488 Messe.
687 4433 805 4505 vgtur.
819 4434 885 4488 5⁶25·

207 4560 209 4567 ,
238 4506 333 4568 ³Abt
353 4513 506 4568 Hartmann
530 4532 583 4569 ron
606 4514 701 4570 uulda

237 4588 251 4630 ‘²
271 4594 334 4666 Vgl.
345 4593 390 4648 Br.
405 4593 470 4650 510.
