3625 5192
617 353 705 408 brieio
723 353 842 408 Mulians
860 352 920 409 403.
938 352 998 406 tot.
1016 353 1076 406 405.

625 501 745 566 Urbani
765 501 1056 584 endecasyllabum.

540 617 695 681 Facturus
718 617 812 698 Latiq
833 635 939 680 comes
961 615 1105 700 Minerva,

542 719 678 782 Lucrum
699 720 780 783 bano
801 724 887 783 emat
908 718 1127 797 eruditionem,

540 821 642 898 Quam
664 841 766 885 rerum
788 819 967 904 speculator
988 821 1138 885 eminenti

541 923 662 987 Phania
685 923 822 1006 protulit.
864 921 896 986 Is
917 923 1175 988 scholasticorum

489 1029 518 1090 b.
542 1026 665 1106 Dignus
687 1045 743 1108 pro
764 1025 883 1090 meritis
900 1025 1025 1089 'i'avore
1067 1019 1195 1108 Γνώμας

543 1128 666 1209 Naturq
688 1127 818 1191 ru'dibus
839 1126 929 1192 dedit
951 1129 1112 1211 probatas,

544 1229 592 1292 Ad
616 1230 682 1292 veri
702 1229 839 1293 studium
863 1232 1010 1311 viamque
1032 1238 1148 1295 rectam

543 1332 742 1414 Spectantes,
764 1333 852 1415 pueri
876 1332 985 1414 legant
1006 1353 1161 1415 sonosque

541 1433 668 1514 Magnis
690 1435 880 1504 utilitatibus
902 1436 1042 1499 refertas.

473 1540 517 1602 10.
540 1536 668 1600 Ailulsit
689 1555 770 1599 nova
793 1536 847 1600 lux
868 1536 986 1601 scholis
1007 1536 1116 1602 latinis

542 1639 706 1720 Nusquam
728 1657 807 1702 rana
827 1645 952 1718 coaxat,
974 1648 1009 1702 ut
1029 1640 1161 1720 solebat,

542 1741 707 1822 Nusquam
728 1740 844 1804 menda
866 1747 1005 1806 moratur
1024 1742 1202 1824 impeditos.
1261 1785 1265 1792 ·

269 1892 406 1956 Tantum
419 1899 484 1970 est3
507 1891 575 1971 ede,
598 1893 624 1954 si
639 1892 753 1975 placet.
796 1891 863 1972 Ego
884 1891 937 1954 odi
958 1894 1035 1956 istos
1047 1893 1271 1972 Parrnenones,
1292 1895 1409 1977 Syrosl
1431 1916 1501 1960 cum

190 1997 256 2060 suis
291 1997 385 2078 nugis
420 2002 451 2060 ct
478 1995 746 2078 suppilatipnibus
779 1995 945 2058 universis.
999 1995 1050 2059 lta
1081 2015 1149 2060 sum
1181 1995 1375 2060 l'astidiosus.
1429 1997 1501 2073 Non

192 2101 257 2162 iero
286 2098 402 2162 nralum
430 2116 577 2178 coquum,
605 2097 660 2176 qui
689 2095 890 2176 reliquiarum
918 2097 1071 2178 reliquias
1097 2098 1160 2160 iarn
1186 2097 1369 2180 subolentcs
1389 2097 1501 2162 iterum

193 2207 287 2282 atque
310 2201 422 2264 iterum
447 2198 549 2264 inl'ert.
591 2197 719 2262 bloveut
741 2199 802 2262 ista
824 2198 1026 2263 condimenta
1044 2199 1137 2264 bilem
1156 2200 1242 2263 lauto
1257 2199 1377 2264 lectori.
1418 2200 1501 2277 Quid

192 2302 280 2366 aliud
315 2309 363 2367 est
399 2308 606 2366 commentum
640 2300 732 2364 istius
764 2301 892 2382 gloriosi
930 2301 1073 2381 gerionis
1103 2319 1197 2382 quarn
1231 2303 1280 2366 ius
1312 2303 1430 2366 littuum
1472 2311 1504 2367 et

194 2407 306 2486 fungus
338 2403 466 2487 putidus
498 2411 529 2467 et
564 2423 663 2487 perna
694 2402 826 2466 rancida
858 2415 984 2467 scatens
1012 2403 1192 2468 vermibus?
1244 2404 1309 2487 lpsi
1339 2424 1408 2468 cum
1436 2405 1503 2468 suis

194 2507 334 2572 suaviter
355 2505 514 2570 conditum
538 2511 651 2588 putant
672 2511 704 2568 et
725 2504 888 2583 (levarant,
909 2524 970 2586 que
990 2526 1029 2570 ne
1047 2525 1156 2570 musca
1171 2506 1299 2588 quidem
1315 2505 1503 2588 proboscide

193 2607 354 2688 lamberet.
397 2607 487 2670 Nosti
511 2607 629 2686 simias,
655 2607 737 2671 nosti
752 2605 921 2690 φιλαυτίαν.
962 2607 1054 2671 Lucri
1072 2607 1275 2671 duleisodort
1317 2606 1382 2682 Est,
1399 2607 1504 2688 credo,

194 2700 370 2771 ἐπεισόδιονι
391 2701 423 2783 ἐξ
446 2706 619 2792 ἀμφατέρων
639 2702 760 2792 φύσεων.
802 2708 852 2771 Tu
879 2727 919 2773 ne
940 2708 1129 2790 primoribus
1155 2710 1281 2791 quidem
1303 2709 1415 2788 digitis
1436 2718 1503 2774 tau-

194 2812 269 2894 gito.
321 2812 431 2894 Neque
460 2812 543 2876 enim
574 2811 651 2874 lucit
678 2810 719 2874 ad
742 2809 939 2874 stomachum
967 2811 1103 2876 delicati.
1147 2811 1213 2875 Heu
1240 2819 1342 2875 tecum
1366 2811 1503 2890 babeas,

194 2921 267 2978 sunt
294 2916 440 2978 aculeata
466 2921 498 2978 et
524 2913 666 2978 dicerent
694 2913 836 2996 sopbiste
862 2912 980 2978 lrabere
1007 2933 1063 2977 nos
1087 2915 1191 2978 lenum
1219 2915 1251 2977 in
1278 2933 1384 2979 cornu.
1433 2913 1502 2989 Eia,

195 3017 332 3099 compuli
358 3025 389 3080 et
420 3016 525 3099 pepuli
549 3017 723 3094 calamum,
752 3022 785 3079 ut
806 3021 960 3080 exararet.
1003 3016 1085 3080 Nam
1108 3016 1244 3080 reiectus
1266 3017 1348 3079 aruit
1370 3023 1402 3080 et
1422 3023 1504 3079 atra-

152 3197 154 3204 ,
194 3120 382 3182 mentarium
415 3118 510 3182 multo
542 3118 645 3198 brugis
702 3117 830 3195 Quane,
863 3116 938 3199 quid
967 3118 1021 3181 ita.
1070 3117 1154 3195 Quia
1183 3116 1319 3198 legendo
1354 3116 1505 3181 dolebant

196 3221 288 3284 oculi.
341 3219 433 3285 Nunc
464 3219 609 3300 infunde,
642 3238 735 3302 puer,
768 3227 869 3282 atrum
900 3219 1014 3282 vinum.
1066 3219 1160 3283 Ridet
1186 3219 1317 3283 Publius
1348 3227 1380 3283 et
1414 3219 1506 3283 atiert

196 3321 310 3401 uinum.
353 3320 495 3403 Simplex
518 3327 549 3384 et
570 3320 678 3384 bouus.
722 3322 776 3385 Sic
792 3322 938 3386 iocamur.
981 3319 1100 3398 Quidni
1117 3322 1278 3384 iocamur?
1321 3320 1506 3386 Innocenter

196 3422 345 3501 vivimus,
373 3422 451 3486 nibil
479 3421 541 3487 nisi
564 3422 720 3487 literatum
743 3424 877 3505 agimus.
921 3424 986 3486 lam
1009 3423 1131 3503 ellingit
1152 3443 1265 3504 grecas
1286 3430 1318 3488 et
1339 3423 1505 3488 hebraicas

196 3524 305 3589 literas
328 3533 359 3590 et
374 3524 509 3590 libenter
525 3525 639 3607 pingit,
660 3525 743 3606 quod
762 3545 824 3589 non
842 3526 983 3605 repudio.
1016 3525 1184 3589 Pulcbruru
1200 3534 1248 3590 est
1265 3526 1347 3590 bcllc
1366 3527 1505 3608 pingere.

196 3627 307 3709 Itaque
338 3627 434 3690 miror
460 3627 648 3692 Herculem2
677 3635 709 3690 et
740 3628 830 3709 quasi
866 3628 943 3692 colo.
991 3627 1113 3692 Causas
1141 3647 1297 3710 exponant
1327 3627 1506 3692 verbosiore

198 3729 356 3813 epistota³
377 3737 408 3794 et
428 3731 562 3794 ibrtasse
583 3747 663 3792 cras.
706 3729 798 3794 Nunc
818 3728 947 3794 cenabo.
991 3730 1041 3793 Tu
1063 3730 1195 3794 valebis.

268 3855 279 3882 ³
298 3862 324 3906 p'
336 3849 465 3906 ἐπεισόδιον.

268 3975 448 4022 Handselrriltl.
470 3975 490 4020 Ρ
500 3973 557 4046 376.
570 3976 611 4022 fol.
623 3974 817 4022 uteo-mr.

201 4118 401 4125 ————-—

263 4208 273 4248 1
297 4209 374 4266 Nuoh
394 4211 517 4267 Plautus.
553 4211 705 4266 lluccbidos
716 4212 764 4269 IV.
776 4210 802 4265 4.
821 4211 845 4264 l.

261 4287 275 4328 ‘2
296 4289 357 4362 vgr.
374 4291 418 4348 nr.
430 4292 497 4349 aaa.

259 4366 274 4410 ³
296 4371 358 4442 Vgt
376 4371 422 4428 ΒΓ.
442 4371 507 4428 stru.
