3625 5192
653 349 741 403 mrsu
758 349 879 402 usuam
896 349 948 402 aru
972 350 1033 403 811.
1052 314 1162 402 :uas
1324 365 1326 368 ·
1484 348 1536 401 rus

229 495 271 560 ad
292 516 342 560 me
370 497 498 580 seripsit
524 497 608 562 iutra
627 498 688 562 XV
709 496 787 562 dies.
818 497 940 576 §retus
967 497 1063 561 habet
1092 497 1268 582 epistolam.
1321 497 1355 561 Si
1376 497 1537 578 Langius¹

229 607 304 663 aute
328 599 386 662 tris
412 619 535 671 menses
560 600 689 683 scripsit
713 598 755 664 de
782 600 938 663 iirtutiuue
964 598 1133 681 culpabili,
1168 597 1308 682 proseuta
1335 617 1437 680 nugas
1463 599 1538 680 egit.

229 701 341 784 Neque
368 702 451 766 enim
484 701 657 766 Eubanus2
686 703 838 767 tacuisset
863 700 904 766 de
933 701 1113 766 infortunio.
1164 701 1235 765 Nox
1262 701 1397 784 impedit
1422 701 1538 764 stilum,

313 803 399 868 Vale.

300 927 481 974 llundsehrifti.
500 928 520 972 F
535 921 582 976 183
602 928 644 975 rol.
659 927 733 975 leur.

982 1008 1008 1046 fl

230 1201 308 1268 312.
332 1201 376 1273 di.
399 1220 444 1268 arr
469 1202 604 1268 Urbarr.
979 1200 1111 1288 (diutim
1123 1202 1219 1268 1513.
1252 1201 1351 1267 lindu
1374 1201 1536 1287 August.)

301 1348 361 1395 Mut.
380 1349 513 1405 beriehtst‚
531 1348 588 1394 dass
606 1361 633 1393 er
651 1348 700 1393 duri
721 1347 850 1394 llurebord
868 1334 893 1393 'v.
909 1347 932 1394 d.
947 1347 1063 1394 Martheu
1082 1350 1213 1408 gugeisaelt
1232 1348 1283 1394 urrd
1302 1347 1350 1394 deu
1361 1348 1474 1408 Putrejus
1493 1347 1536 1394 be-

230 1421 339 1477 auitragt
358 1419 431 1476 habe,
450 1419 548 1465 Biiuher
566 1419 739 1477 arrszuspiirurr.
776 1419 809 1463 Er
828 1419 898 1475 horst,
918 1419 974 1464 dass
994 1420 1059 1464 auch
1070 1419 1155 1489 Uriturr
1173 1419 1226 1465 sich
1244 1417 1325 1465 dieser
1335 1418 1448 1478 Auigabe
1467 1419 1538 1464 nieht

184 1489 202 1516 ⁴
231 1489 362 1536 errtzieireu
381 1489 471 1535 werde.
506 1492 547 1535 An
567 1489 723 1547 Eugelmsnn
743 1488 807 1534 habe
827 1503 854 1534 er
871 1489 924 1534 eiulr
945 1489 1043 1535 Urbane
1062 1489 1188 1535 Wunsehe
1206 1493 1300 1548 gemdss
1317 1489 1455 1548 gewendet.

312 1600 496 1674 Reverendo
517 1616 549 1672 et
568 1599 711 1692 spectato
724 1607 807 1690 patri
819 1606 956 1672 Hemieo
970 1606 1136 1689 Urbano,
1159 1608 1310 1690 magistro
1332 1617 1363 1672 et
1379 1627 1538 1688 eeouumrr,

231 1713 334 1776 amieo
354 1709 542 1794 dignissimo
564 1711 725 1775 Mutiauus
742 1709 849 1775 Rui'us.

311 1813 414 1878 Salus.
460 1811 636 1879 Hereburdi
664 1813 780 1876 i'ustum
809 1817 842 1876 et
870 1811 1190 1897 nocituramproeul¹
1214 1810 1312 1876 dubio
1347 1813 1537 1877 iaetanuiam

231 1916 449 1997 castigamusss
491 1915 562 1978 Non
583 1923 688 1980 autem
701 1907 893 1978 incurrerem
913 1915 945 1978 iu
967 1933 1037 1979 eum
1060 1913 1226 1979 verborum
1249 1914 1404 1995 libertate,
1426 1915 1454 1978 si
1474 1935 1538 1980 nun

231 2018 412 2082 carissimus
433 2026 464 2081 et
486 2017 642 2101 politioris
666 2015 815 2081 dictionis
841 2015 1001 2082 studiosus
1025 2023 1118 2080 esset.
1166 2015 1290 2082 Petreio
1320 2015 1537 2082 literatissimu

174 2173 178 2178 .
231 2119 403 2184 iuventutis
424 2126 456 2184 et
476 2119 577 2184 tucius
596 2118 796 2200 antiquitatis
816 2117 1034 2184 amantissimo
1058 2119 1171 2184 (lamus
1192 2136 1262 2192 eam
1276 2118 1482 2200 provinciam,
1503 2124 1539 2181 ut

230 2222 328 2286 libros
348 2221 484 2302 vestiget
497 2227 528 2285 et
549 2226 623 2284 unte
644 2220 750 2285 omnia
771 2221 849 2283 iuris
869 2221 1107 2284 tundamentum
1129 2219 1251 2284 minimi
1273 2220 1422 2304 uolueris,
1444 2219 1538 2303 quale

231 2323 535 2407 nuperAsueusius⁴
557 2323 740 2404 invulgasse
761 2321 885 2387 dieitur.
927 2322 1132 2402 Nondubito,
1154 2323 1229 2402 quin
1251 2331 1283 2388 et
1298 2321 1539 2404 tuaprudenuia

231 2427 305 2490 nevi
327 2425 479 2507 quiddam
498 2431 591 2490 emat.
635 2425 824 2489 Balborum⁵
845 2443 943 2508 opera
971 2445 1033 2490 nou
1063 2423 1207 2508 equidem
1235 2425 1362 2488 omniuo
1388 2423 1537 2508 despitiu,

231 2527 286 2596 sed
314 2530 422 2594 uesuiu
448 2526 604 2609 quomodo
630 2527 832 2593 doctissimus
860 2528 993 2608 quisque
1020 2527 1200 2591 contemnit.
1242 2525 1408 2606 Musardo,
1436 2527 1536 2610 philo-

231 2631 330 2715 sopho
352 2652 414 2696 non
437 2630 721 2711 vulgari-gratum
743 2630 853 2694 faeitu:
880 2628 980 2694 i'auier
1002 2637 1121 2712 autem,
1149 2630 1177 2693 si
1196 2629 1306 2695 literas
1326 2649 1414 2694 meas
1436 2637 1537 2694 traus-

232 2735 363 2798 miseris.
405 2733 547 2798 sabbato
569 2752 631 2797 nun
652 2731 809 2796 affuerunt
827 2732 933 2796 vestri.
975 2731 1145 2810 Mandasti,
1166 2739 1202 2795 ut
1215 2731 1470 2814 Engelmannum
1493 2733 1537 2794 in-

231 2857 387 2901 vocarem.
431 2835 601 2920 imploravi
622 2841 661 2904 et
685 2835 842 2915 quianon
864 2833 985 2898 recedit
1007 2853 1027 2898 a
1048 2833 1135 2915 vulgi
1156 2833 1368 2917 opinionibus,
1392 2833 1539 2915 vulgaria

231 2946 353 3002 tautum
374 2939 534 3003 succincte
552 2937 691 3018 narravi,
713 2936 795 3018 quud
817 2945 901 3000 esset
917 2955 1039 3000 summa
1050 2936 1174 3017 negueii
1199 2934 1258 3000 tibi
1280 2935 1378 3020 probe
1399 2938 1536 3018 cognita.

233 3040 317 3117 Quid
338 3039 464 3105 Lotiani
494 3046 626 3120 egerunt
650 3040 682 3102 in
704 3037 949 3102 Huekirehen?⁶
991 3039 1045 3102 Sic
1067 3037 1153 3100 maia
1173 3036 1298 3102 radiees
1323 3038 1418 3104 altius
1443 3039 1537 3103 arbur

232 3143 331 3224 agiti.
372 3143 444 3207 Tua
464 3141 606 3224 dignitas
627 3140 708 3205 heile
728 3140 842 3205 valeat.

302 3288 483 3335 Hundsuhrifti.
503 3287 585 3334 F184
604 3286 644 3333 iol.
657 3285 723 3332 isar

179 3512 183 3518 ’
297 3509 471 3569 luohannes
492 3515 601 3586 Lange,
628 3515 677 3568 der
704 3518 798 3584 spiiter
825 3531 854 3568 su
883 3514 980 3568 intime
999 3513 1109 3568 Freund
1132 3513 1254 3568 Mutiaus
1281 3515 1337 3568 und
1362 3513 1537 3569 Reformuior

232 3613 286 3648 von
298 3595 399 3650 Erfurt.
440 3595 532 3650 Ueber
551 3594 600 3647 ihn
621 3594 736 3648 haudelt
755 3593 928 3648 arrsfiihrlieh
950 3593 986 3649 H.
1007 3594 1040 3647 A.
1062 3593 1180 3648 Erlrard:
1201 3593 1470 3666 Uebe1·liefe·.·ungen
1490 3614 1538 3649 aur

231 3675 472 3730 vuterldndisuhen
493 3674 663 3730 Geechiehte
683 3675 754 3729 alter
772 3675 829 3728 und
850 3690 936 3729 neuer
958 3675 1060 3729 Zeiten.
1110 3673 1160 3728 Bd.
1172 3673 1193 3730 I.
1217 3674 1317 3730 Heftl.
1337 3674 1364 3729 S.
1378 3675 1496 3736 6-86,

178 3776 186 3788 ·
294 3752 308 3794 2
327 3755 366 3808 Er
384 3774 440 3810 war
459 3755 511 3810 seit
521 3755 658 3825 Friihjuhr
670 3755 746 3808 1513
769 3774 819 3809 aus
830 3756 966 3810 Preusseu
988 3754 1093 3809 zuriiek
1104 3755 1160 3808 und
1171 3755 1270 3828 meilis,
1291 3757 1327 3810 ds
1337 3755 1406 3810 erin
1416 3755 1537 3811 Witte'n-

217 3837 308 3955 ‚berg³
323 3835 389 3969 {ihs
410 3835 632 3969 gntgrgrgmmeu
653 3836 730 3891 hatte
751 3833 844 3924 iinden
864 3835 987 3902 kiinnen,
1009 3853 1057 3888 aur
1079 3835 1139 3890 Zeit
1159 3837 1232 3918 noeis
1252 3837 1281 3890 in
1302 3836 1453 3891 Frankfurt
1468 3855 1493 3894 a.
1507 3835 1537 3892 Ο.

354 3935 392 3987 g.
436 3935 459 3969 r.
533 3958 538 3971 .

293 3991 392 4068 4Vgl.
413 3995 529 4050 132258
549 3995 574 4051 S.
587 3995 647 4050 340
667 3997 749 4051 Anm.
762 3996 787 4052 5.
910 4009 913 4016 ⁴

292 4071 307 4116 ὗ
327 4076 515 4147 Hieronymus
536 4077 592 4130 und
613 4077 764 4132 Juhaunes.
804 4075 867 4148 vgr.
888 4077 973 4144 Huin,
992 4077 1186 4149 Reperturium
1206 4075 1252 4131 Nr.
1269 4075 1488 4132 2248-2269.

293 4151 307 4195 ⁶
327 4156 394 4228 V‘gl.
414 4156 460 4211 Br.
477 4155 515 4210 49
537 4157 564 4214 S.
576 4156 612 4210 63
634 4154 719 4214 Anm.
732 4157 759 4211 4.
1470 4151 1474 4156 ’

295 4233 307 4276 ⁷
329 4235 408 4307 Ovid,
428 4237 563 4292 Remedia
582 4237 685 4292 amoris
702 4255 728 4293 v.
746 4237 811 4293 106.
884 4307 887 4312 Ι
