3625 5192
701 364 790 423 Brlele
809 370 929 425 Mutiuns
948 370 988 425 74.
1447 371 1498 426 105

194 516 433 598 excusantibus,
460 536 552 599 quem
574 518 714 583 maribus
734 517 825 601 prodi
847 520 938 584 nelias
959 526 1057 592 esset,
1085 520 1228 585 Amulius
1250 520 1338 584 uxori
1360 520 1500 597 mandat,

195 628 228 684 ut
253 620 390 701 puellam
418 600 581 701 observet',
612 627 678 685 tum
706 640 781 685 vero
810 640 867 705 per
892 640 962 685 eam
990 621 1092 688 l'actns
1121 621 1236 687 certior
1256 622 1376 686 Rheam
1407 622 1498 687 lliam

195 721 361 804 gravidam
384 742 454 786 esse
475 742 533 788 uec
555 723 618 787 ianr
640 721 753 788 abesse
775 723 1028 808 proculapartu,
1049 743 1090 788 ne
1107 724 1189 789 clam
1212 731 1299 788 utero
1318 724 1500 803 solveretur,

196 824 342 889 custodes
363 824 512 909 apponit,
532 823 606 889 dum
628 844 698 890 eam
719 824 857 892 deterret
876 825 918 889 ad
941 826 1101 911 populum.
1142 826 1345 892 Multitudine
1366 824 1501 890 indeed

195 928 377 993 concionem
399 934 513 992 vocata
537 926 676 1010 puellam
703 934 738 991 ut
758 927 910 992 incestam
941 936 1150 1012 parentesque
1175 928 1261 995 velut
1291 926 1402 993 incesti
1428 918 1500 992 con·

194 1030 277 1095 scios
297 1034 427 1094 accusat
446 1028 597 1111 iubetque
614 1029 694 1094 inibi
707 1049 764 1113 pro
779 1030 1065 1096 contionecausam
1088 1030 1204 1095 dicere.
1246 1030 1295 1094 Ad
1306 1048 1346 1095 ea
1355 1029 1502 1094 Numitor

193 1152 309 1197 novam
330 1150 365 1198 se
385 1130 496 1197 andire
517 1131 657 1197 fabulam
678 1132 819 1216 prelatus
840 1132 921 1198 nihil
944 1132 1062 1198 habere
1086 1152 1121 1197 sc
1140 1131 1314 1216 respoudit,
1338 1130 1422 1214 quod
1444 1150 1501 1215 pro

192 1235 260 1299 lilia
280 1240 312 1300 et
332 1235 399 1299 suis
421 1242 527 1317 posset
547 1234 664 1310 dicere,
690 1236 722 1299 iu
745 1255 826 1300 novo
848 1235 995 1317 crimine,
1023 1234 1107 1317 quod
1129 1242 1194 1300 tum
1217 1234 1351 1318 primum
1381 1234 1442 1299 sibl
1469 1240 1501 1299 et

193 1337 300 1403 domui
320 1356 377 1402 sue
397 1336 594 1402 obiicerelnr.
636 1338 760 1417 Poscit,
787 1344 822 1403 nt
842 1338 999 1403 adlinet
1020 1356 1117 1403 uxore
1138 1337 1261 1403 discere
1286 1336 1397 1417 liceat,
1424 1336 1501 1419 quid

194 1438 300 1521 probri
321 1436 354 1503 id
366 1443 458 1515 esset,
471 1446 536 1503 tum
550 1459 632 1520 vero,
651 1440 678 1504 ei
691 1440 784 1525 culpa
795 1441 884 1520 assit,
898 1440 1031 1505 liberum
1044 1460 1078 1505 se
1095 1440 1161 1522 regi
1174 1445 1207 1504 et
1221 1439 1337 1523 populo
1348 1438 1499 1504 iudicium

190 1542 232 1606 de
252 1560 338 1607 care
359 1541 594 1625 permissurum.
636 1544 763 1608 lntcrea
784 1544 953 1609 nunciatur
963 1542 1107 1623 geminos
1129 1541 1242 1607 exIlia
1264 1560 1378 1626 pueros
1399 1546 1500 1605 natos.

192 1644 321 1709 Publice
342 1644 450 1727 itaque
471 1643 647 1721 damnatur,
669 1651 703 1710 ut
725 1645 825 1728 virgis
845 1645 1019 1731 priusceaa
1031 1652 1205 1719 necaretur,
1225 1644 1324 1728 pueri,
1342 1643 1396 1725 qui
1412 1662 1501 1709 exea

193 1746 259 1811 nati
281 1752 395 1827 esseut,
418 1746 568 1811 Romulus
595 1757 628 1811 et
649 1747 781 1830 Remus,
808 1749 840 1812 in
862 1747 1068 1833 profluentem
1095 1746 1345 1815 abiicerentur.0
1370 1746 1500 1811 nimium

193 1848 487 1915 crudeliscensnral
529 1849 676 1927 Vestalis,
687 1851 715 1916 ei
730 1852 907 1935 petulanter
917 1849 1112 1933 deliquisset,
1131 1848 1500 1933 verberabatnraponti·

192 1951 260 2032 lice,
273 1951 300 2016 si
310 1952 432 2017 incesta
440 1951 561 2031 luisset,
571 1972 638 2018 mos
648 1952 717 2034 tuit,
729 1962 762 2018 nt
772 1953 848 2017 viva
858 1952 1068 2019 deluderetur.
1099 1952 1226 2017 Iudicat
1238 1952 1295 2016 lroc
1304 1950 1499 2017 luvenalisl:

192 2055 376 2137 „Sanguine
412 2054 517 2119 adhuc
547 2055 622 2119 vivo
649 2062 763 2121 terram
789 2055 934 2121 subitura
961 2056 1137 2121 sacerdos“.
1189 2054 1288 2119 Lucio
1315 2053 1442 2119 Pinario
1470 2058 1502 2117 et

193 2157 305 2222 Publio
327 2158 446 2223 Εἰιτίο2
467 2156 649 2223 consulibus
673 2157 829 2223 Urbima?
866 2158 1005 2223 Vestalis
1034 2157 1147 2224 incesti
1173 2156 1319 2221 convictu
1344 2157 1421 2221 viva
1453 2160 1502 2220 est

194 2260 328 2325 delossa.
372 2260 450 2325 Item
471 2278 509 2326 eo
530 2261 642 2337 annul,
668 2278 731 2342 quo
751 2260 850 2326 creati
880 2266 953 2325 sunt
974 2259 1119 2326 musuleo
1140 2260 1181 2324 ll.
1203 2258 1341 2336 Fabius,
1369 2256 1502 2323 (lenonis

193 2364 299 2440 irater,
320 2371 352 2428 et
371 2363 405 2427 L.
422 2362 574 2444 Valerius,
584 2362 685 2428 Marci
697 2362 791 2443 filius,
809 2362 838 2427 is
851 2364 905 2446 qul
918 2362 1063 2429 Caesium
1074 2368 1122 2429 ter
1143 2362 1303 2427 consulem
1327 2360 1499 2436 accusavit,

194 2464 280 2549 Opia
292 2464 432 2529 Vestalis
452 2465 566 2530 incesti
588 2464 740 2530 damnata
751 2474 809 2530 eat.
852 2464 894 2529 M.
905 2465 1031 2530 Tullius
1040 2466 1074 2531 P.
1087 2464 1199 2531 Clodio
1210 2463 1327 2529 sororis
1347 2464 1500 2527 incestum

193 2566 338 2646 obiecit4,
367 2584 429 2631 non
458 2572 563 2632 tamen
591 2586 690 2651 penas
716 2567 832 2632 luebat.
886 2568 954 2633 lovi
987 2568 1107 2652 optimo
1134 2566 1271 2633 maximo
1299 2566 1411 2631 eadem
1442 2566 1502 2631 l'uit

193 2667 280 2735 soror
300 2676 332 2735 et
352 2670 489 2734 coniunx
510 2678 543 2735 et
572 2679 677 2735 tamen
705 2690 761 2754 pro
787 2690 909 2736 summo
930 2670 1031 2736 cultus
1051 2676 1100 2735 est
1123 2668 1191 2734 deo.
1234 2668 1333 2735 Cesar
1354 2667 1503 2751 Caligula

193 2791 263 2836 cum
285 2772 386 2837 tribus
406 2772 567 2838 sororibus
585 2771 737 2851 Drusilla,
758 2772 852 2837 Livia
872 2779 905 2837 et
922 2772 1102 2857 Agrippina
1122 2772 1223 2854 stupri
1244 2770 1501 2837 consuetudinem

193 2873 290 2939 lecil⁵
315 2883 347 2940 et
373 2881 478 2940 tamen
506 2874 566 2939 fuit
594 2874 751 2958 impunita
771 2874 897 2941 feditas.
950 2874 1030 2953 Quis
1054 2874 1181 2939 dubitat
1207 2875 1295 2957 leges
1324 2892 1394 2938 ease
1420 2873 1501 2938 telus

193 2996 395 3057 aranearum,
423 2984 457 3042 ut
481 2976 584 3058 inquit
604 2976 734 3060 sapiens
761 2975 815 3042 ille
836 2975 998 3058 Schytal?
1038 2976 1162 3043 Tenent
1188 2974 1311 3040 infirma
1338 2974 1501 3055 animalia,

194 3079 387 3162 potentiores
406 3098 468 3143 non
489 3079 602 3163 ligant.
645 3078 732 3160 „Dat
749 3078 877 3143 veniam
897 3078 1012 3160 corvis,
1034 3085 1130 3145 vexat
1143 3096 1276 3145 censura
1288 3076 1500 3142 columbas⁷“.

194 3180 327 3245 Misenus
338 3180 434 3247 Veste
446 3180 608 3245 ministras
619 3182 826 3247 circumvenit
840 3189 875 3245 nt
887 3200 1007 3246 aranea
1018 3200 1152 3247 muscas.
1184 3179 1315 3246 Publius
1327 3179 1500 3259 Liciniusl,

194 3282 336 3367 pontifex
357 3283 523 3363 unanimus,
546 3282 706 3349 Vestalem
728 3282 894 3365 virginem,
916 3284 1001 3366 quod
1023 3283 1161 3365 quadam
1184 3290 1276 3347 nocte
1297 3300 1407 3364 parum
1430 3279 1500 3346 dili·

194 3404 274 3464 gens
296 3385 395 3449 eterni
417 3385 503 3467 ignis
514 3390 618 3450 custos
629 3386 750 3466 luisset,
768 3383 879 3468 flagris
891 3386 1070 3469 castigavit.
1112 3386 1343 3465 Emilielvero,
1364 3383 1501 3447 manime

192 3488 337 3569 virginis,
363 3487 593 3571 negligentiam
614 3488 754 3554 extincto
774 3488 842 3570 igni
864 3494 964 3552 tutam
987 3489 1028 3553 ab
1046 3490 1131 3552 omui
1149 3486 1392 3571 reprehensione
1408 3484 1502 3550 Veste

197 3608 312 3653 numen
336 3590 482 3671 prestitit.
524 3590 594 3667 Qua
615 3589 769 3655 adorante
790 3610 860 3654 cum
884 3591 1063 3671 carbasum,
1086 3608 1182 3672 qnam
1197 3586 1502 3673 optimamhabebat

194 3691 296 3756 ioculo
317 3692 529 3775 imposuisset,
540 3692 643 3757 subito
654 3692 740 3775 ignis
751 3693 889 3758 emicuit.
933 3691 1082 3757 Eiusdem
1092 3689 1502 3769 Vesteauxiliouueeieew

193 3793 327 3876 virginis
348 3792 493 3874 Vestalis,
520 3794 632 3859 incesti
656 3794 797 3859 criminis
823 3813 875 3859 ree
905 3794 1037 3859 castilas
1064 3794 1194 3859 inlamie
1224 3793 1307 3857 nube
1332 3792 1502 3857 obscurata

191 3896 329 3972 emersit,
347 3914 408 3977 que
428 3897 624 3963 conscientia
643 3904 727 3963 certe
739 3896 932 3962 sinceritatis
952 3916 1010 3962 sne
1031 3915 1119 3980 spem
1132 3894 1243 3961 salutis
1255 3894 1388 3978 ancipiti
1408 3912 1500 3977 argu-

261 4057 274 4085 Ι
291 4056 317 4101 F
329 4054 426 4104 Tnclie.

255 4354 401 4413 ¹lunenal
420 4358 468 4427 lV,
488 4359 532 4414 10.
615 4356 691 4414 21m
712 4360 797 4416 Juhre
819 4360 877 4415 472
898 4380 922 4415 v.
945 4360 1009 4417 Chr.
1091 4354 1187 4413 ³483
1209 4378 1234 4415 v.
1256 4358 1320 4417 Chr.
1408 4353 1500 4413 4Pro

191 4437 283 4494 Sestio
304 4437 398 4494 XVII.
411 4440 458 4494 39.
551 4434 700 4497 ⁵Suetoo.
721 4439 863 4514 Caligula,
884 4440 933 4496 24.
1036 4435 1246 4495 tenacharsis.
1353 4434 1501 4493 ⁷Iuvenul

190 4519 288 4588 ll,63.
350 4514 513 4574 8Valerius
535 4521 672 4577 llarimus
683 4520 781 4594 1,1.u.
845 4517 998 4579 ‘’Valerina
1020 4520 1158 4579 illusimus
1169 4519 1268 4591 1,1.7.
1334 4516 1501 4579 1⁰vderins

191 4600 330 4660 Maximus
346 4594 425 4673 Vlll,
438 4600 463 4657 l.
475 4598 501 4659 ὃ.
