3625 5192
306 312 358 363 2112
679 307 939 376 Gcschichtsquollen
957 309 1006 361 rior
1024 307 1097 360 Pror.
1115 306 1240 361 Saehsen.

305 493 383 564 567.
406 492 450 558 ll.
473 510 516 557 an
540 489 683 556 lohanu
706 490 836 569 hange.
889 488 1023 573 (liotha
1035 488 1129 559 1516.
1152 488 1328 556 Kururor
1343 489 1372 559 1.
1386 488 1606 573 December.)

376 656 438 703 illut.
468 656 512 701 hat
540 653 592 700 sich
619 668 669 699 von
696 653 792 701 Manius
821 653 882 700 llher
906 655 1005 711 Langos
1032 653 1116 700 reiehe
1142 651 1295 712 griechisehe
1319 652 1464 699 Bibliotholr
1495 654 1608 699 eratihlcn

306 730 401 787 lusson,
426 726 453 771 iu
476 725 583 771 welches
606 738 657 769 nun
682 725 746 770 auch
770 724 814 769 tier
836 724 1048 770 neuersehioneue
1071 723 1237 783 Hieronymus
1256 723 1308 769 sich
1334 722 1451 771 botindut.
1493 724 1543 769 Fur
1561 723 1608 769 den

308 796 539 856 zurichgesandtsn
558 794 671 841 arctatus
689 794 788 840 moebto
810 808 837 841 er
857 808 919 853 garn
937 794 979 839 dio
998 794 1124 853 Antiquae
1141 793 1262 840 lectiones
1280 794 1371 840 haben.

387 934 504 997 Sancto
537 930 620 1014 patri
659 930 735 993 lano
773 929 922 1012 Langho,
962 929 1059 1013 priori
1091 931 1278 1010 eremitauo,
1313 930 1381 995 viro
1416 928 1608 1011 doctissimo,

306 1035 408 1099 amieo
430 1032 501 1097 fido.

387 1136 480 1200 Pater
500 1142 624 1214 sancte,
645 1135 754 1199 salvus
776 1136 829 1199 sis.
872 1134 1010 1217 Surrigit
1039 1134 1111 1217 ipsa
1132 1153 1215 1211 sose,
1238 1134 1283 1197 uti
1305 1133 1429 1215 accepi,
1459 1133 1612 1199 referente

308 1240 432 1303 llenio¹
455 1246 487 1302 et
511 1236 607 1321 probo
630 1244 662 1300 et
682 1236 784 1311 doctr),
806 1236 980 1319 parietaria
1001 1236 1137 1300 cubiculi
1154 1236 1347 1300 bibliotheca
1364 1246 1395 1300 et
1413 1235 1611 1299 itasublimis

307 1349 449 1425 apparet,
472 1346 506 1403 ut
520 1334 642 1404 'tectum
662 1339 834 1419 contingat.
863 1338 898 1401 ln
921 1358 960 1402 ea
980 1336 1122 1403 sexcenti
1142 1338 1297 1419 graeculi,
1313 1336 1383 1401 bem
1404 1336 1523 1419 graculi
1544 1336 1612 1401 dor-

308 1443 421 1522 miunt,
450 1442 512 1505 imo
537 1440 673 1521 vigilant
697 1448 790 1521 teque
811 1460 868 1505 suo
891 1430 977 1505 more
999 1439 1169 1521 garriendo
1190 1440 1336 1522 latigant.
1378 1441 1522 1504 Accessit
1549 1439 1612 1505 illis

308 1543 464 1608 mirabilis
491 1548 581 1626 pater
607 1548 690 1605 totus
716 1561 845 1606 severus
873 1549 904 1607 et
927 1562 1021 1625 asper
1043 1542 1193 1616 invicia,
1215 1542 1270 1606 scd
1294 1550 1403 1606 contra
1425 1542 1561 1606 blandus
1581 1548 1613 1604 et

307 1646 415 1711 suavis
437 1664 514 1725 erga
535 1644 604 1727 pios
623 1652 655 1709 et
670 1644 751 1707 hene
765 1644 913 1709 eruditos.
947 1643 1032 1722 Quid
1042 1646 1136 1717 enim,
1157 1644 1278 1727 Lange,
1297 1644 1508 1728 Hieronym02
1521 1644 1608 1707 mira·

306 1748 427 1813 bilius?
479 1746 652 1810 Murmurat
684 1753 717 1809 ut
743 1748 878 1811 rusticus
907 1746 1072 1827 Dalmata,
1100 1746 1247 1811 sedtum
1280 1747 1356 1811 mihi
1388 1746 1514 1811 videtur
1544 1748 1612 1811 eius

306 1851 436 1932 scriptio
458 1849 596 1912 maxime
619 1836 757 1912 iucunda.
781 1856 812 1911 et
839 1848 940 1928 utilis,
962 1868 1033 1913 cum
1053 1848 1136 1912 sevit
1155 1848 1308 1913 ferociter.
1350 1850 1488 1913 Tantum
1509 1849 1612 1930 iurga-

306 1952 377 2015 trici
404 1950 523 2030 tribuo,
551 1950 643 2015 niodo
672 1950 766 2014 docta
794 1951 847 2021 sit,
875 1950 1018 2014 orationi.
1061 1950 1305 2029 Contenderem‚
1333 1960 1366 2013 ut
1391 1970 1511 2014 mecum
1534 1970 1613 2034 opus

307 2072 421 2115 novum
450 2053 711 2133 communicares,
740 2052 801 2115 nisi
830 2060 915 2116 certo
942 2052 1053 2115 scirem
1082 2051 1186 2115 adhuc
1209 2054 1324 2117 sessum
1348 2053 1510 2117 authorem
1533 2072 1612 2133 esse,

308 2156 456 2219 iactatum
491 2156 612 2219 seilicet
645 2160 676 2218 et
697 2154 780 2218 male
806 2161 973 2218 tractatum
999 2174 1107 2219 eorum
1133 2154 1292 2233 manibus,
1324 2155 1377 2237 qui
1409 2153 1528 2234 lavere,
1561 2155 1613 2236 qrri

306 2258 439 2321 vestiare
470 2262 502 2319 et
530 2255 691 2319 cultiorem
720 2255 965 2337 nitidioremque
990 2256 1106 2337 fecere‚·
1141 2263 1175 2319 ut
1202 2256 1370 2320 amabilior
1396 2266 1497 2320 tecum
1525 2256 1613 2321 hahi-

306 2368 394 2423 taret.
435 2357 543 2423 Rediit
564 2358 722 2422 Alzatus.³
769 2358 852 2423 Petit
874 2358 967 2437 idem,
990 2366 1023 2421 ut
1043 2358 1106 2423 sihi
1125 2358 1298 2423 substituas
1320 2358 1507 2423 Lectiones⁴
1528 2360 1610 2423 anti·

306 2456 385 2542 qhas
418 2460 500 2524 illas.
549 2460 655 2540 Nosti,
684 2460 760 2541 qrrid
792 2460 895 2525 velim.
951 2460 1021 2524 Non
1053 2461 1171 2524 lenient
1202 2460 1304 2525 Gotho
1332 2455 1451 2525 tantari
1484 2482 1612 2526 moram.

306 2562 475 2625 Remittam
516 2570 591 2662 ante
621 2562 735 2627 Christi
769 2564 916 2626 natalem.
977 2562 1073 2644 Vale,
1110 2561 1293 2627 doctissime
1319 2571 1352 2627 et
1386 2563 1613 2629 humanissime

307 2664 425 2745 Lange.

1204 2699 1305 2765 Tuus
1326 2699 1530 2765 Mutianus.

376 2874 557 2925 llarrdsehrittl.
577 2874 638 2921 Coll.
657 2874 725 2921 Catu.
746 2874 811 2921 llorr.
832 2876 886 2921 Vol.
901 2876 968 2924 Vlll.
988 2876 1072 2936 op.18
1109 2876 1258 2937 ,lnloprupls

306 3036 506 3043 -—-—-—...

369 3142 380 3185 ¹
402 3147 465 3218 vgl.
488 3145 601 3201 111431
625 3146 652 3201 S.
671 3146 708 3199 89
732 3147 814 3203 Arrrn.
829 3146 855 3201 9.
959 3142 973 3184 2
996 3146 1059 3217 Vgl.
1081 3148 1125 3203 Br.
1142 3146 1200 3201 566
1222 3149 1247 3203 S.
1258 3150 1312 3201 ‘231
1338 3149 1419 3204 Auru.
1435 3152 1459 3203 3.

366 3224 379 3265 ³
401 3226 504 3295 Jurist,
530 3226 651 3298 geboren
682 3226 755 3278 1491
779 3246 811 3279 au
834 3226 939 3281 Alralo.
991 3228 1060 3281 llicr·
1086 3228 1122 3281 ist
1142 3229 1277 3297 gerrreint:
1306 3230 1432 3285 Arulreae
1457 3231 1560 3287 alciati
1583 3234 1612 3287 iu

305 3314 360 3361 tres
379 3308 545 3377 posteriores
566 3308 669 3361 codicis
691 3307 835 3363 Iustiniani
858 3307 1060 3365 annotationes.
1102 3306 1264 3379 Strambai-g
1286 3309 1369 3367 1515.
1414 3311 1475 3382 vgl.
1498 3312 1612 3369 Panzer.

305 3387 376 3440 Ann.
398 3388 512 3457 typvl.
537 3387 581 3440 73.
604 3388 671 3444 383.

365 3462 471 3521 4Lud.
499 3464 586 3521 Caelii
616 3466 766 3539 Rhodigini
793 3468 959 3522 Lectionum
985 3466 1160 3537 arrtiquarum
1191 3463 1255 3523 libri
1285 3470 1361 3523 xvi.
1414 3470 1502 3527 Sicuti
1538 3474 1612 3527 arati·

305 3566 420 3617 quanam
447 3548 598 3601 lectionum
625 3548 838 3601 commentarios
869 3547 1048 3601 eorrciunarat
1076 3547 1142 3601 olim
1169 3547 1277 3603 Vindex
1301 3549 1438 3619 Cesclius,
1470 3553 1510 3606 ita
1536 3572 1612 3609 nune

306 3628 415 3682 eosdem
442 3644 493 3697 per
519 3627 652 3681 incuriam
680 3628 847 3697 interceptos
874 3627 1015 3706 repararit
1042 3628 1110 3681 lirrd.
1131 3626 1196 3683 Cael
1229 3630 1402 3701 Rhodiginus
1431 3632 1458 3685 in
1488 3635 1613 3705 eorporis

306 3726 387 3761 uusm
413 3707 490 3761 velut
516 3709 617 3762 molem
646 3708 767 3779 aggestis
793 3708 913 3777 primum
941 3708 1053 3779 linguae
1073 3707 1217 3779 utriusque
1238 3710 1366 3779 floribus,
1392 3731 1456 3767 mox
1471 3714 1613 3770 »advocato

304 3788 339 3840 ad
366 3792 458 3857 partes
479 3788 610 3852 Platone,
636 3788 702 3841 item
729 3806 762 3841 ac
783 3787 938 3841 Platonicis
963 3788 1093 3842 omnihus
1114 3806 1221 3843 necnon
1243 3790 1394 3845 Aristotele
1414 3811 1447 3847 ac
1467 3794 1615 3850 haereseos

265 3924 276 3943 ι
304 3866 426 3922 eiusdem
450 3868 513 3920 viris
534 3868 603 3935 aliis,
624 3870 671 3922 sed
694 3872 722 3921 et
737 3868 930 3938 theologorum
949 3868 1090 3939 plerisque
1111 3887 1144 3922 ac
1161 3869 1417 3941 iureconsultorurn,
1437 3880 1469 3926 ut
1489 3875 1615 3930 medicos

304 3954 410 4001 taceam
439 3952 467 3999 et
497 3948 633 4001 mathesin
666 3946 812 4016 professos.
866 3948 906 4000 Ex
935 3966 990 4017 qua
1020 3950 1097 4002 velut
1117 3949 1245 4003 lectionis
1267 3950 1408 4022 farragine
1438 3954 1615 4023 explicantur

304 4028 418 4099 linguae
446 4027 549 4082 latinae
570 4028 632 4082 locs
654 4028 861 4098 quadringentis
881 4029 950 4082 hare
971 4028 1103 4099 pauciora
1125 4029 1184 4083 fere
1202 4032 1246 4084 vel
1263 4031 1326 4085 aliis
1351 4033 1457 4088 intacta
1477 4034 1522 4088 vel
1543 4052 1615 4105 pren-

304 4102 539 4178 sicularo'parnm
562 4126 684 4163 excussa.
728 4108 852 4165 Venetiis
873 4108 901 4161 ia
923 4110 982 4163 aad.
1008 4109 1072 4162 aldi
1086 4108 1171 4166 1516.
1198 4110 1278 4168 Febr.
