3625 5192
618 373 707 428 Briele
725 374 845 428 Mutians
863 376 922 432 627.
942 375 1000 428 628.
1020 375 1078 428 629.
1449 373 1501 426 315

197 529 230 586 et
255 523 402 605 apprime
428 522 616 602 importuna
664 522 796 586 Erasmo
825 523 935 587 literas
963 531 1105 588 tantum·
1134 523 1207 587 illel
1236 523 1355 588 tribuit.
1403 522 1504 599 Quasi

197 643 273 691 vero
296 643 408 706 parum
434 624 585 686 laborarit
612 624 645 685 in
672 643 705 704 re
731 624 912 704 theologica
935 625 1026 689 Novo
1048 625 1251 688 Testamento
1280 625 1440 704 recognito
1461 623 1503 686 ad

196 744 344 806 graecam
373 725 539 788 veritatem
568 733 600 790 et
628 734 767 789 veterum
794 727 1044 806 commentarios,
1070 735 1104 790 ut
1132 727 1173 791 de
1193 725 1310 790 libellis
1332 726 1377 789 nil
1398 726 1502 790 dicam

196 845 272 890 vero
292 826 450 907 theologis
472 834 504 890 et
526 826 608 891 belle
629 827 806 909 pumicatis.
847 827 931 904 Quid
952 827 1059 892 multis
1080 829 1182 911 opus?
1214 827 1265 899 lta
1285 822 1412 908 κόρακας
1433 847 1502 892 eum

197 928 320 992 insanis
340 928 413 1009 illis,
434 947 563 1010 quorum
585 947 686 992 mores
707 941 739 991 et
756 930 862 1012 spurci
876 938 909 993 et
920 930 1037 1012 asperi,
1057 930 1159 993 oratio
1168 949 1245 994 uero
1257 929 1401 1010 barbara,
1423 930 1505 993 viru·

197 1030 293 1108 lenta,
315 1029 452 1094 rabiosa.
497 1032 607 1111 ltaque
628 1029 745 1094 babeat
764 1031 827 1094 sibi
850 1031 994 1095 Cberilus
1016 1049 1074 1095 sua
1096 1037 1324 1112 strategemata
1345 1031 1436 1095 bonis
1458 1032 1503 1094 iu'-

198 1133 277 1196 visa.
319 1134 382 1195 Aut
402 1152 462 1212 ego
483 1133 584 1212 l'allor,
605 1140 661 1196 aut
686 1131 830 1197 invident
854 1132 1017 1214 gloriosuli
1044 1132 1254 1197 disertissimo
1277 1133 1425 1211 Ermum,
1453 1133 1502 1196 cui

196 1253 290 1296 nemo
310 1234 373 1297 nisi
396 1233 557 1315 improbus
578 1253 640 1297 non
662 1235 754 1298 lavet.
784 1233 865 1298 'l‘am
882 1234 984 1298 duleis
1006 1243 1054 1298 est
1070 1233 1203 1298 eruditio
1218 1235 1354 1316 stylique
1369 1235 1503 1318 phrasis.

198 1336 356 1418 Scriptum
378 1343 436 1415 est,
459 1335 604 1399 Ecbane:
626 1330 687 1416 „nt
706 1333 840 1418 coctae
861 1333 989 1418 ἀγαθῶν
1010 1329 1153 1416 ἑτάροις.“
1196 1335 1236 1398 st
1255 1337 1300 1400 sie
1321 1339 1433 1400 fratres
1454 1357 1503 1401 su-

198 1456 267 1500 mus
287 1435 371 1498 κατὰ
391 1432 448 1509 τὰς
467 1432 582 1520 γραφὰς
631 1437 792 1501 Poeticum
813 1438 976 1518 ingenium
999 1437 1106 1508 babes,
1131 1436 1189 1501 sed
1210 1456 1322 1501 sanum
1344 1446 1377 1501 et
1393 1439 1503 1502 bones

198 1547 263 1602 tum
285 1546 317 1602 et
337 1538 506 1604 heroicum.
548 1539 647 1615 Quem
669 1545 703 1600 tu
723 1537 919 1602 momordisti
941 1557 1043 1619 aequo
1065 1538 1231 1602 licentius?
1252 1539 1420 1603 Gratulare
1431 1547 1503 1604 tuae

196 1640 405 1721 simplicitati,
427 1639 591 1722 modestis,
613 1640 764 1722 facundie
775 1640 1043 1722 tranquillissime.
1076 1640 1193 1704 Omnes
1206 1639 1321 1704 literati
1335 1647 1366 1704 te
1386 1647 1503 1721 amant,

119 1823 122 1827 ¹
198 1743 340 1807 carmina
357 1741 468 1822 legunt
488 1740 624 1805 libenter
645 1749 677 1806 et
697 1741 845 1823 copiamb
871 1747 967 1822 atque
994 1742 1127 1805 nitorem
1157 1741 1189 1804 in
1218 1741 1281 1805 illis
1308 1741 1503 1806 adorirentur

197 1853 231 1909 et
256 1843 451 1926 praedicant.
498 1843 621 1920 Quibus
647 1863 708 1924 ego
735 1862 817 1906 nunc
844 1842 976 1922 adiicio,
1004 1849 1038 1906 ut
1063 1841 1145 1906 alias
1172 1861 1311 1927 semper,
1332 1843 1503 1930 candidum

197 1945 296 2026 (quod
317 1947 419 2020 aiunt)
440 1944 603 2009 caleulum.
646 1945 732 2009 Bene
752 1945 834 2010 vale.
877 1945 1012 2027 Raptim.

280 2047 385 2113 Pridie
408 2047 482 2111 ldus
503 2048 708 2129 Septembris.
751 2046 874 2111 Gothae
894 2046 1061 2111 MDXXV.

268 2171 343 2218 uter.
365 2170 388 2228 r)
409 2171 469 2217 sos.
490 2170 614 2221 sassi...
633 2186 673 2230 ep.
693 2173 750 2218 ram.
770 2187 794 2231 p.
807 2169 954 2219 ass-ass.
992 2171 1017 2228 2)
1036 2173 1077 2220 sa.
1097 2171 1458 2232 n01.0p.um.s.ru-ra.

270 2272 281 2297 ¹
300 2278 334 2323 'l'a
353 2281 451 2322 tantum
471 2275 565 2322 literas.
636 2259 692 2322 bet
711 2276 808 2336 copiam
827 2284 904 2336 atque
922 2276 949 2323 ui
961 2278 1028 2336 salut
1045 2277 1082 2323 bei
1101 2278 1142 2326 Te.

202 2535 284 2606 tae.
306 2535 351 2602 ll.
373 2554 418 2601 run
440 2535 546 2601 clneu
569 2534 841 2602 Urubelmunteu.
945 2482 950 2492 Ι
1173 2535 1306 2621 (Gotho
1458 2539 1503 2621 (l)

269 2658 335 2707 blut.
360 2661 482 2706 kritisicrt
505 2661 546 2706 die
570 2660 705 2706 kleinliche
728 2662 775 2705 Art
799 2660 849 2704 inid
870 2661 969 2718 Weiss,
998 2661 1024 2706 iu
1045 2663 1151 2706 welchur
1169 2661 1296 2708 bisweilen
1318 2662 1504 2708 lliclrterworlse

198 2732 294 2777 erklilrt
318 2731 418 2776 werdon
437 2731 488 2776 und
508 2731 602 2776 fordert
621 2730 669 2776 den
688 2730 839 2776 Adressuten
859 2731 908 2790 sul,
927 2731 953 2775 in
973 2729 1066 2776 sulutem
1085 2729 1229 2791 Aulspt'tren
1251 2747 1299 2778 von
1319 2733 1426 2778 l'ehleru
1446 2733 1504 2778 lort-

197 2802 326 2852 zusabreu.

278 2897 482 2963 Enarratori2
513 2897 643 2963 loannis
671 2897 847 2980 Baptistae,
876 2897 959 2962 uatis
987 2897 1153 2963 clarissimi
1189 2898 1221 2960 in
1252 2896 1327 2962 ludo
1355 2898 1503 2964 literario.
1538 2977 1542 2986 Ι

198 3001 230 3064 S.
254 2999 293 3061 D.

279 3101 366 3182 Lege
390 3104 543 3182 profusos,
565 3101 611 3165 ita
629 3101 712 3164 enim
734 3101 862 3183 scripsit
883 3109 985 3182 poeta,
1008 3100 1189 3165 admirabili
1213 3102 1262 3164 vir
1282 3101 1452 3180 ingenenio
1473 3111 1505 3168 et

197 3203 344 3285 inprimis
361 3203 521 3283 eloquens.
552 3203 615 3266 Sed
636 3220 794 3286 pressores
811 3223 921 3285 perum
935 3203 1105 3284 diligentes
1126 3209 1248 3267 errant·
1269 3202 1310 3266 ab
1322 3203 1505 3286 archetypo,

197 3323 328 3386 quorum
357 3305 516 3367 inscitiam
544 3304 652 3367 multis
678 3304 772 3384 loeis,
799 3305 826 3368 si
853 3304 1079 3386 introspexeris
1105 3323 1247 3382 carmen,
1277 3303 1505 3388 deprehendes.
1589 3357 1595 3367 .

198 3405 313 3484 „Hanc
334 3412 457 3469 veteres
481 3406 612 3470 urbcm“
641 3413 673 3469 et
700 3424 784 3487 quae
810 3412 982 3489 sequuntur
1009 3427 1064 3472 sex
1092 3426 1201 3471 versus
1222 3407 1300 3470 satis
1321 3414 1394 3471 sunt
1418 3407 1504 3470 clari.

197 3507 285 3583 Quid
309 3507 439 3589 prodest
460 3506 564 3570 inanis
585 3507 786 3572 construendi
808 3507 922 3572 labor?
962 3510 1004 3572 At
1018 3507 1143 3572 videtur
1163 3509 1378 3590 grammaticis
1400 3528 1505 3574 neces-

197 3609 309 3673 sarius.
352 3609 430 3672 blibi
452 3608 554 3682 crede,
577 3627 639 3672 non
661 3616 724 3670 tam
746 3609 878 3692 expedit
898 3629 993 3690 quam
1014 3610 1149 3693 impedit
1175 3618 1206 3674 et
1228 3629 1391 3693 puerorum
1417 3612 1505 3693 inge-

196 3711 252 3773 nia
276 3711 390 3774 melius
410 3709 483 3772 aliis
512 3717 662 3774 vacatura
687 3710 834 3774 retardat.
878 3711 1029 3790 Fallitur,
1055 3711 1198 3793 quisquis
1226 3712 1279 3798 ille
1308 3718 1373 3792 est,
1403 3712 1501 3795 quia
1597 3749 1599 3754 ·

197 3812 341 3876 verbosis
362 3811 595 3876 commentariis
617 3810 713 3874 latum
735 3830 880 3892 uirguem·
893 3811 1057 3877 discedere
1077 3813 1168 3877 netas
1179 3831 1248 3877 esse
1260 3821 1357 3896 putat.
1399 3814 1506 3880 Relin-

197 3922 275 3994 quat
297 3913 439 3978 literator
459 3912 592 3977 idoneus
613 3913 676 3975 ista
705 3911 808 3976 lexiea
831 3933 905 3978 vere
928 3914 1065 3980 bullatas
1086 3933 1196 3996 nugas.
1238 3915 1314 3979 Sola
1336 3916 1506 3980 emendata
1517 3967 1526 4006 ·.

269 4037 282 4066 ²
300 4045 333 4091 l'z
351 4049 431 4091 erant.

199 4183 328 4191 1—-.--
336 4183 397 4190 --ι

262 4266 272 4308 ¹
297 4270 351 4324 llic
372 4270 488 4340 eifrigen
512 4269 636 4323 Erfurtor
657 4270 837 4336 Lutlreraner,
857 4290 892 4324 an
915 4273 989 4326 ilmor
1011 4273 1355 4344 SpitzeLuoge,wollte11
1377 4275 1404 4328 iu
1427 4275 1504 4330 Eras-

198 4368 262 4402 mms
293 4350 393 4404 keiruen
422 4351 530 4403 wahren
553 4349 715 4420 Tbeologeu
742 4351 842 4418 seheri,
869 4353 931 4406 weil
959 4371 988 4406 ar·
1011 4355 1070 4408 sich
1096 4373 1127 4406 zu
1156 4356 1219 4407 sehr·
1240 4373 1293 4407 vou
1316 4355 1374 4408 rein
1397 4356 1504 4408 wissen-

199 4430 394 4484 schaftlichem
407 4430 544 4482 Interesse
566 4430 748 4482 beherrschen
770 4431 847 4484 lasse.
889 4431 933 4485 Ob
945 4433 1040 4503 Lsrrgc
1062 4434 1154 4488 selber
1174 4435 1240 4488 oder
1259 4452 1310 4488 ntur
1325 4435 1402 4488 einer
1415 4436 1506 4490 seiner

196 4509 353 4580 Anhiiugcr
374 4511 437 4564 hier
454 4508 578 4580 gemeint
599 4509 643 4576 ist,
664 4527 739 4562 muss
759 4511 957 4580 dabingestellt
978 4513 1098 4570 bleiben.

261 4586 275 4628 2
297 4589 391 4646 Ueber
408 4591 463 4644 den
484 4589 649 4644 Adressaten
671 4607 746 4662 wege
767 4591 815 4646 ich
835 4591 917 4647 lisine
939 4591 1122 4667 Vermutung.
