3625 5192
330 336 366 387 26
703 335 965 404 Geschiehlsquellen
985 338 1033 391 der
1051 336 1125 392 Pron.
1146 338 1270 393 Saehsem

332 518 386 589 16.
407 518 450 588 ll.
472 538 517 586 an
539 520 675 587 Urbes.
1111 520 1243 605 (Gotho
1263 522 1369 589 1505.
1401 520 1637 610 September.)

402 666 463 713 blut.
490 668 582 714 meldet
609 668 665 714 dens
692 667 790 723 Urban,
818 667 874 713 dass
898 682 925 713 er
949 668 1062 726 Spalatin
1086 669 1203 715 beloblen
1227 669 1303 728 lrabe,
1328 685 1373 716 aus
1399 671 1456 716 dem
1479 676 1637 729 verpesteten

333 736 418 782 Erbrrt
443 738 508 783 nacb
529 737 612 785 Gotba
642 752 672 783 zu
691 738 820 795 kommen,
851 737 958 795 litiudigt
981 738 1035 783 sein
1058 738 1281 785 Niehterseheineu
1305 738 1345 785 bei
1371 740 1419 786 den
1441 740 1640 799 Georgentbaler

333 806 531 854 Fastliehkaiten
558 822 604 867 arr,
632 809 664 854 da
695 822 723 853 or
749 822 781 853 an
805 807 989 867 Bucbanallen,
1016 808 1062 853 wie
1086 809 1212 855 Duronius
1240 810 1291 855 und
1318 810 1388 856 seina
1420 810 1578 857 Zeelrbrrider
1604 810 1640 857 sie

332 875 429 936 liobon,
456 878 549 925 koinun
579 878 694 925 Getullon
721 876 804 925 finden
833 877 918 924 kinnu
950 878 1001 924 und
1031 879 1143 926 erlunert
1169 896 1202 926 ιιιι
1229 879 1271 927 dio
1297 881 1347 927 den
1369 881 1485 941 Fuggern
1512 896 1542 927 zu
1569 881 1640 928 iiber·

332 946 461 1005 gabundun
480 948 569 995 Brielo.

413 1068 549 1134 Heurieo
571 1068 745 1149 Urbano,
774 1087 924 1134 ceunomo
951 1074 983 1133 et
1008 1069 1092 1152 patri
1112 1069 1252 1134 tanrilias
1276 1069 1508 1151 cenobitarum,
1537 1071 1640 1136 amice

330 1171 527 1245 suavissimo,
550 1170 709 1235 Matienus
730 1168 837 1235 Rufus.

412 1278 442 1339 S.
461 1274 534 1339 Seio
555 1280 587 1337 et
608 1278 639 1335 tu
663 1271 735 1352 seis,
757 1272 799 1335 mi
815 1271 956 1353 Urbane,
976 1293 1070 1356 quarn
1092 1274 1212 1339 invitus
1233 1274 1374 1340 senetio¹
1398 1275 1533 1341 recedet.
1574 1276 1639 1341 Sed

331 1397 424 1461 spero
446 1376 606 1441 domiuum
628 1375 777 1439 abbatem
799 1394 979 1440 mansurum
1002 1376 1034 1438 in
1056 1376 1132 1456 lide,
1154 1376 1295 1457 alioquin
1315 1376 1501 1459 Spalatinus
1521 1398 1640 1460 magua

331 1477 544 1545 sollicitudine
565 1475 751 1541 alliceretur.
794 1476 892 1558 Iussi,
922 1482 956 1540 nt
974 1477 1184 1560 Erpbordiam
1211 1478 1402 1559 relinqueret
1429 1487 1461 1544 et
1480 1479 1566 1563 apud
1588 1500 1639 1544 me

331 1581 372 1647 ad
394 1580 533 1646 solemne
554 1578 718 1643 Michaelis
740 1578 914 1660 desideret,
943 1598 1017 1643 nam
1039 1579 1111 1645 istie
1138 1580 1309 1663 pestifere2
1334 1580 1439 1645 febres
1459 1590 1491 1646 et
1511 1582 1640 1646 buloera

330 1682 557 1747 carbunculata
584 1681 736 1765 plurimos
768 1682 958 1747 interimunt.
1001 1682 1067 1747 Nos
1095 1683 1233 1749 olenrens
1261 1682 1361 1748 ambit
1381 1704 1444 1749 aer.
1486 1688 1586 1766 Spero
1607 1692 1640 1749 et

331 1787 363 1851 in
386 1785 584 1851 convallibus
605 1785 668 1849 tuis
688 1784 816 1849 snl‘llare
837 1784 1007 1867 benignam
1029 1804 1149 1849 auram.
1190 1786 1239 1850 Τιι
1260 1786 1348 1851 cibos
1369 1794 1459 1851 aceto
1476 1787 1639 1869 perfunde,

330 1895 452 1953 acetum
481 1886 626 1952 humores
653 1907 715 1951 non
744 1886 863 1972 patitur·
884 1888 976 1953 coire.
1019 1887 1181 1952 Habeatnr
1209 1888 1242 1952 in
1269 1909 1323 1954 ore
1344 1888 1467 1953 uedoar.
1509 1887 1638 1951 Sullitus

330 1988 373 2054 ad
394 1996 425 2053 te
445 1990 577 2055 mittam.
620 1990 655 2053 Si
676 2009 734 2055 sua
755 1990 897 2071 corporis
917 1989 1086 2070 integritas
1107 1988 1315 2071 custodiatur,
1338 1989 1396 2053 boc
1416 1995 1478 2065 est,
1500 2010 1540 2053 ne
1564 1989 1638 2054 bilis

331 2091 380 2157 vel
416 2091 530 2173 pituita
563 2091 730 2173 redundet,
766 2091 846 2157 bene
879 2092 1010 2158 valebis.
1057 2092 1248 2157 saturitates
1281 2104 1314 2156 et
1342 2090 1489 2174 crapulas
1520 2091 1637 2156 devita.

330 2193 433 2259 Dabis
463 2193 540 2258 mihi
573 2195 716 2273 veniam,
747 2195 774 2259 si
807 2194 847 2261 ad
877 2194 1109 2261 dedicationem
1143 2202 1229 2260 tuam
1261 2212 1323 2258 non
1357 2212 1482 2258 venero.
1524 2193 1640 2258 Veniet

330 2304 453 2378 tempus
473 2296 571 2362 musis
592 2303 623 2361 et
643 2296 737 2377 genio
758 2298 887 2377 gratius.
932 2297 1023 2379 Elige
1044 2298 1243 2381 coepulones,
1263 2316 1342 2378 qnos
1363 2296 1548 2379 patriarcba
1567 2303 1639 2360 tuus

330 2396 445 2479 diligit.
487 2398 569 2462 Nam
592 2400 654 2462 ista
677 2398 885 2464 bacchanalia
912 2400 1043 2465 rudibus
1064 2401 1256 2465 conveniunt
1286 2406 1318 2463 et
1344 2419 1437 2482 pares
1462 2418 1532 2463 cum
1556 2398 1638 2481 pari-

332 2498 388 2562 bus
419 2500 513 2564 t'acile
542 2509 782 2583 congregantur.
824 2488 948 2584 Horlor,
980 2524 1020 2567 ne
1053 2511 1213 2585 pretereas
1243 2501 1421 2583 sapientem
1450 2501 1637 2567 Morebum.³

330 2602 440 2684 Neque
461 2603 545 2667 enim
567 2624 636 2667 meo
658 2604 781 2683 iuditio,
802 2604 859 2670 sed
877 2606 1011 2669 aliorum
1033 2604 1168 2670 vocandi
1189 2612 1263 2668 sunt
1282 2604 1425 2669 convive.
1457 2604 1545 2669 Belle
1566 2622 1637 2668 con-

329 2704 453 2787 spirant
474 2706 528 2771 isti
549 2712 612 2772 tros
633 2707 778 2772 canonici
786 2710 809 2787 ,⁴
835 2708 905 2773 sive
926 2715 1037 2792 potare
1057 2708 1137 2772 velis
1158 2708 1227 2773 sive
1248 2705 1365 2771 ludere.
1407 2704 1498 2784 Quod
1524 2705 1565 2769 ad
1586 2724 1638 2770 me

330 2806 452 2887 attinet,
473 2827 558 2888 eura,
577 2828 685 2891 queso,
707 2817 740 2873 ut
760 2810 851 2875 litere
869 2817 975 2875 nostre
997 2808 1184 2873 Fuobariis⁵
1207 2826 1270 2872 una
1290 2828 1360 2871 curn
1383 2808 1444 2871 tuis
1465 2808 1636 2871 mittantur.

329 2906 490 2988 Preterea,
520 2910 546 2974 si
575 2910 652 2992 quiid
674 2931 771 2994 preses
793 2930 842 2975 me
863 2918 926 2992 est,
952 2911 1037 2992 quod
1058 2911 1115 2975 tibi
1143 2916 1197 2974 aut
1218 2909 1350 2974 cenobio
1371 2916 1424 2973 tuo
1446 2910 1547 2993 possit
1567 2928 1637 2973 esse

330 3010 415 3089 usui,
444 3011 566 3097 impera
594 3015 672 3078 milri
693 3014 824 3079 fidenter
848 3022 879 3078 et
900 3014 1062 3078 audenter.
1104 3013 1228 3077 Mittam
1251 3011 1435 3096 propediem
1461 3032 1530 3076 cum
1553 3010 1635 3075 suffi-

330 3114 444 3178 mentis
482 3114 657 3195 libellum,⁶
698 3119 729 3181 in
768 3136 830 3198 quo
863 3135 1057 3197 gemmarum
1088 3115 1226 3179 omnium
1263 3114 1349 3179 notio
1390 3114 1484 3179 l'aeile
1525 3113 1636 3195 depre-

330 3212 425 3279 hendi
456 3223 568 3299 potest.
620 3217 686 3283 Hoc
718 3219 796 3283 mire
829 3218 971 3300 placebit
1000 3216 1126 3293 abbati,
1155 3224 1189 3281 ut
1221 3216 1319 3281 iut'ule
1352 3223 1524 3297 eognoscat
1557 3234 1636 3279 orna

329 3326 445 3383 menta.
490 3318 574 3385 Vale.

399 3462 580 3512 Haudsebriltl.
599 3466 618 3511 F
639 3464 850 3513 s01.2sv--29r.

393 3695 403 3737 ¹
423 3700 481 3754 Der
501 3702 638 3772 bisherige
663 3702 767 3756 Lehrer
787 3702 816 3755 iu
837 3701 1036 3774 Georgeuthal.
1079 3702 1142 3773 Vgl.
1162 3703 1231 3758 iiber
1249 3704 1296 3756 ihn
1316 3702 1362 3756 Br.
1380 3702 1423 3756 17.

391 3775 467 3833 2Ιιιι
501 3782 587 3835 dabre
616 3780 692 3833 1505
723 3784 825 3836 wiitete
862 3782 942 3838 eine,
961 3783 1151 3838 sebreebliebe
1181 3783 1249 3838 Post
1284 3783 1312 3835 in
1340 3782 1450 3848 Erfurt,
1486 3781 1530 3835 die
1563 3780 1635 3835 viele

330 3859 482 3915 Stridentes
505 3862 610 3931 bewog,
631 3860 725 3915 Erfnrt
743 3861 877 3917 aeitweise
898 3881 931 3916 an
951 3864 1098 3918 verlassen.

388 3936 486 4013 ³vgl.
509 3940 552 3994 Br.
568 3942 601 3993 11
626 3942 707 3995 Anm.
729 3938 755 3998 6.

390 4015 403 4059 ‘¹
426 4020 523 4075 Neben
545 4020 676 4075 Moschus
705 4022 739 4075 ist
761 4022 990 4077 wahrscheinlich
1012 4023 1160 4095 Koteling,
1187 4024 1235 4078 der
1260 4023 1315 4077 viel
1336 4023 1387 4075 nsit
1408 4020 1550 4076 Duronius
1577 4038 1636 4074 ver-

329 4100 442 4169 lrehrte,
472 4102 512 4155 als
531 4101 681 4171 geladener
701 4100 771 4157 Gast
797 4103 997 4161 anaunehmen.
1040 4104 1135 4159 Ueber
1160 4104 1213 4159 den
1244 4103 1346 4158 dritten
1371 4100 1535 4157 Kanouiker
1559 4116 1636 4172 uage

327 4182 374 4236 ioh
394 4180 477 4235 lreinc
497 4180 680 4253 Vermutrmg.

390 4256 404 4300 ⁵
425 4261 487 4332 Vgl.
509 4260 553 4315 Br.
570 4261 613 4315 12.
638 4262 682 4317 13.
706 4261 749 4317 14.

389 4336 403 4381 ⁶
424 4340 487 4415 Vgl.
509 4340 553 4396 Br.
566 4340 612 4397 20.
