3625 5192
674 339 934 410 osculansquellen
955 343 1003 397 der
1020 341 1086 397 Prov
1112 343 1228 400 Seehsen

520 494 583 558 Sed
605 504 711 557 temen
733 493 863 557 infoelix
884 494 952 572 regi
977 493 1053 556 dete
1075 513 1167 558 serva
1188 493 1306 558 Polono

428 602 496 663 lllll
520 595 596 662 (lum
622 595 750 677 reliquis
770 597 894 675 misere,
915 595 970 659 sed
992 596 1061 660 sine
1083 596 1154 660 labe
1178 597 1267 660 lueet.

521 700 625 764 Ubere
648 698 731 763 laeta
752 698 820 762 solo
842 699 1009 781 Nogauunr
1031 699 1094 763 situ
1116 706 1243 782 propter
1264 718 1429 764 amoenum

520 802 672 866 Extrueta
693 803 724 864 iu
746 803 839 865 torris
862 821 924 864 non
947 801 1043 865 hebet
1064 820 1136 864 eree
1159 821 1277 883 pereni,

519 905 589 968 Non
610 905 717 987 prooul
743 903 817 967 inde
839 904 919 968 rneis
940 903 1147 984 Riseburgurn
1169 900 1276 966 nobile
1297 901 1397 966 Musis

517 1009 583 1069 Arx
604 1013 695 1070 vetus
716 1008 748 1069 in
770 1025 868 1088 parvo
891 1005 1018 1070 condite
1040 1005 1119 1069 oolle
1140 1005 1231 1068 iuoet.

427 1111 497 1185 115)
519 1107 635 1172 Omnia
655 1109 726 1188 quis
748 1107 885 1172 referat?
906 1106 962 1170 sed
986 1115 1016 1170 et
1037 1107 1125 1187 haee,
1146 1127 1227 1188 quse
1250 1125 1350 1189 puuea
1374 1107 1537 1188 canebam,

517 1211 578 1274 Vix
599 1229 637 1275 ea
659 1218 733 1273 sunt
752 1210 883 1273 minime
905 1215 995 1292 purte
1015 1208 1116 1272 reluta
1137 1208 1224 1272 milri.

517 1313 605 1376 Vivit
625 1313 657 1375 in
681 1313 730 1375 liis
752 1313 857 1392 igitur,
881 1311 992 1375 lrueulo
1015 1312 1068 1392 qui
1090 1312 1209 1394 primus
1231 1312 1347 1392 agresti

515 1417 660 1480 'lentona
682 1414 857 1478 Romanum
879 1413 970 1477 duxit
991 1414 1021 1477 iu
1044 1433 1122 1477 srva
1144 1433 1280 1494 gregem.

513 1521 556 1581 At
577 1525 619 1596 tu,
644 1517 732 1596 Rufe,
754 1537 845 1580 ureae
865 1517 1015 1579 loruretor
1033 1515 1133 1596 prime
1154 1515 1313 1592 iuventae,

421 1617 492 1700 120)
513 1622 572 1684 Per
594 1630 624 1684 te
645 1620 766 1684 vocalis
787 1619 898 1683 debita
919 1622 1004 1682 lerna
1026 1618 1123 1700 lyrae.
1223 1699 1226 1706 Ι

512 1722 595 1800 Quid
619 1723 696 1786 lacit
717 1722 834 1784 unrisso
851 1740 929 1802 grex
951 1720 1129 1784 errabunda
1152 1719 1326 1800 magistro?

511 1824 613 1902 Quaur
635 1826 730 1888 timeo
751 1843 873 1904 saevos,
895 1830 1034 1886 rrronstre
1055 1829 1193 1902 eruente,
1217 1821 1323 1905 lupos!

510 1927 592 2005 Quid
616 1927 692 1990 l'aoit
713 1930 740 1990 is
762 1928 882 2006 merito,
905 1926 954 1988 oui
974 1925 1098 2009 pagina
1120 1930 1226 1986 nostru
1246 1923 1355 1986 dioste
1375 1925 1445 1986 est?

510 2029 569 2092 llei
588 2029 676 2106 mihi,
699 2048 792 2110 quani
816 2047 969 2109 praeceps
991 2036 1098 2090 nostru
1119 2027 1227 2089 nerine
1249 2025 1322 2087 l'uitl

418 2129 489 2208 1211)
511 2131 595 2208 Quid
615 2131 692 2193 nrilri
715 2132 844 2194 mentitu
869 2130 1082 2192 Plrilerenrus¹
1105 2129 1231 2190 nornine
1253 2125 1380 2189 dietus?

509 2232 614 2298 Cessit
636 2252 676 2294 an
695 2234 726 2294 in
750 2251 841 2295 suere
861 2232 945 2295 valle
962 2241 1101 2295 moretur
1122 2229 1249 2292 adhue?

509 2333 591 2411 Quid
615 2334 727 2397 Orotus
749 2334 878 2413 iugenio
900 2334 971 2414 plus
993 2351 1086 2414 quani
1109 2329 1252 2395 floriente
1272 2330 1405 2394 beatus?

510 2437 652 2500 Haerens
675 2435 873 2518 principibus
895 2435 973 2516 quid
994 2435 1180 2518 Spoletinus
1201 2433 1292 2514 egit?

510 2539 637 2602 Nobilis
657 2538 741 2602 huno
757 2539 895 2602 aninrunr
919 2537 1022 2602 Petrei
1045 2555 1120 2600 eura
1142 2536 1306 2617 relinquet,

416 2638 487 2721 1311)
509 2641 586 2704 Cum
608 2640 754 2704 llurnnrae
775 2641 921 2720 glaciem,
944 2659 1013 2703 euru
1034 2638 1125 2703 dubit
1146 2637 1231 2702 unde
1253 2637 1347 2700 leues.

509 2743 623 2820 Vivite,
644 2741 779 2806 delioiae
801 2752 937 2822 nostrae,
959 2742 1032 2806 duur
1053 2750 1157 2806 vester
1178 2739 1298 2804 enrious

507 2845 646 2924 Longius
667 2863 687 2906 a
711 2845 809 2914 vobis,
831 2863 925 2925 quarn
947 2842 1115 2923 decuisset,
1137 2842 1236 2906 abest

441 3023 445 3030 .
505 2945 566 3024 Qui
588 2954 702 3016 temen,
728 2955 762 3010 ut
785 2946 889 3026 vultis,
913 2947 1054 3028 vivitque
1075 2944 1223 3024 valetque
1244 2943 1404 3024 videtque.

506 3053 603 3122 Quam
626 3068 687 3112 uon
705 3049 866 3112 vobiseuur
892 3050 999 3113 vivere
1022 3049 1111 3112 triste
1133 3047 1227 3110 nihil!

412 3153 483 3230 135)
505 3150 604 3228 Quem
626 3170 736 3233 preoor
756 3159 790 3214 ut
811 3151 906 3215 solitu
927 3169 1050 3235 semper
1069 3151 1185 3214 virtute
1207 3147 1328 3228 coletis,

503 3255 576 3336 lpse
597 3254 655 3317 sub
677 3252 736 3316 hoo
758 3254 859 3317 eoiarn
881 3251 996 3336 sydere
1018 3259 1122 3317 vester·
1143 3251 1211 3315 erit.

378 3416 454 3463 Gedr.
480 3411 503 3471 1)
521 3418 546 3460 iu
565 3415 749 3461 llelii·Eobuui
765 3409 770 3475 Ι
788 3414 867 3460 llessi.
902 3411 995 3473 Sylvso
1015 3413 1078 3460 duae
1099 3431 1178 3476 nuper
1194 3413 1198 3477 Ι
1215 3416 1314 3462 auditae
1332 3417 1448 3464 Prussiuo
1472 3419 1496 3462 et
1512 3411 1516 3472 Ι
1532 3417 1609 3462 Amor

305 3487 406 3545 Leipzig
427 3483 498 3533 1514.
528 3483 561 3530 12
579 3485 608 3530 ul
645 3481 682 3532 4¹¹.
719 3484 810 3529 lucido*
834 3484 893 3529 uate
921 3485 959 3528 iel
988 3491 1048 3530 trote
1071 3487 1145 3531 violer·
1172 3485 1399 3546 ll'oelrforuolruupeu
1428 3487 1477 3547 aus
1496 3485 1541 3532 deu
1564 3489 1611 3532 urla·

304 3557 474 3616 zupdnplr'elteu
498 3556 664 3600 Bibliarueton
691 3556 747 3600 boin
774 3555 904 3612 Exemplar
933 3554 1010 3600 dieser
1031 3555 1138 3602 Moches
1163 3557 1295 3614 assequi-eu
1324 3559 1421 3605 luiturum.
1441 3581 1475 3590 -
1495 3557 1522 3616 ’1)
1542 3557 1610 3602 Helii

303 3628 358 3672 Ehe
374 3641 378 3685 Ι
395 3627 420 3671 ui
450 3627 522 3672 llossi
549 3627 680 3684 Syll-urum
711 3625 781 3671 Libri
807 3625 841 3670 vl
857 3621 861 3686 Ι
877 3625 963 3683 Nuper
990 3625 1095 3684 primurn
1121 3627 1198 3672 sedili
1221 3628 1295 3674 Anno
1319 3627 1474 3676 Mnxxxv.
1511 3621 1540 3672 8⁰
1568 3628 1608 3674 sol.

302 3697 421 3744 11181·-
437 3697 535 3742 sle-tv.
576 3696 649 3740 l'user
665 3696 723 3740 Text
742 3696 773 3740 ist
792 3696 890 3740 litoreus
907 3701 1050 3740 rrutrzommcu
1079 3719 1111 3727 —
1131 3695 1156 3748 3)
1178 3695 1286 3755 Operum
1305 3697 1373 3744 Helii
1392 3697 1459 3744 Eobr
1477 3693 1480 3760 Ι
1497 3697 1522 3742 ui
1538 3697 1608 3742 Hessl

304 3766 453 3826 Ferrugiues
472 3768 543 3812 dune.
576 3765 649 3824 1539,
673 3766 737 3810 1549
756 3765 806 3810 virid
830 3765 894 3810 lues
934 3759 963 3808 8⁰
984 3763 1048 3823 (l'pl.
1068 3766 1101 3810 lu·
1123 3763 1169 3810 tls
1188 3765 1277 3811 s22u
1296 3767 1373 3822 Απηι.)
1411 3769 1484 3813 Solita
1501 3770 1548 3812 mir·
1566 3783 1608 3812 ror·

301 3837 345 3881 der
363 3836 517 3895 Becmllgpmp
535 3836 578 3882 des
594 3836 700 3880 Druckes
718 3837 777 3880 uorlr
796 3837 835 3879 eiu
856 3836 985 3894 Iu'xemplur
1004 3851 1048 3880 rou
1068 3833 1082 3880 l
1100 3838 1126 3882 r‘u
1145 3837 1184 3882 die
1204 3837 1290 3882 Ildrule
1308 3839 1434 3896 pet-alluo,
1460 3853 1486 3884 so
1503 3837 1607 3896 periculo

299 3908 338 3952 iel
358 3909 384 3952 iu
402 3908 476 3951 ciuem
496 3905 632 3964 rl'vrelrlruyo
651 3905 691 3949 uie
711 3905 950 3964 lestalnreieumrqeu
970 3905 1014 3950 deo·
1034 3907 1153 3952 rr‘rrzeluou
1173 3907 1297 3964 duspolim
1314 3909 1483 3954 undulatos

381 4135 392 4179 ¹
422 4139 565 4194 llerebord
594 4158 619 4194 v.
650 4139 675 4194 d.
706 4138 842 4193 Marthen.
895 4139 961 4192 Mun
1003 4140 1105 4194 ersielrt
1143 4159 1193 4195 uus
1232 4141 1326 4195 diesen
1370 4141 1502 4207 werten,
1543 4141 1605 4196 dees

297 4221 329 4274 E.
345 4220 450 4275 Hessos
476 4221 538 4274 eine
559 4219 619 4273 Zeit
650 4219 715 4290 lang
741 4219 814 4273 ohne
834 4217 1022 4275 Naohriehten
1052 4237 1101 4274 uus
1130 4222 1190 4275 doru
1223 4221 1350 4276 Erfurter
1373 4221 1604 4276 Freundeskreise

296 4300 443 4373 geblleben
463 4300 507 4354 ist.

847 4477 1049 4486 --—--———
