3625 5192
329 342 380 396 188
700 343 959 412 Gesehiehtsqnollen
978 344 1026 395 der
1047 342 1119 395 Prov.
1141 341 1262 395 Saohson.

330 492 582 557 commodissime
606 491 772 572 gratilioer.
815 492 1001 557 Observabo
1023 492 1218 558 Duroniuml
1248 499 1281 555 et
1309 492 1450 557 testabor
1471 511 1577 554 eoram
1605 496 1636 554 te

328 593 405 657 mibi
429 594 560 677 perinde
582 615 690 659 earum
716 613 796 674 esse,
824 606 921 676 arque
942 594 1030 658 luisti
1051 613 1184 677 semper.
1225 594 1396 659 Ooourram
1417 594 1584 657 malevolis
1605 604 1638 659 et

328 696 466 761 sinistris
494 697 700 775 sermonibus,
723 716 762 761 ue
785 697 856 791 quis
878 696 1011 760 infestus
1033 694 1147 760 demon
1169 696 1261 760 tede
1282 706 1336 759 tuo
1356 700 1440 760 stato
1466 706 1636 760 removeat

328 797 515 880 Quanquam
542 818 640 879 grave
671 800 713 863 sit
741 799 881 863 llutiano
909 799 956 862 ibi
982 797 1067 879 loqui
1094 798 1136 862 de
1162 799 1243 875 suis,
1269 797 1323 862 ubi
1344 797 1500 879 Figulas²
1521 798 1637 862 nebulo

328 907 359 963 et
388 900 577 964 binsardus³
607 901 733 965 diverse
762 908 846 965 seete
873 912 904 964 et
932 908 1074 976 monstra
1094 899 1229 981 quedam
1250 901 1356 965 invisa
1385 900 1635 965 subausoultant

328 1000 429 1066 Crede
470 1002 565 1083 mibi,
607 1003 713 1085 sepius
745 1004 915 1066 inviserem
947 1002 1224 1084 patremfamilias,
1266 1003 1328 1067 nisi
1360 1002 1462 1084 pudor
1490 1022 1542 1065 me
1565 1022 1635 1066 ‘noa

327 1104 474 1185 agrestis,
505 1104 563 1168 sed
597 1105 678 1169 bono
709 1114 742 1169 et
774 1104 866 1169 dooto
895 1106 965 1195 viro
996 1104 1189 1169 conveniens
1209 1104 1402 1169 verecundia
1426 1104 1512 1168 domi
1545 1106 1635 1185 quasi

327 1206 484 1289 sepeliret.
543 1206 676 1271 Audebo
707 1208 835 1270 tasrdem
859 1210 942 1271 inter
967 1206 1152 1289 popinarios
1176 1207 1359 1271 adulatores
1387 1206 1485 1271 libere
1514 1207 1634 1272 versari

327 1308 386 1382 vel,
408 1309 435 1373 si
457 1310 564 1373 aditus
588 1310 680 1373 turba
701 1310 923 1374 combibouum
944 1310 1083 1393 stipatus
1102 1328 1164 1374 nou
1194 1308 1318 1392 patebit
1338 1308 1544 1392 philosopho,
1578 1311 1633 1372 mi-

327 1410 482 1473 nistrabo·
493 1417 614 1475 tantum
632 1413 699 1475 vini
722 1424 754 1475 et
774 1412 928 1476 oerevisie
939 1430 995 1493 per
1008 1410 1145 1475 alienam
1162 1429 1301 1491 manum,
1321 1417 1356 1475 ut
1373 1410 1483 1474 Fauno
1498 1412 1635 1494 Satyris-

329 1532 389 1593 que
408 1520 519 1577 ventev
539 1522 579 1593 et,
600 1533 661 1595 que
682 1514 740 1579 sub
762 1520 871 1578 ventre
892 1519 974 1593 suat,
995 1520 1144 1577 tumeant.
1185 1513 1419 1594 Reliquumest‚
1440 1514 1580 1588 Urbane,
1603 1520 1636 1577 ut

329 1616 515 1696 promissum
550 1616 707 1681 absolvas.
761 1616 831 1681 Non
863 1615 975 1679 habuit
1005 1621 1171 1696 argeutum
1198 1615 1350 1680 barbatus
1375 1615 1498 1680 artifex.
1550 1616 1635 1681 Seite

328 1716 457 1779 dietum.
500 1716 583 1795 Quid
604 1718 671 1783 ita‘?
713 1718 795 1795 Quia
817 1715 1380 1802 pecuniamnonbabuitllutiaous.
1420 1718 1513 1782 Nune
1531 1718 1636 1783 babet

327 1819 467 1883 Habebit
494 1828 526 1885 et
552 1820 607 1883 ille
634 1820 832 1904 propediem,
861 1828 894 1883 ut
919 1838 1028 1903 spero,
1053 1826 1230 1900 argentum.
1272 1818 1339 1883 Fae
1363 1820 1474 1901 igitur,
1502 1827 1535 1883 ut
1560 1828 1634 1883 voto

328 1922 466 1985 fruamur
487 1930 519 1987 et
538 1924 659 1987 amieos
682 1922 892 2005 pulcherrima
912 1924 1048 2006 patera*
1068 1922 1186 2002 (nragis
1206 1922 1290 1985 enim
1312 1924 1418 2004 operis
1444 1922 1636 1986 authoritate

327 2042 421 2104 quam
453 2026 584 2089 materie
613 2027 726 2107 pretio)
755 2024 896 2107 garrdeat
925 2032 958 2087 et
988 2024 1134 2106 potiatur.
1189 2024 1299 2089 Debeo
1326 2025 1383 2087 tibi
1411 2043 1451 2087 ex
1479 2025 1634 2108 superiori

328 2125 490 2191 vindemia
511 2126 701 2191 admonente
719 2127 830 2190 Publio
847 2126 946 2190 XXX
963 2126 1231 2209 Sirebergenses5.
1276 2126 1352 2191 item
1373 2147 1429 2210 pro
1446 2126 1637 2210 nuperrimis

327 2228 554 2309 voluminibus,
572 2236 724 2310 orientum
744 2230 840 2296 voles.
883 2230 1029 2311 Denique
1051 2250 1204 2295 summam
1225 2231 1357 2313 expensi
1377 2230 1474 2293 faoito
1496 2237 1528 2293 ot
1548 2238 1634 2294 tuum

327 2330 367 2394 de
392 2350 474 2411 meo,
503 2332 657 2396 arbitratu
687 2342 755 2411 tuo,
785 2330 943 2397 deducito.
985 2332 1076 2409 Quod
1097 2333 1265 2415 supererit,
1288 2331 1420 2397 custodi.
1462 2332 1534 2396 Non
1554 2352 1636 2413 egeo

327 2433 471 2513 pecunia.
518 2434 657 2499 i’nnlusi
683 2456 703 2497 x
730 2454 842 2498 aureos
868 2435 983 2498 attulit.
1025 2434 1208 2513 Transibis,
1229 2443 1262 2497 nt
1283 2435 1411 2517 opinor,
1433 2434 1474 2497 ad
1499 2432 1636 2498 Franco·

327 2534 460 2597 lindiam
470 2537 491 2597 ⁷.
533 2534 613 2599 Tum
636 2556 695 2617 ego
718 2544 771 2599 tua
794 2537 951 2601 industria
970 2539 1068 2601 liebus
1089 2538 1335 2619 111110111111111118
1357 2546 1389 2601 et
1408 2536 1474 2599 alia
1496 2538 1636 2601 literarie

328 2636 441 2699 merois
457 2636 511 2699 diu
534 2638 678 2721 appetita
700 2638 768 2703 Deo
790 2639 916 2704 volente
940 2639 1098 2705 obtinebo.
1143 2639 1231 2702 Vale.

409 2740 503 2803 Xllll
523 2742 681 2805 Calendas
702 2744 837 2823 Augusti
859 2762 943 2806 auno
965 2742 1099 2805 MDXV.

397 2862 578 2911 sanescente.
598 2864 678 2911 asoa
699 2865 740 2911 an.
753 2864 948 2911 arev-erar.
969 2847 974 2857 '

881 3022 1081 3030 ——.—

327 3134 403 3204 525.
426 3132 469 3203 ll.
491 3151 537 3199 an
559 3132 749 3216 Nepotiani.
1185 3129 1331 3214 (Gotho)
1349 3133 1438 3202 1515.
1479 3133 1562 3200 lull
1581 3135 1633 3201 19.

399 3258 459 3305 lint.
483 3258 570 3303 sandei
595 3258 651 3303 doru
672 3258 795 3316 Nepotinu
823 3258 838 3301 11
858 3256 1001 3313 droa-non,
1027 3256 1107 3301 duruit
1129 3271 1157 3301 or
1178 3257 1231 3301 sieb
1254 3256 1296 3302 ein
1314 3258 1419 3313 aridores
1439 3258 1574 3317 lvkornplor
1591 3260 1635 3305 der

326 3329 495 3374 i'ntoniselwn
520 3330 658 3375 Sovrtennen
691 3328 774 3373 kanis.
811 3328 878 3371 l'alls
904 3327 963 3371 koin
982 3328 1078 3372 soluhes
1097 3327 1167 3371 molrr
1185 3327 1344 3386 vorlrandon,
1368 3328 1419 3373 will
1438 3344 1465 3374 or
1483 3329 1537 3375 soiu
1558 3332 1634 3377 seiron

327 3400 530 3455 oinpebnndonos
550 3400 681 3457 Exemplar
702 3399 792 3443 leiim-n.
837 3422 842 3434 ·

408 3496 434 3559 N
446 3497 638 3579 epotiano
661 3515 726 3575 suo,
751 3516 811 3559 non
828 3493 947 3559 insulso
971 3512 1073 3575 neque
1090 3494 1203 3558 ial'auti
1225 3494 1359 3579 ephebo,
1380 3496 1502 3560 Urbani
1519 3500 1636 3566 sororis

328 3598 401 3679 lilio,
425 3599 581 3661 llutianus
604 3599 709 3662 liuius.
1484 3622 1490 3631 ·

394 3848 403 3890 ¹
427 3844 522 3909 drusa
545 3855 652 3907 selroint
674 3854 859 3907 fortwiilrrend
881 3852 994 3921 besorgt
1013 3868 1046 3904 zu
1068 3852 1171 3922 baben,
1200 3872 1253 3909 von
1280 3855 1383 3910 seluern
1407 3856 1480 3911 Abte
1500 3858 1635 3927 plbtalieh

327 3954 376 3989 aris
398 3936 446 3987 der
468 3954 498 3987 so
520 3935 711 4001 aripenehmen
733 3934 860 4003 Stellnng
879 3932 920 3985 als
943 3930 1113 3985 llofmeister
1134 3934 1257 3988 enisernt
1278 3954 1310 3989 zu
1332 3937 1448 3990 werden.

388 4012 401 4052 2
420 4014 483 4085 vgr.
496 4014 539 4068 Bv.
553 4014 608 4067 29⁶2
632 4014 657 4069 S.
669 4015 727 4067 319
749 4016 831 4067 Auru.
845 4013 870 4066 2.

386 4091 399 4133 3
424 4094 542 4164 1111111.
558 4096 624 4151 522.

386 4171 398 4213 ⁴
424 4176 486 4247 vgl.
498 4174 610 4229 111196
633 4176 660 4228 S.
676 4176 728 4227 tol
753 4174 834 4227 Auru.
847 4174 873 4227 5.

387 4252 401 4293 ⁵
423 4256 630 4323 Selnrveberpzer
650 4256 803 4309 Grosohen.

387 4332 401 4373 ⁴3
426 4336 613 4405 1111111518
635 4337 660 4391 S,
677 4337 731 4387 let-2
755 4336 875 4389 11111113.

390 4414 399 4454 7
424 4416 485 4487 l'pl.
508 4418 560 4470 den
582 4418 694 4486 vorigeu
718 4416 803 4470 Bvief.

390 4492 404 4532 ⁸
425 4496 574 4551 l'ielleielrt
597 4498 699 4549 rminte
723 4497 843 4559 llntian,
868 4496 1004 4549 Erasmus
1027 4496 1156 4567 Arvsgabe
1185 4498 1234 4549 des
1256 4497 1442 4568 Hieronymus
1468 4498 1507 4550 soi
1529 4499 1640 4555 bereits

329 4578 490 4631 ovsehienen
540 4578 670 4631 Ilissolbe
694 4577 756 4629 kam
776 4578 877 4647 jedoelr
901 4585 955 4628 erat
982 4576 1187 4629 rere-1518
1209 4577 1259 4630 auf
1277 4580 1329 4631 deu
1353 4578 1564 4632 Biiehermarkt.
