3625 5192
636 358 725 412 Brieie
743 357 862 412 Mutians
880 359 940 412 466.
960 359 1019 413 466.
1038 359 1099 416 167,
1472 361 1523 410 166

218 503 303 569 466.
325 502 369 574 ll.
394 522 438 569 au
461 505 594 575 Urbun.
894 504 1042 590 (corna)
1055 507 1146 572 1515.
1182 505 1336 589 (lufaug
1355 506 1520 589 ianuar.)

285 614 346 661 illut.
369 615 499 662 iustruicrt
522 617 569 662 don
589 615 675 663 Urban
698 617 737 661 liir
760 616 808 662 den
828 616 931 663 Proaess
952 617 999 663 mit
1019 617 1068 663 dan
1089 618 1200 664 Vikaron
1220 619 1272 664 und
1290 619 1395 677 meldct,
1418 618 1475 664 dass
1494 633 1521 664 cr

215 684 263 730 den
283 683 386 731 Publius
407 687 472 732 naelr
491 685 587 732 Hossen
605 701 645 732 orn
665 685 729 732 Geld
748 686 854 744 gosandt
872 687 947 733 lrubo.

294 768 431 833 Henrico
456 769 610 835 Urbano
628 770 788 834 Mutianus
810 771 920 837 Rufus.

296 875 326 934 S.
368 870 451 935 Ecce
476 871 672 955 inopinatam
695 871 826 952 ruinam,
848 891 922 937 ecce
944 873 1127 956 inopinatas
1141 874 1284 956 querelas
1299 875 1522 939 vicariorum!l

216 971 285 1052 Ego
313 971 422 1036 literas
452 971 529 1037 dare
557 973 599 1036 ad
629 973 797 1054 collegium
826 974 903 1038 illud
933 975 1029 1039 nolui.
1071 976 1248 1059 Captantur
1273 976 1357 1040 enim
1383 977 1523 1041 inomni

216 1073 312 1138 verbo
323 1091 401 1138 anne
415 1074 652 1140 calumniarum.
690 1075 748 1146 Tu,
765 1095 851 1158 rogo,
869 1075 972 1140 vadas
990 1079 1021 1140 in
1037 1079 1165 1142 comitia
1180 1085 1212 1142 et
1227 1097 1350 1161 expone
1369 1080 1522 1143 rationem

216 1174 342 1256 consilii
364 1176 441 1256 mei,
467 1177 618 1241 videlicet
638 1176 774 1241 locatam
796 1177 922 1242 domum
943 1179 1111 1244 Dithrnaro
1131 1179 1200 1244 sine
1221 1179 1286 1243 ulla
1308 1181 1462 1264 pensione
1482 1183 1523 1246 ob

215 1277 248 1339 id
278 1284 418 1358 tantum,
457 1289 490 1343 ut
523 1279 692 1344 instrueret
716 1286 749 1343 et
778 1279 902 1345 luloiret
930 1281 1060 1346 ruinosa
1088 1288 1119 1344 et
1145 1283 1325 1347 nutaucia2.
1372 1283 1455 1347 Nam
1484 1304 1523 1374 ea

215 1399 266 1442 me
285 1398 356 1444 esse
377 1379 512 1461 pietate,
540 1387 573 1443 ut
592 1381 763 1445 fraternam
783 1382 934 1464 pietatem
957 1383 989 1446 in
1010 1389 1200 1448 testamento
1221 1403 1348 1449 serrare
1367 1385 1522 1449 studeam.

217 1479 280 1570 Sed
309 1500 400 1545 casus
426 1481 479 1546 ille
501 1482 647 1546 tbrtuitns
677 1490 740 1562 est,
767 1489 799 1547 et
819 1501 926 1548 verum
949 1484 1031 1548 dixit
1052 1484 1285 1566 Coquinarius³
1306 1505 1360 1550 eos
1381 1494 1523 1570 prestare

217 1581 332 1648 debere
361 1583 509 1647 damnum
538 1583 655 1647 vicinio
681 1591 713 1649 et
742 1584 834 1649 molis
855 1587 997 1667 aquariis
1019 1587 1137 1651 datum.
1180 1588 1252 1650 Non
1273 1595 1379 1652 tamen
1401 1589 1524 1653 inficias

217 1705 254 1748 eo
277 1685 372 1750 licere
393 1685 523 1751 vicariis
544 1707 594 1751 rne
615 1686 784 1751 convenire
806 1695 839 1751 ut
861 1688 1031 1752 usuarium.
1074 1689 1158 1766 Quid
1173 1689 1392 1773 verbisopos‘?
1436 1691 1518 1754 l'ost-

217 1806 311 1867 quarn
342 1787 519 1852 humaniter
545 1789 682 1852 vicarios
710 1788 914 1868 salutaveris,
944 1811 1041 1854 evoca
1069 1791 1176 1855 statim
1198 1791 1397 1857 Ditlunarom
1425 1805 1457 1857 et
1476 1794 1522 1856 di-

217 1889 294 1952 cito:
330 1889 413 1954 Cura
444 1895 478 1952 ut
504 1889 618 1955 rudera
647 1890 796 1954 tollantur
822 1899 854 1954 et
883 1898 1006 1956 meatus
1033 1892 1154 1957 Ghorre
1181 1902 1368 1977 repurgetur
1391 1896 1441 1959 vel
1471 1896 1522 1961 exi

217 1996 362 2057 cessante
385 1990 566 2056 conditione
595 1992 810 2074 quinquennii.
861 1993 895 2056 Si
924 1992 1165 2076 demigrarent,
1192 1997 1266 2060 tolle
1288 2005 1462 2062 cementum
1491 2004 1523 2062 et

217 2092 341 2176 lapides
365 2113 435 2158 meo
464 2101 599 2176 sumptu.
646 2095 681 2157 Si
709 2097 933 2177 permanserit,
965 2095 1056 2160 tollat
1084 2097 1153 2180 ipse
1180 2097 1211 2161 in
1240 2100 1366 2164 nomine
1391 2100 1521 2164 diaboli.

219 2194 269 2272 „0
297 2203 448 2276 quantum
475 2201 524 2259 est
545 2195 576 2259 in
598 2196 712 2260 subitis
734 2195 861 2260 casibus
882 2197 1086 2278 ingenium!“
1116 2199 1218 2280 inquit
1239 2200 1431 2266 Marcialis4.
1473 2202 1522 2265 Tu

218 2295 314 2376 igitur
339 2297 468 2378 ingenio
488 2299 644 2362 maximus
666 2304 697 2361 et
718 2299 779 2362 mei
803 2298 932 2363 honoris
954 2301 1192 2381 amantissimus
1215 2322 1348 2384 procura
1368 2303 1427 2368 boc
1449 2303 1523 2369 lide-
1620 2302 1625 2308 ’

217 2398 304 2471 lit-cr,
333 2405 366 2462 ut
394 2397 526 2465 conlido.
573 2399 667 2463 Dabo
697 2400 772 2479 tibi,
801 2400 884 2482 quod
910 2400 1026 2481 debeo,
1054 2404 1095 2464 ad
1122 2403 1283 2466 minimum
1315 2405 1522 2487 qrradrantem

217 2507 309 2580 teque
331 2501 432 2566 colam
448 2501 515 2566 lide
536 2509 699 2586 perpetua.
741 2501 798 2566 Eat
820 2503 955 2566 nuncin
980 2504 1084 2584 patria
1105 2524 1176 2568 mea
1196 2506 1337 2570 Adamas
1361 2507 1490 2572 Publius
1499 2510 1521 2574 ⁵.

218 2601 372 2666 Nummos
396 2604 580 2684 reportabit,
601 2603 727 2700 domiue
749 2605 801 2678 mi,
822 2623 861 2669 ne
880 2607 1019 2669 moreris.
1062 2606 1178 2672 Valeas
1200 2608 1232 2671 in
1255 2607 1390 2675 Christo.

228 2723 230 2730 ’
297 2703 431 2768 MDXV.
1392 2723 1395 2727 “

288 2829 468 2876 Handselrriftl.
478 2829 498 2875 1³
509 2829 559 2877 435
569 2831 610 2876 sol.
623 2829 695 2876 alov
704 2853 735 2863 -
742 2830 790 2876 271
799 2846 818 2879 r.

218 3028 300 3096 167.
325 3028 370 3095 11.
391 3049 436 3096 au
460 3030 594 3101 Urban.
909 3033 1044 3115 (Gotho
1059 3034 1154 3104 1515.
1196 3035 1335 3116 anfang
1355 3035 1521 3117 ianuar).

289 3153 349 3200 llur.
368 3155 444 3225 binii
464 3169 504 3201 um
524 3155 605 3213 einigo
624 3157 729 3212 bichor,
750 3158 890 3215 vorsprieht
914 3158 962 3202 den
982 3159 1085 3205 Publius
1106 3161 1185 3205 solort
1203 3161 1268 3205 nach
1286 3161 1369 3206 seinai·
1387 3161 1523 3206 Rlielrkehr

219 3239 248 3268 zu
267 3225 360 3270 saudan
379 3226 430 3270 uud
450 3227 499 3271 will
518 3227 571 3272 scin
592 3227 659 3272 ilaus
678 3226 751 3272 nobst
772 3227 907 3286 liternum-g
926 3229 1073 3274 vcrlrnul‘on.
1109 3230 1160 3275 Vnr
1178 3231 1223 3276 dor
1241 3231 1317 3276 Hand
1335 3231 1396 3276 aber
1415 3232 1462 3277 soll
1480 3231 1521 3276 die

220 3293 287 3340 Gerre
305 3295 428 3354 goroiuigt
446 3297 553 3342 werdon.

299 3392 435 3456 llenrico
459 3393 616 3458 Urbano
637 3393 797 3458 Matienus
818 3394 925 3460 Rutila.

300 3495 331 3559 S.
373 3495 574 3560 lnconrmoda
607 3497 722 3577 ubique
749 3495 931 3577 ingruentia
952 3499 1089 3584 iaciunt,
1117 3508 1150 3563 nt
1172 3501 1319 3564 librorum
1342 3501 1522 3566 obliviscar.

219 3595 423 3678 Quanquam,
460 3617 500 3661 ne
538 3597 598 3662 hoe
632 3601 792 3676 omittam,
822 3600 932 3664 videre
968 3609 1002 3664 ut
1037 3610 1133 3666 antea
1168 3603 1313 3685 discupio
1350 3603 1523 3686 Disputata

218 3697 509 3762 Parrhisicnsiunrfi.
562 3701 640 3764 ltem
672 3700 841 3782 Origenis⁷
871 3723 983 3785 opera,
1016 3711 1103 3766 tuum
1135 3724 1204 3768 cunr
1242 3702 1347 3769 indice
1381 3705 1521 3771 literaria

281 3867 291 3908 ¹
313 3871 502 3942 Vg1.ssr.462
526 3873 554 3930 S.
572 3874 637 3932 120.

280 3947 294 3989 2
315 3951 393 4006 Nnch
422 3953 468 4008 Br.
490 3953 547 4007 243
570 3955 596 4010 S.
616 3953 675 4008 320
702 3973 757 4008 war
785 3955 892 4009 Mutiarr
921 3957 1088 4012 urkundlich
1117 3958 1293 4028 verpflichtet
1319 3978 1368 4013 zur
1393 3959 1519 4013 instand-

219 4031 336 4164 haltulng
360 4035 408 4088 des
426 4033 533 4089 llauses
559 4037 615 4088 und
638 4036 734 4090 suehte
760 4037 861 4107 gerarde
883 4036 958 4091 dicae
980 4035 1192 4109 Verptliehtung
1210 4040 1262 4094 auf
1279 4041 1333 4094 den
1354 4040 1454 4094 llieter
1474 4041 1521 4094 ab·

216 4129 292 4165 zoua
305 4129 360 4166 zen.

278 4187 293 4230 3
314 4191 448 4248 Nikolaus
467 4195 648 4265 Engelmann.

278 4267 291 4310 4
314 4272 400 4326 Liber
419 4277 638 4344 spectaculorum
661 4275 739 4332 xlv.
760 4276 786 4332 4.
828 4277 900 4346 „ln“
920 4279 992 4332 fehlt
1012 4277 1146 4334 daselbsts

278 4347 292 4390 5
316 4353 372 4406 Der
392 4353 523 4408 Paruulus
549 4355 629 4409 sollte
657 4356 800 4411 vielleieht
819 4359 863 4412 die
888 4359 924 4411 10
947 4359 1057 4413 Golden
1079 4361 1177 4425 holon,
1208 4362 1312 4415 wirlcbc
1334 4363 1438 4416 Paulus
1459 4381 1520 4417 ver·

217 4433 361 4503 apronium,
382 4435 540 4490 atbersroch
564 4436 642 4489 nicht
663 4437 804 4506 gebracht.
846 4439 910 4510 Vgl.
923 4439 967 4495 Br.
982 4440 1039 4493 456
1062 4439 1088 4495 S.
1107 4441 1161 4494 111
1183 4441 1265 4498 Auru,
1281 4444 1307 4502 ti,

279 4509 292 4549 ⁰
312 4513 374 4584 Vgl.
387 4514 431 4568 ln.
443 4513 499 4567 ⁴55
524 4517 551 4570 S.
567 4516 622 4568 113
646 4517 726 4570 Auru.
742 4518 766 4571 9.

282 4589 294 4632 7
316 4592 379 4664 Vgl.
391 4595 435 4648 Br.
448 4593 505 4648 456
528 4596 552 4652 S.
567 4596 624 4649 115
645 4597 727 4652 Anm.
739 4597 765 4653 3.
