3625 5192
326 349 378 409 no
692 310 950 426 omnisnoqusnen
972 356 1020 411 aar
1039 354 1114 413 nav.
1133 352 1257 414 aaran.

324 504 404 581 Quis
420 510 483 568 tam
494 505 601 586 inique
611 504 779 570 seditionis
799 506 995 570 oouoitator?
1036 506 1128 573 Certe
1150 507 1236 572 rodis
1249 508 1417 591 imperitia.
1460 507 1535 573 (leel
1550 512 1632 589 sunt,

324 607 463 689 proiecto
483 606 568 686 oeni,
596 608 650 688 qni
685 608 789 671 lumen
816 608 939 672 ordinis
972 610 1174 690 submovent,
1199 609 1288 674 euius
1321 610 1517 675 necessarius
1545 609 1634 674 labor

324 709 421 773 enam
444 728 494 773 me
519 715 647 774 meante
673 709 787 792 probat
813 728 957 775 casuram
986 730 1055 777 esse
1081 710 1308 795 rempublicam
1336 712 1467 777 absente
1494 712 1632 777 Urbano.

324 809 387 875 Sed
400 810 554 875 videbunt
577 811 676 893 ludei,
700 812 836 893 inquom
859 812 1091 879 transfixerunt.
1133 812 1370 880 Desiderabunt
1383 814 1554 895 absentem,
1576 834 1633 879 sue

324 913 464 994 stultieie
485 914 640 997 premium
667 913 775 980 ferent.
817 914 868 979 'Fu
888 934 978 989 vero,
1004 915 1107 981 duleis
1128 916 1244 997 amine,
1267 934 1330 981 non
1353 916 1452 981 vitam
1478 916 1577 999 deges
1599 918 1633 981 iu

323 1013 435 1097 exilio,
463 1024 498 1079 nt
522 1016 570 1080 tui
595 1016 701 1081 lorsan
730 1016 938 1097 arbitrantur,
963 1018 1020 1083 sed
1041 1019 1131 1083 vives
1157 1038 1226 1085 enm
1254 1017 1402 1097 eruditis,
1430 1038 1500 1085 enm
1530 1018 1632 1099 bellis,

324 1138 394 1182 euru
414 1117 608 1184 amabilibus
629 1120 662 1182 iu
682 1118 786 1184 solida
808 1126 839 1184 et
860 1127 1015 1204 perpetua
1035 1120 1151 1187 leticia.
1193 1121 1353 1187 Duronius
1373 1121 1517 1187 subsidia
1531 1120 1631 1185 dabit.

323 1219 432 1285 Habes
462 1222 584 1305 etipse
605 1221 749 1305 presidia
782 1224 959 1288 nummaria
979 1230 1012 1288 et
1037 1224 1246 1289 instrumenta
1273 1230 1337 1289 tam
1371 1225 1502 1290 honeste
1536 1242 1632 1304 quam

322 1322 501 1405 voluptarie
522 1322 596 1388 vite.
639 1322 707 1387 Erit
718 1324 791 1389 istie
811 1322 945 1389 ollieiosi
965 1323 1084 1389 laboris
1099 1326 1143 1389 tui
1156 1326 1373 1409 qniesoptata.
1415 1325 1632 1391 Publioevide

324 1432 373 1489 tur
393 1426 456 1489 ista
476 1424 600 1506 legaoio
617 1426 784 1508 plurimum
806 1425 981 1493 honestatis
1003 1426 1129 1493 babere.
1172 1427 1213 1491 m
1233 1428 1279 1493 ita
1299 1436 1355 1493 est.
1398 1428 1531 1492 Reditus
1559 1447 1631 1491 vero

322 1525 426 1609 pariet
434 1525 493 1591 tibi
505 1546 652 1609 magnam
663 1529 905 1612 amplitudinem
920 1535 952 1593 et
963 1532 1099 1593 futurum
1113 1529 1240 1595 abbatis
1255 1529 1414 1595 bonorem.
1456 1530 1535 1608 Quis
1546 1529 1629 1593 enim

325 1627 410 1710 quod
432 1629 596 1695 honestum
606 1636 663 1710 est,
675 1651 736 1695 uon
748 1631 827 1695 utile
838 1632 983 1696 diceret?
1025 1632 1107 1697 Nam
1122 1633 1148 1696 si
1173 1631 1214 1696 ad
1228 1632 1423 1697 honestatem
1436 1634 1501 1697 nati
1515 1651 1631 1712 surmus,

324 1750 453 1797 neeesse
473 1737 531 1811 est,
553 1732 637 1813 quod
659 1733 822 1799 honestum
843 1735 894 1812 sit,
918 1734 951 1799 id
973 1752 1043 1799 esse
1064 1742 1119 1799 ant
1141 1735 1241 1799 solum
1263 1740 1319 1799 ant
1339 1754 1492 1799 somnium
1507 1734 1628 1799 bonnm.

323 1831 414 1911 Quod
436 1841 542 1899 autern
567 1835 699 1916 bouum,
728 1834 761 1900 io
783 1842 869 1901 eerte
890 1836 983 1915 utile,
1013 1835 1096 1918 quod
1117 1843 1223 1902 antem
1247 1835 1408 1903 honestum
1431 1844 1463 1900 et
1484 1836 1576 1910 utile,
1596 1833 1629 1899 id

321 1936 468 2001 nimirum
491 1936 607 2003 honore
622 1943 655 2003 et
670 1937 773 2019 gloria
784 1938 925 2021 dignum.
964 1938 1051 2020 Lege
1070 1937 1157 2023 apud
1180 1938 1364 2003 Cieeronem
1386 1938 1525 2003 Stoieum
1551 1936 1629 2001 illud

321 2036 482 2103 decretum
502 2058 612 2105 omnes
633 2039 746 2105 stultos
771 2040 912 2105 insanire
923 2043 942 2121 ¹,
963 2040 1038 2105 item
1061 2059 1187 2105 oarmeu
1210 2040 1356 2124 Baptiste
1377 2040 1417 2105 de
1438 2039 1629 2119 ιιιιιίιιιιιίιι,2
1723 2088 1725 2093 ι

322 2160 514 2225 magnopere
535 2140 693 2207 letaberis.
734 2143 868 2224 Siquid
894 2162 944 2207 me
965 2162 1134 2227 pmeurare
1150 2142 1246 2221 voles,
1268 2142 1434 2224 Spalatiuo
1456 2142 1501 2205 tui
1522 2160 1629 2205 amau-

322 2242 576 2309 tissimoerodas.
619 2245 785 2310 Toussum
802 2264 969 2310 mansurus
990 2254 1061 2312 tuos
1082 2246 1214 2309 inomni
1236 2245 1369 2309 ibriona.
1410 2244 1525 2308 Munus
1544 2249 1630 2307 tunm

320 2352 353 2409 et
375 2345 484 2411 literas
505 2352 539 2409 ut
562 2364 611 2410 me
633 2346 736 2428 ipsum
758 2348 932 2431 amplector
950 2354 1044 2429 teque
1062 2349 1134 2413 lorti
1156 2353 1188 2413 et
1206 2351 1286 2412 bono
1307 2347 1413 2413 auimo
1434 2365 1504 2411 esse
1526 2345 1629 2410 iubeo.

321 2446 411 2527 Vale,
433 2447 532 2529 salve,
551 2448 632 2513 vive.

376 2570 557 2619 llsudsubrilll.
576 2571 597 2617 F
609 2570 658 2619 196
677 2573 718 2621 iol.
732 2572 833 2620 138r-
845 2574 925 2622 rosv.

876 2720 1077 2728 ————-—-

322 2750 379 2818 76.
403 2749 447 2817 ll.
468 2768 514 2817 an
536 2748 671 2818 Urbau.
1197 2749 1434 2829 (aethereos
1451 2750 1497 2835 (t)
1520 2748 1626 2832 lull.)

391 2884 452 2930 blut.
462 2884 577 2930 wllnsebt
595 2898 651 2930 uum
660 2883 793 2943 laeipuiger
802 2884 833 2942 (l)
845 2884 1008 2930 Anioni-balio
1026 2884 1120 2931 seluern
1140 2882 1255 2930 Frerrnde
1267 2884 1352 2929 Urbau
1363 2882 1445 2929 (lllielr
1466 2882 1516 2928 und
1535 2882 1628 2929 meldos

321 2955 372 3001 ilrm
393 2955 545 3001 marrelrerloi
564 2969 608 3000 ιιιιιι
628 2954 685 3001 ι1ιιιιι
703 2954 944 3002 Bokarrrrterrkreiae.

403 3052 573 3117 llenrieo
594 3052 750 3117 Urbano
771 3050 932 3115 Mutiauns
953 3051 1060 3116 Rullus.

401 3155 433 3218 S.
475 3154 598 3233 Habes,
619 3153 780 3218 Urbane
802 3153 981 3233 carissime,
1002 3150 1086 3235 quod
1107 3172 1168 3235 ego
1191 3154 1248 3218 tibi
1272 3154 1434 3237 petebam,
1456 3160 1487 3216 tu
1514 3172 1625 3234 expoe-

320 3258 414 3322 tabas
433 3256 592 3339 optabile,
617 3264 652 3321 ot
673 3274 765 3319 nemo
787 3275 849 3319 non
871 3256 1058 3336 arbitratur,
1084 3276 1154 3319 oum
1176 3255 1332 3337 dignitate
1353 3254 1486 3319 ociore-l.
1529 3254 1627 3318 Falsa

321 3360 421 3440 igitur
445 3366 514 3425 erat
535 3359 665 3441 qrrerela
682 3357 865 3441 putaneiom
892 3358 1068 3421 Stercutio¹¹
1089 3357 1285 3440 provinciam
1310 3358 1391 3421 bane
1411 3358 1505 3420 istam
1527 3354 1625 3419 Doro-

319 3462 407 3526 nium
428 3480 499 3526 esse
518 3478 748 3527 eoneessurum.
789 3457 877 3523 Bone
896 3458 1059 3524 blembibe
1077 3460 1207 3540 Duroni,
1228 3459 1395 3540 gravidam
1410 3458 1467 3523 tibi
1490 3458 1625 3538 gratiam

320 3565 481 3630 debemus.
523 3563 660 3645 Elegisti
681 3563 765 3626 onim
794 3580 834 3625 ex
854 3562 1003 3627 omnibns
1029 3569 1179 3645 optimum
1201 3561 1244 3627 ad
1265 3559 1466 3645 procuranda
1486 3558 1625 3639 negotia,

319 3667 445 3732 lbeilem
466 3666 508 3731 ad
529 3662 785 3748 computandum,
806 3663 990 3746 expeditum
1012 3664 1053 3729 ad
1074 3663 1270 3747 appellanda
1289 3664 1426 3743 nomina,
1446 3666 1624 3744 promptum

319 3770 362 3835 ad
388 3768 600 3833 exhibendum
634 3765 768 3831 fidelem.
814 3766 840 3830 0
870 3773 901 3830 te
938 3767 1144 3846 tortunatnm,
1178 3766 1229 3830 eui
1264 3766 1400 3846 contigit
1431 3763 1624 3829 domloilinm

319 3871 433 3935 stutliis
445 3870 609 3935 idoneum!
651 3868 872 3951 comportabis
886 3888 950 3933 rem
963 3868 1133 3933 librariam.
1175 3870 1306 3946 Quoties
1316 3867 1458 3933 abditum
1474 3866 1625 3948 quiddam

318 3972 523 4051 desiderabo,
545 3979 577 4035 tu
600 3970 676 4034 mibi
697 3970 864 4036 thesauros
885 3972 958 4051 eris,
981 3970 1117 4051 honest,
1139 3990 1235 4055 opera
1256 3969 1378 4049 florida,
1399 3968 1557 4045 sublimia,
1580 3968 1623 4030 iu-

384 4198 395 4241 1
417 4203 559 4257 Paradoxa
580 4202 630 4258 lv.
653 4202 679 4257 l.
693 4200 744 4257 27:
768 4201 888 4257 Omnem
911 4202 1025 4257 stultum
1047 4202 1175 4259 insanire.

383 4279 482 4354 ²Vgl.
501 4283 583 4337 Hain.
605 4281 798 4354 Repertorium
820 4281 1040 4341 2403-2408.

381 4358 448 4416 ³lu
470 4362 603 4434 Leipzig?

379 4438 394 4481 ⁴
418 4442 658 4499 Wabrselreiulieb
680 4442 817 4497 identlseb
845 4444 897 4497 mit
923 4444 984 4497 dem
1007 4444 1034 4496 in
1066 4444 1209 4498 mebreren
1230 4441 1450 4513 Georgentlmlor·
1471 4440 1624 4495 lli-kundeu

318 4522 359 4584 l'n.
378 4540 401 4577 a.
423 4524 452 4577 ln
474 4523 532 4588 QQ.
547 4525 608 4579 l.d.
631 4523 687 4577 36?
708 4525 757 4577 om
778 4523 905 4595 Herzogl.
929 4522 1145 4577 Stoataarelrivos
1164 4541 1226 4577 vom
1247 4522 1331 4579 Jalrre
1356 4520 1445 4579 lbllll
1465 4522 1624 4575 erwiibnten

320 4604 472 4675 iohannes,
494 4604 666 4659 llol'melsler
685 4622 717 4659 aa
739 4602 842 4659 Erfurt.
882 4604 946 4675 Vgl.
969 4605 1040 4659 arrelr
1062 4604 1089 4657 S.
1112 4604 1150 4657 33
1172 4604 1252 4657 Αιιιιι.
1275 4602 1302 4661 5.
