3625 5192
284 277 301 326 o
647 273 905 340 Geseirielrtsrprellen
926 275 972 325 dor·
991 271 1065 324 Pron.
1085 271 1207 325 Saohseu.

286 424 355 487 sive
387 425 614 488 mercenariam
640 441 769 504 operam
800 428 908 484 eontra
940 440 1028 484 usum
1062 427 1093 484 et
1122 440 1237 484 morem
1267 417 1508 499 aduocatorum,
1537 419 1590 500 qui

286 526 436 589 l'ormulas
450 545 566 605 magno
577 524 727 602 vendunt,
739 523 817 586 nihil
826 527 925 600 gratis
936 529 992 584 ant
1003 522 1175 585 liberaliter
1187 522 1354 585 clientibus
1369 523 1593 604 impertientes,

286 627 343 691 sed
367 648 428 711 pro.
450 634 504 690 tua
530 624 771 704 consuetudine,
804 626 893 706 quiasi
921 625 996 687 milri
1019 625 1137 687 debeas
1190 624 1280 687 lusit
1311 635 1414 687 autem
1450 625 1507 687 lreo
1538 635 1592 686 tua

288 727 461 793 dexteritas
488 735 521 793 et
540 726 734 810 obsequendi
761 727 915 806 studium,
948 735 980 790 ut
1008 746 1069 791 non
1098 727 1239 790 dubitem
1271 726 1357 789 aliud
1384 745 1478 808 super
1505 727 1592 789 aliud

287 831 344 893 tibi
368 831 541 912 iniungere.
570 832 681 894 Severi
695 828 875 893 saee'rdotes
886 837 1064 892 statuerant
1078 831 1292 908 precationes¹
1316 829 1472 892 illassuas
1493 827 1593 891 invul⁴

287 953 364 1014 gare
387 933 502 996 tradito
523 932 744 1014 calcographis
755 931 937 1014 areiretypo.
980 931 1178 996 Conveniunt
1191 931 1242 994 ilio
1256 931 1382 1012 quidem
1395 951 1483 994 sauro
1500 930 1594 994 ehoro

287 1035 384 1097 nostri
416 1035 508 1097 huius
535 1034 670 1115 collegii,
719 1033 829 1113 ltaque
854 1033 1427 1114 111111111111111111111(11111111112
1454 1041 1485 1095 et
1511 1053 1593 1096 soru-

288 1144 366 1215 tare,
388 1157 460 1200 num
482 1137 524 1200 sit
544 1136 633 1219 operi
655 1136 708 1217 pio
735 1145 876 1198 extrema
907 1155 1018 1198 marrus
1041 1136 1198 1218 imposita.
1240 1136 1381 1198 Preoium
1410 1135 1533 1214 indica,
1562 1141 1596 1196 ut

287 1239 396 1318 seiam,
418 1239 526 1319 quanti
549 1240 591 1301 sit
612 1258 726 1302 uorum
742 1238 930 1302 breviarium
974 1238 1000 1300 U
1005 1248 1053 1300 tar
1070 1250 1122 1299 tua
1136 1237 1197 1300 lide
1213 1239 1243 1300 iu
1261 1239 1420 1320 emptione
1437 1237 1594 1316 taeienda,

288 1360 328 1404 ne
341 1339 468 1404 Urbano
478 1351 592 1419 nostro,
611 1341 677 1403 viro
692 1341 796 1421 polito.
817 1340 982 1421 negocium
998 1340 1204 1404 exhibeamus
1218 1340 1379 1422 presertim
1398 1339 1596 1422 amplissima

288 1443 410 1505 oenotrii
431 1444 655 1523 proeuraeioue
677 1451 839 1525 oeeupato.
873 1443 996 1506 Dedisti
1006 1445 1019 1486 ³
1042 1443 1187 1506 iamoliur
1206 1442 1426 1505 instituciones
1441 1441 1595 1504 oratorias

288 1543 461 1607 doctissimi
489 1545 679 1608 Batavorum
709 1544 840 1608 Erasmi.
884 1544 1073 1608 Gratissimo
1094 1545 1214 1626 gratius
1241 1554 1288 1607 est
1319 1544 1376 1606 lroe
1405 1544 1482 1606 ruilri
1508 1551 1594 1606 tuum

289 1666 408 1710 munus.
459 1647 575 1710 Verum
597 1667 636 1710 ue
657 1647 714 1710 tint
738 1646 820 1711 desit
841 1647 968 1710 dicendi
991 1646 1132 1729 supellex
1156 1655 1187 1709 et
1208 1646 1360 1710 orationis
1382 1648 1483 1727 eopia,
1507 1647 1595 1709 mitto

290 1765 432 1808 nummos
453 1752 629 1827 argenteos,
648 1749 762 1828 quibus
783 1769 863 1830 opus
885 1749 964 1812 tanti
986 1748 1124 1813 doctoris
1145 1769 1279 1812 artemas.
1323 1749 1408 1828 tage
1436 1757 1467 1811 et
1490 1748 1596 1828 relege

292 1859 323 1909 rt
353 1847 434 1910 trabe
462 1848 494 1909 iu
523 1847 648 1912 deliciis
678 1850 841 1914 verborum
869 1861 901 1912 et
931 1871 1030 1914 rorum
1054 1851 1224 1914 schemata.
1268 1851 1329 1914 l'ar
1355 1863 1400 1913 est
1434 1852 1533 1928 eninr,
1566 1857 1598 1912 ut

289 1950 432 2012 meritum
455 1950 565 2014 merito
583 1951 783 2033 dispungam.
829 1953 915 2017 Vale.

371 2051 487 2114 Datum
510 2052 579 2116 luoe
601 2053 767 2119 Prisoina.4

360 2183 540 2230 rtandscnritu.
561 2185 642 2240 urta
662 2187 703 2233 uu.
718 2185 910 2233 rosv-rior.

292 2403 375 2474 346.
399 2407 442 2472 ll.
464 2391 509 2472 ari
530 2406 665 2474 Urlrun.
1088 2410 1236 2496 (1111111)
1261 2411 1354 2480 tati.
1387 2411 1598 2480 1111111121.

363 2549 424 2596 Mul,
446 2551 489 2594 hat
511 2549 566 2596 aino
584 2551 781 2597 astronomiselro
799 2553 868 2598 'l'alel
905 2553 983 2598 durelr
1004 2554 1076 2598 siuen
1097 2555 1305 2598 uuusrselriimton
1326 2554 1405 2599 Buten
1418 2555 1546 2602 urlralteu.

374 2663 424 2727 Ad
457 2663 717 2729 immanissimum
758 2675 880 2749 patrem
916 2667 1083 2730 llourioum
1118 2667 1310 2732 Urbanum
1350 2671 1381 2731 in
1417 2671 1600 2733 vaticinium

293 2765 409 2829 Leonis
441 2766 632 2848 Bergensis⁵
658 2768 793 2832 Mutiani
815 2768 887 2832 ltut'i
917 2769 1114 2850 epigramma
1135 2779 1241 2835 111111
1275 2773 1392 2835 cursori
1420 2774 1601 2852 questuario

294 2868 383 2950 quasi
407 2870 543 2934 inurens.

486 2972 519 3035 Si
543 2972 619 3054 quid
642 2972 685 3052 id,
707 2976 869 3038 astrorum
893 2974 999 3038 brevis
1021 2983 1068 3038 est
1089 2975 1166 3039 rnilri
1190 2977 1342 3057 redditus,
1363 2975 1451 3056 illud,

445 3074 537 3151 Quod
557 3075 668 3155 genuit
686 3076 771 3139 dooti
794 3097 869 3138 eura
890 3077 1006 3141 Leonis
1026 3097 1113 3158 opus.

447 3175 595 3240 Gratulor
615 3185 648 3242 et
667 3187 755 3241 tanto
777 3179 889 3241 merito
909 3179 1083 3260 gaudemus
1105 3180 1198 3244 auriol

445 3279 587 3360 Prasagi,
608 3299 799 3361 quamquam
817 3283 944 3344 sarcina
966 3302 1066 3364 parra
1083 3283 1171 3347 tinet.

446 3383 581 3446 Sarsina
601 3383 751 3446 litatorum
774 3384 906 3466 cupidos
928 3385 1059 3449 orientis
1080 3393 1112 3447 ot
1134 3386 1185 3466 evi

447 3485 605 3567 Tempora
625 3485 759 3550 leotores
780 3486 982 3569 inspicienda
1001 3487 1100 3552 doeet.

446 3587 515 3651 irus
536 3607 634 3670 egeus
658 3607 773 3668 magno
794 3608 938 3652 nummos
959 3591 1097 3654 elamore
1118 3591 1261 3672 poposeit

451 3689 490 3751 Et
511 3689 588 3753 data
608 3690 726 3754 oursori
748 3697 821 3754 sunt
839 3709 898 3754 sua
918 3689 1003 3754 dona
1025 3699 1085 3755 tuo.

298 3845 498 3852 -ι--ψ--ο--ωα

362 3955 373 3996 ¹
394 3958 457 4030 vgl.
478 3957 589 4012 Brea?
613 3957 640 4014 S.
651 3957 717 4013 325.

360 4035 452 4093 ²Des
473 4039 584 4094 Johann
606 4040 717 4110 Kuapp.
759 4039 853 4110 Vergl.
875 4038 900 4094 S.
913 4037 971 4091 210
992 4040 1114 4094 Α11111.1.

357 4114 372 4158 ³
391 4119 457 4190 Vgt,
479 4118 593 4174 Besae
615 4119 643 4174 S.
655 4119 713 4172 420
734 4120 854 4174 Α11111.1.

358 4194 427 4253 41).
447 4201 475 4252 11.
493 4217 538 4254 am
558 4201 747 4271 Priseentage.
789 4201 826 4253 Er
846 4199 912 4255 salit
932 4203 983 4257 auf
1001 4202 1054 4254 don
1073 4199 1115 4254 18.
1127 4201 1241 4256 «larinas.

360 4273 534 4334 ⁵Henrious
555 4280 614 4335 Leo
635 4282 669 4334 de
690 4280 810 4350 Beroka,
836 4279 887 4332 wie
909 4283 958 4336 iim
985 4282 1029 4335 die
1050 4279 1334 4335 Studeutemnatrikel
1355 4287 1455 4349 neunt,
1484 4299 1539 4335 war
1559 4281 1604 4335 ein

300 4361 532 4430 Studiengenosse
553 4361 675 4414 Mutians
696 4362 752 4414 und
774 4363 865 4414 wurde
885 4363 984 4418 Ostern
1000 4361 1075 4414 1486
1099 4361 1331 4429 imrnatrikuliert,
1353 4361 1428 4413 1489
1444 4361 1606 4415 Baeularius

300 4445 356 4499 und
377 4439 451 4496 1491
467 4440 608 4512 Magister.
648 4441 685 4494 Er
708 4442 796 4496 lehrte
813 4443 998 4498 lllathematik
1020 4441 1272 4515 undrlstrouomie‚
1292 4443 1345 4496 deu
1366 4442 1605 4496 humanistisehou

299 4523 415 4581 Studien
437 4521 547 4575 seheint
567 4539 597 4575 er
616 4521 731 4594 geneigt
750 4541 876 4595 genesen
897 4541 931 4578 au
951 4524 1017 4579 sein.
