3625 5192
655 325 744 378 Briole
762 325 883 379 Mutians
903 327 962 378 504.
980 329 1039 380 505.
1452 329 1499 380 lbi
1542 271 1546 293 t

199 472 335 555 impulsu
361 479 489 537 coactus
512 474 626 537 fecisse
647 475 812 537 iudicaret.
854 472 1022 538 Favehant
1041 474 1106 539 illis
1127 475 1245 540 Gothil
1266 479 1328 542 mei
1350 484 1382 541 et
1402 496 1502 540 meam

200 575 458 657 tranquillitatem
481 576 609 656 ignavie
631 576 813 639 tribuebant
832 575 975 642 dicentes
997 595 1046 638 me
1065 576 1215 641 habuisse
1236 577 1312 642 edes
1329 575 1503 652 dercliotui,

198 677 339 770 iniquum
369 697 439 742 esse
468 677 638 742 abhorrere
661 700 681 742 a
703 676 820 741 bubulis
840 677 1017 757 obsignatis
1039 697 1141 758 neque
1162 680 1364 761 parentalia2
1385 699 1504 758 curare,

197 781 228 842 in
258 781 373 861 quibus
398 780 484 844 salus
506 788 537 844 et
557 781 658 844 celum
685 779 871 843 continetur.
915 778 1095 859 liceatque
1117 779 1183 844 alia
1206 781 1306 845 multa
1326 781 1504 845 istiusmodi

196 901 267 946 curn
294 883 364 947 sinc
393 883 509 946 damno
534 903 594 947 nec
619 883 720 946 averti
745 901 803 944 nee
824 881 924 945 everti
946 888 1091 961 poteraut
1119 881 1318 956 (dicebantur
1339 884 1422 946 euim
1444 883 1503 947 sub

196 990 340 1068 pretextu
366 984 541 1066 religionis)
572 1004 634 1048 non
664 982 828 1061 videbam,
855 1002 920 1064 qua
947 983 1068 1046 ratione
1094 983 1204 1048 liceret
1229 984 1323 1048 saluti
1350 985 1442 1049 sinrul
1471 991 1503 1049 et

199 1087 243 1152 rei
265 1088 436 1152 consulere.
484 1087 659 1152 Promisere
686 1086 798 1149 vicarii
825 1104 953 1148 aruncum
980 1103 1132 1165 annuum,
1160 1085 1263 1166 rpuoad
1290 1087 1445 1165 viverem,
1471 1095 1503 1151 et

195 1190 438 1253 testamentum³
468 1187 670 1252 immolandis
703 1187 816 1251 hostiis
847 1195 999 1269 perpetuo
1033 1185 1231 1252 servandum.
1282 1187 1382 1253 urant
1412 1189 1501 1269 alii4,

194 1292 249 1372 qui
271 1291 335 1354 XX
363 1310 476 1356 aureos
503 1291 611 1356 statim
632 1289 756 1353 dandos
780 1289 1008 1372 pollicerentur.
1054 1289 1225 1355 Universos
1251 1291 1434 1374 repudiavi,
1461 1311 1501 1355 ne

193 1391 308 1456 lidem⁵
338 1393 413 1458 Tito
443 1392 543 1456 llario
570 1391 678 1456 datam
707 1392 772 1455 ulla
800 1392 832 1455 in
861 1399 951 1473 parte
980 1410 1163 1456 resecarem.
1213 1394 1373 1458 Successit
1401 1393 1500 1458 invio·

196 1494 304 1559 labilis
329 1495 483 1559 autoritas
510 1503 562 1558 tue
590 1494 842 1572 intercessionis,
869 1512 890 1556 a
917 1513 980 1574 qua
1001 1493 1169 1558 dissentire
1191 1494 1261 1576 quis
1281 1495 1408 1576 potest?
1451 1495 1499 1557 ln-

192 1603 306 1660 ventus
327 1595 526 1677 estquidam
548 1595 778 1660 Nothnsensis6
799 1595 858 1660 etsi
881 1595 959 1660 mihi
979 1595 1118 1676 ignotus,
1147 1615 1207 1658 non
1229 1603 1334 1660 tamen
1356 1595 1499 1678 despica-

191 1699 331 1763 tissimus
358 1700 466 1774 borno,
492 1698 546 1779 qui
568 1698 696 1761 vicariis
722 1697 898 1780 impensam
921 1698 1070 1762 resartiat
1091 1705 1122 1760 et
1142 1697 1297 1778 inquilino
1321 1698 1498 1763 satisfaciat

191 1809 223 1866 et
246 1821 347 1864 meam
369 1801 537 1865 stationem
559 1805 685 1864 strenue
706 1797 884 1863 edificando
907 1798 1075 1881 suscipiat,
1096 1799 1179 1880 quod
1201 1801 1318 1864 lactum
1341 1800 1497 1866 industrio

189 1901 258 1965 viro
285 1901 419 1967 Nieolao
447 1900 696 1981 Engelmannoi,
722 1901 825 1965 amico
851 1899 1093 1980 iucundissimo,
1124 1900 1283 1983 placuisse
1310 1903 1406 1966 audio
1434 1922 1496 1969 nou

189 2005 293 2067 minus
325 2023 420 2084 quam
452 2011 503 2066 tue
532 2003 711 2067 eminentie.
761 2003 803 2066 Et
830 2023 889 2084 ego
922 2011 1006 2065 certo
1032 2002 1098 2066 scio
1126 2004 1276 2068 statuisse
1305 2025 1362 2069 vos
1388 2005 1497 2070 ambos

188 2106 351 2188 sapienter
377 2113 408 2168 et
435 2105 582 2186 gnaviter
607 2105 721 2168 onmia
763 2104 893 2181 Quare
920 2102 1016 2168 v'elim
1044 2104 1120 2167 mihi
1142 2105 1355 2189 respondeant
1373 2107 1497 2189 vicarii,

188 2228 230 2272 an
256 2217 393 2272 vestram
421 2207 522 2271 eciam
550 2207 659 2271 talium
688 2208 825 2270 virorum
847 2206 1046 2290 prudentiam
1072 2207 1310 2272 calumnientur.
1352 2207 1386 2272 Si
1408 2207 1495 2272 litem

188 2309 230 2373 ad
252 2309 512 2374 internetionem*
532 2309 704 2373 extinctam
727 2328 796 2372 esso
817 2309 1014 2388 fatebuntur,
1034 2309 1115 2372 bene
1137 2307 1240 2372 habet.
1283 2309 1318 2372 Si
1339 2317 1374 2372 ut
1394 2310 1494 2392 inepti

187 2419 220 2476 et
245 2411 350 2475 t'rivoli
377 2410 595 2475 commenticie
621 2412 734 2475 salutis
760 2411 942 2475 venditores
962 2415 1183 2474 testamentum
1206 2410 1382 2492 requirunt,
1411 2420 1494 2494 peto,

187 2514 387 2579 considerent
405 2514 506 2576 eciam
527 2513 619 2576 nobis
644 2513 793 2596 permitti,
814 2522 848 2576 ut
870 2513 1012 2595 legamus
1025 2511 1176 2593 Requiem
1197 2518 1346 2576 eternam.
1389 2512 1494 2589 Quan-

186 2637 280 2698 quam
303 2615 445 2698 opinioni
459 2615 632 2679 Gothorum
654 2635 732 2678 aura
753 2615 916 2697 popularis
937 2614 1041 2696 magis
1061 2612 1201 2677 arrideat
1221 2633 1315 2694 quam
1338 2614 1392 2678 lux
1413 2615 1493 2678 veri-

185 2719 270 2783 tatis.
320 2717 363 2782 Ut
390 2718 484 2782 istam
509 2736 586 2799 ergo
612 2717 784 2797 caliginem
807 2716 1033 2796 discutiamus,
1067 2715 1169 2790 ethes,
1199 2734 1310 2798 queso,
1341 2723 1376 2781 ut
1402 2735 1492 2782 suum

184 2821 348 2886 nobiseum
369 2818 506 2883 oliieium
527 2819 738 2883 devotionarii
760 2818 999 2882 communicent.
1042 2817 1129 2882 Vale.
1221 2834 1225 2843 ’

265 2921 316 2986 Ad
336 2921 495 2987 Calendas
516 2921 633 2985 lunias.

254 3061 434 3110 Hsndsebriitl.
443 3063 464 3108 lt
474 3061 525 3109 483
536 3063 576 3109 fol.
587 3061 637 3108 306
644 3061 755 3108 v-sot
764 3076 785 3107 r.

255 3179 266 3206 ²
284 3187 309 3231 lt'
321 3185 519 3233 internitionem.

246 3454 332 3512 lDie
354 3458 467 3512 Morchs
488 3458 545 3511 und
566 3457 720 3528 Kiitelings.

247 3535 529 3609 ‘²Verpllichtungeu
553 3555 642 3608 gegen
663 3537 878 3603 Anverwandte,
906 3537 965 3590 also
991 3536 1035 3590 die
1058 3532 1266 3591 Seelenmesscn
1291 3537 1338 3591 fuir
1364 3537 1409 3592 die
1429 3556 1488 3592 ver·

182 3619 331 3672 storbouen
354 3619 466 3672 Briidcr.
507 3617 569 3688 vgt.
582 3617 627 3669 Br.
640 3616 696 3669 243
718 3616 744 3672 S.
756 3617 821 3670 3⁶20.

243 3693 259 3736 ³
279 3698 341 3769 Vgl.
353 3699 391 3753 Br
414 3696 472 3750 244
491 3697 518 3753 S.
529 3692 647 3770 euolat.

242 3773 256 3815 ⁴
278 3779 315 3833 Sc
337 3779 466 3832 unachtcu
492 3778 564 3831 auch
590 3778 635 3831 die
659 3776 861 3847 Siimmerings,
888 3778 937 3830 der
958 3775 1093 3846 Sigillifer
1113 3778 1169 3830 und
1190 3778 1239 3832 der
1258 3778 1390 3850 Magister
1410 3778 1486 3851 (Vgl.

184 3856 234 3913 Br.
250 3858 284 3909 11
307 3858 332 3914 S.
348 3858 383 3910 17
406 3859 489 3913 Anrn.
505 3858 535 3924 1)
556 3858 601 3912 eiu
623 3857 760 3928 Angebot.
801 3858 865 3927 Vgl.
877 3857 920 3909 Br.
934 3857 990 3909 3llb'
1013 3855 1031 3910 S
1049 3856 1116 3912 397,

245 3933 260 3976 5
281 3937 335 3991 Die
355 3939 442 3991 durch
464 3938 559 3993 Urbau
581 3939 633 3991 mit
652 3938 710 3990 ihm
731 3937 883 4008 getroffeuc
904 3937 1103 4007 Abmaehung‚
1129 3937 1174 3990 die
1196 3937 1303 3992 lllutian
1326 3956 1379 3992 von
1406 3956 1485 3994 vom·

180 4019 277 4071 herein
299 4035 404 4088 strigem
425 4024 476 4088 gut
495 4017 641 4088 geheissen
662 4019 748 4073 hatte.

244 4093 259 4136 ⁶
279 4097 334 4152 Die
351 4098 575 4152 Persduliehkeit
596 4099 632 4150 ist
653 4099 733 4152 nieht
752 4098 840 4152 nither
859 4097 992 4163 bekannt,
1013 4115 1065 4152 nur
1086 4099 1192 4152 erfrihrt
1213 4116 1276 4152 man
1291 4103 1347 4152 aus'
1359 4099 1402 4155 Br.
1415 4097 1483 4170 530,

180 4179 243 4231 dass
263 4179 303 4230 sie
323 4178 412 4232 Vikar
431 4197 463 4231 zu
484 4180 523 4233 St.
543 4179 649 4232 blarlen
670 4179 698 4231 in
719 4177 815 4230 Erfurt
836 4197 899 4232 war.

244 4253 256 4296 7
278 4258 336 4310 Der
351 4259 583 4313 Kiiehernueister
603 4260 652 4312 hat
673 4258 734 4312 sieh
751 4257 894 4312 mehr-lach
915 4258 961 4312 fiir
978 4257 1083 4311 lllutiau
1102 4258 1128 4310 iu
1140 4257 1230 4312 dieser
1241 4258 1482 4332 Hausangclegeu-

178 4339 240 4392 heit
260 4338 384 4393 bemiibt.
427 4338 522 4410 Vglz
547 4339 579 4396 B.
599 4339 645 4395 Br.
663 4338 719 4391 471
743 4339 770 4394 S.
787 4337 849 4393 136.

731 4519 931 4532 Μ,
