3625 5192
310 336 363 394 208
573 417 577 424 Ι
688 336 949 408 Gcschlchtsqucllen
966 337 1015 394 der
1033 335 1106 393 Pror.
1125 331 1249 393 Sachsen.

310 510 417 556 corum
439 489 539 555 nitore
561 489 747 562 illuminata.
790 489 970 556 Centimaui
987 489 1137 572 gigantes
1162 487 1310 554 dicuutur
1330 483 1416 570 apud
1437 481 1586 553 Ouidium
1599 487 1620 553 ¹.
1702 548 1706 552 Α

311 594 405 677 Apud
423 593 825 677 Pomponiumrinenuose
847 613 909 658 non
930 613 1035 676 pauca
1053 593 1208 674 leguntur.
1249 591 1299 655 Oh
1311 590 1343 653 id
1356 597 1493 654 veterem
1508 581 1622 654 'nrauu-

313 698 462 780 scriptum
485 697 626 760 codicem
647 696 862 776 Digestorum,
884 698 938 778 qui
960 696 1055 759 isthic
1075 697 1160 760 iacet
1179 695 1210 758 in
1234 693 1315 758 cella
1337 693 1546 770 testudinata,
1569 678 1632 757 cu·⁰

314 801 395 864 riosc
408 799 519 863 visites.
539 805 670 881 oportet.
716 799 749 862 ln
762 798 883 863 leodem
895 817 1009 880 qucras
1021 797 1151 860 verbum
1168 797 1301 860 onerari.
1344 795 1424 859 Puto
1435 795 1628 877 legerrdurrr².

313 902 477 980 honorari,
505 903 581 983 quia
607 900 691 964 idern
721 901 896 985 Ulpianus3
925 888 1125 964 honorarium
1154 906 1248 962 vocat
1281 898 1434 980 premium
1465 897 1623 962 aduocato
1718 884 1720 887 ⁵

313 1002 516 1085 erogandum.
565 1003 722 1084 Versaris,
750 1012 784 1067 ut
810 1003 920 1083 rideo,
947 1004 978 1066 iu
1006 1004 1076 1085 ipso
1104 1001 1180 1064 iuris
1206 1000 1383 1065 meditullio
1411 1007 1444 1064 et
1470 1001 1562 1080 quasi
1588 1001 1621 1064 iu

313 1108 430 1172 vcntrc.
473 1104 557 1184 Quid
583 1105 650 1168 ita?
692 1105 775 1182 Quia
792 1107 981 1168 Accursius⁴
1002 1104 1082 1168 dicit
1102 1104 1179 1167 iuris
1199 1103 1370 1168 scienciam
1386 1103 1504 1167 habere
1526 1112 1623 1186 caput

310 1210 529 1274 iustitutioues
550 1215 581 1272 et
597 1207 691 1272 linem
713 1207 862 1272 Codicem
885 1207 1059 1271 edictorum
1078 1207 1309 1289 imperatorum.
1352 1206 1406 1270 Sic
1417 1205 1621 1286 cogitandum

312 1312 462 1394 relinquit
483 1311 617 1392 Digesta
638 1317 745 1374 tenere
767 1311 904 1374 mediam
926 1319 1048 1394 partem
1071 1310 1219 1393 Corporis
1241 1309 1386 1390 legitimi.
1428 1308 1494 1372 Fac
1515 1308 1622 1389 igitur,

315 1423 349 1479 ut
377 1422 484 1498 partes
511 1422 542 1478 et
574 1413 714 1477 membra
744 1418 775 1476 et
803 1413 899 1476 frusta
929 1413 1063 1493 colligas
1093 1413 1245 1476 inunum
1273 1414 1362 1493 quasi
1386 1430 1513 1495 corpus,
1542 1413 1622 1476 etsi

252 1557 254 1564 ·
314 1525 423 1584 venter
444 1515 526 1582 male
548 1515 658 1595 habet,
687 1515 805 1578 adhibe
827 1515 1014 1594 remedium,
1033 1515 1169 1579 tormina
1186 1521 1224 1578 et
1244 1514 1471 1595 stranguriam,
1494 1534 1622 1596 gouorr—
1711 1579 1714 1582 ,

315 1621 417 1700 heam,
439 1618 633 1702 dyspueanl,
656 1617 782 1696 tussim,
809 1617 965 1684 stomachi
986 1618 1126 1697 morbos,
1147 1617 1272 1682 dolores
1294 1617 1436 1696 laterum,
1457 1619 1532 1682 item
1555 1617 1623 1700 pul-

314 1723 432 1802 monis,
462 1723 567 1800 lienis,
600 1722 760 1800 iocineris,
787 1741 905 1802 renum,
931 1721 1161 1801 intestinorum,
1183 1720 1350 1784 ventriculi
1373 1727 1461 1802 saua',
1484 1721 1544 1786 boc
1565 1730 1623 1803 est,
1708 1796 1710 1799 ¹

314 1845 416 1910 prava
443 1824 574 1906 corrige.
622 1823 733 1912 Neque
760 1823 792 1888 id
821 1825 922 1888 solum
943 1825 1057 1903 facito,
1087 1823 1145 1888 sed
1174 1822 1396 1905 multomagis
1418 1823 1623 1905 adageudas

315 1947 445 2008 causas,
473 1926 513 1992 ad
536 1928 769 2010 componendas
791 1926 940 1991 formulas
961 1934 992 1990 te
1014 1946 1102 2010 para.
1143 1927 1257 1990 Parum
1280 1927 1408 2010 prodest
1433 1945 1526 1992 nosse
1553 1927 1623 2008 thy-

315 2032 478 2096 melicum‘
502 2029 684 2111 siguificare
705 2029 905 2106 histrionem,
928 2029 1086 2112 xyst-icum
1107 2029 1276 2108 athletam,
1298 2030 1533 2108 designatorem
1556 2049 1623 2112 pre-

301 2135 432 2198 ·l'cctum
453 2133 595 2197 ludorum
615 2130 801 2210 funebrium,
824 2132 885 2196 nisi
899 2131 1099 2216 respondere,
1120 2151 1243 2210 carere,
1265 2152 1355 2196 orare
1375 2133 1458 2196 scias
1478 2140 1510 2195 et
1532 2151 1624 2214 prag-

316 2237 451 2300 maticus
479 2235 510 2299 in
538 2235 680 2298 ral'riciis
708 2242 738 2298 et
760 2241 829 2299 astu
852 2234 1019 2298 dominari.
1068 2233 1254 2316 Heuningus
1279 2236 1363 2299 enim
1391 2241 1422 2300 et
1444 2235 1625 2300 consimiles

318 2340 399 2403 hanc
419 2345 556 2401 nostram
579 2337 772 2401 literaturam
794 2336 940 2402 derident
951 2344 1101 2418 tanquam
1114 2337 1252 2419 ineptias
1263 2344 1294 2401 et
1304 2338 1478 2402 ociosorum
1492 2337 1623 2402 fabulas.

319 2441 437 2505 Dicunt
463 2441 546 2504 euim
573 2441 613 2504 dc
633 2460 699 2520 me,
727 2439 767 2504 dc
796 2447 826 2504 tc
858 2450 890 2504 et
913 2439 1094 2524 ¹*pedatinoz
1128 2439 1265 2519 „Esist
1292 2439 1351 2504 dns
1378 2440 1510 2504 lathiu.“
1556 2439 1625 2516 Quo

318 2543 403 2608 dicto
424 2543 647 2607 subinsinuant
667 2543 747 2606 nihil
770 2563 826 2606 nos
847 2543 929 2606 scrire
950 2562 1052 2608 rerum
1074 2543 1243 2607 lorensium
1267 2549 1299 2606 et
1321 2542 1482 2622 honarum,
1504 2548 1625 2606 tantum

319 2647 496 2731 pertinaces
516 2663 585 2709 csse
606 2645 639 2708 in
662 2646 779 2717 verbis,
807 2643 886 2724 nihil
908 2664 966 2709 uos
993 2644 1113 2709 distare
1134 2666 1155 2709 a
1176 2644 1345 2729 theologis,
1374 2645 1437 2709 nisi
1458 2644 1542 2727 quod
1563 2665 1626 2709 uon

318 2747 445 2812 omuino
467 2747 601 2812 barbare
622 2749 809 2828 garriamus,
852 2747 999 2818 Preterea
1017 2756 1133 2811 vocant
1149 2747 1292 2830 ignaros,
1314 2746 1455 2822 stolidos,
1478 2746 1627 2830 illepidos

319 2859 351 2916 et
370 2851 418 2915 cui
448 2869 570 2914 omnem
597 2851 824 2916 obscenitatem
847 2850 963 2914 inesse*
978 2855 1099 2932 putant,
1120 2856 1241 2932 poetas.v
1271 2849 1393 2931 Vulgus
1415 2847 1498 2914 idem
1521 2850 1626 2914 scutit.

319 2954 390 3031 Qua
412 2973 444 3017 re
465 2973 527 3018 nou
550 2953 612 3018 ista
632 2953 664 3017 in
687 2952 857 3017 Beroaldi⁶
878 2952 1144 3017 annotaciouibus
1165 2952 1327 3036 explicata
1355 2952 1433 3016 tanti
1458 2952 1568 3031 l'acias,
1595 2959 1628 3016 ut

319 3055 378 3120 l'ori
398 3063 430 3120 et
451 3055 552 3120 litium
573 3055 782 3120 obliviscaris.
825 3055 948 3119 Primus
969 3054 1087 3135 gradus
1113 3055 1214 3119 estin
1240 3055 1327 3119 cirili
1347 3054 1499 3119 facultate
1519 3055 1627 3118 rimari

258 3226 260 3232 s
320 3160 439 3241 scripta
459 3158 669 3223 consultorum
692 3158 807 3222 etvini
829 3159 979 3239 cuiusque
999 3158 1086 3221 vocis
1107 3156 1292 3238 intelligere,
1312 3156 1468 3222 secundus
1490 3155 1628 3239 profiteri
1658 3198 1662 3205 ·

287 3245 289 3250 ¹
320 3260 383 3339 ius,
417 3257 605 3344 respondere
630 3260 881 3338 consulentibus,
914 3259 987 3323 stilo
1013 3259 1073 3338 uti,
1106 3261 1217 3324 tertius
1244 3269 1276 3322 et
1303 3260 1628 3342 supremus,or·atoris

321 3363 409 3443 iungi
440 3382 584 3441 munere,
617 3363 700 3444 qnod
724 3371 831 3446 potest
857 3363 999 3427 homines
1025 3363 1074 3426 vel
1103 3348 1244 3444 plebeios
1271 3361 1312 3425 ad
1339 3381 1417 3444 opes
1444 3367 1475 3424 ct
1494 3361 1627 3441 gloriam

320 3465 582 3548 splendoremque
604 3465 785 3549 prouehere.
827 3466 888 3530 llic
909 3485 971 3529 nou
993 3472 1057 3530 tam
1074 3464 1216 3528 latinitas
1237 3465 1322 3529 valet
1342 3484 1436 3545 quam
1459 3464 1630 3529 vernacula

322 3567 498 3647 calliditas,
530 3587 590 3630 nou
616 3575 679 3632 tam
703 3567 838 3632 scientia
859 3587 953 3649 quam
979 3569 1157 3646 temeritas,
1189 3587 1250 3630 non
1273 3575 1336 3630 tarn
1365 3567 1508 3650 probitas
1535 3587 1628 3648 quarn

392 3683 567 3748 'Fr-augum.
640 3674 652 3710 ¹'
674 3690 867 3749 lr'dppuoncnm.
938 3683 1176 3749 ‘Funymruunn

322 3833 375 3841 —a

387 3921 394 3961 ¹
419 3922 497 3978 ovid.
520 3921 760 3995 Metamorphcsou
780 3923 832 3993 111,
853 3922 926 3978 303:
963 3918 971 4012 '¹

593 4027 661 4093 Nec,
682 4045 737 4098 quo
758 4028 946 4082 ccntimnrmm
969 4027 1108 4081 deiecerat.
1128 4026 1192 4098 igue
1216 4027 1357 4100 Typhoea.

384 4125 397 4168 ‘2
419 4129 480 4201 Vgl.
494 4127 538 4184 lh.
550 4130 587 4182 66
605 4130 629 4184 S.
642 4129 682 4210 ut
703 4129 784 4184 rhum.
796 4131 819 4185 l.

383 4225 398 4266 3
421 4227 702 4299 dignaremini:
729 4228 760 4280 ln
783 4227 937 4281 honorariis
958 4228 1153 4281 aduocatorum
1182 4228 1220 4282 ita
1247 4230 1347 4282 versari
1371 4230 1451 4282 iudex
1472 4230 1572 4302 delict,
1600 4234 1631 4281 ut-

326 4327 377 4380 prc
398 4309 480 4362 rnudc
501 4309 556 4362 litis
577 4325 683 4378 proquo
703 4309 828 4362 advocati
849 4309 980 4361 lacuudiu
1077 4309 1296 4362 aestimationem
1319 4311 1456 4364 adhihent.

384 4409 396 4449 ⁴
419 4411 471 4464 Eiu
491 4410 635 4464 (llossntor
662 4412 709 4463 des
729 4407 836 4480 Corpus
866 4409 947 4477 iuris,
977 4412 1027 4463 der
1050 4411 1130 4482 lange
1153 4412 1213 4465 Zrit
1239 4431 1347 4482 grrrsses
1369 4410 1499 4466 Ausehcn
1522 4429 1630 4482 genuus.

323 4493 361 4547 Er
382 4492 455 4546 lehte
478 4509 522 4544 um
546 4490 630 4545 1300.
674 4491 734 4560 l'gl.
755 4491 845 4544 Trith.
867 4490 911 4544 lle
933 4491 1026 4560 script.
1049 4493 1147 4545 eccles.
1165 4493 1186 4556 l,
1207 4511 1234 4563 p.
1249 4493 1314 4546 305.

384 4591 398 4634 ⁵
420 4595 481 4664 l'gl.
503 4592 547 4646 Br.
565 4593 599 4645 67
625 4593 650 4648 S.
666 4592 703 4644 95
725 4591 808 4646 Anm.
821 4591 849 4651 2,
