3625 5192
625 371 713 433 Buicia
732 377 850 435 Mutians
870 379 911 434 90.
931 381 972 434 ul.
992 379 1034 436 92.
1433 387 1480 440 lul

177 517 338 604 ignorant,
368 530 485 604 tecum,
515 533 547 590 ut
568 526 649 592 liber
669 535 730 608 est,
758 529 855 594 libone
884 533 1139 598 communicabit.
1188 535 1216 600 Ο
1242 534 1383 617 lepidum
1412 557 1484 600 oon-

177 625 305 698 viviuns,
328 647 346 688 o
369 647 470 690 raram
492 627 708 694 sodalitatem!
752 631 881 696 Utinam
905 633 955 698 bic
973 655 1092 700 tuocum
1107 637 1257 702 viveretis
1272 639 1305 701 in
1328 641 1484 704 nutricatu

178 727 260 790 meoi
302 725 365 791 Sed
388 729 535 810 quoniam
561 729 619 794 boc
640 731 705 797 ficri
734 753 796 798 non
820 741 938 817 potest,
966 736 1077 802 sedate
1098 738 1235 803 ieramus
1261 741 1484 804 necessitatem

176 847 308 911 eamque
330 829 549 896 vicissitudine
570 833 732 898 liturarum
753 836 902 902 leuiorem
919 837 1096 904 reddamus.
1139 839 1331 906 Emissarius
1352 842 1406 907 ille
1427 861 1483 906 seu

176 930 357 1012 ovigemlus
380 933 516 998 lliunns¹
542 935 685 1014 brochus,
706 938 769 1002 imo
790 939 892 1020 labeo,
914 942 976 1005 imo
995 943 1333 1008 dentatusoncrondus
1355 944 1483 1027 quidem

177 1041 225 1098 cst
245 1034 405 1100 literanum
426 1037 595 1106 fasciculis.
638 1039 718 1106 Huic
744 1063 800 1107 vos
822 1042 1026 1126 epistolarum
1054 1052 1204 1127 tanlquam
1232 1047 1363 1111 vitiario
1384 1046 1482 1110 clitel-

177 1135 257 1200 lario
278 1138 436 1204 sarcinam
456 1141 636 1226 imponatis,
680 1143 751 1208 Non
769 1145 1165 1229 interponiteprolationes
1186 1167 1271 1213 more
1293 1147 1484 1228 tabularum,

177 1238 291 1318 quibus
317 1242 564 1323 pmorastinaoio
587 1244 684 1327 litigii
704 1246 788 1311 lucro
814 1255 877 1326 est,
911 1249 967 1312 sed
990 1269 1089 1332 nsque
1114 1259 1145 1315 ct
1177 1269 1275 1332 usque
1308 1250 1483 1334 depromite

177 1339 284 1406 vinum
307 1342 448 1408 Minerve
468 1345 608 1413 Romane
630 1369 669 1413 cx
692 1349 771 1413 cella
791 1351 928 1431 musica,
953 1370 1047 1433 quam
1069 1372 1130 1433 ego
1152 1353 1225 1432 tibi,
1248 1353 1390 1427 Urbane,
1420 1373 1483 1416 nou

177 1444 281 1508 minus
308 1464 401 1526 qulam
431 1447 587 1530 publicam
619 1449 739 1516 ordinis
766 1452 979 1517 concreditam
1011 1473 1081 1519 csse
1109 1455 1195 1535 volo,
1225 1463 1259 1519 ut
1290 1456 1423 1520 salutem
1452 1464 1483 1519 te

178 1543 270 1610 latini
291 1550 417 1631 penoris
438 1571 578 1634 promum
601 1561 632 1616 et
650 1553 821 1618 cellaninm.
864 1553 956 1620 Dedo
977 1577 1027 1620 me
1049 1557 1081 1620 in
1103 1564 1190 1621 tuam
1211 1557 1373 1624 ditionem.

257 1648 304 1714 Ex
327 1651 442 1731 Gotho,
465 1653 538 1719 stilo
560 1655 723 1720 subitario.

248 1796 429 1844 Hundsclun'itl.
454 1797 522 1846 Hb
541 1801 583 1848 fol.
604 1801 761 1850 lov-liin.
815 1803 890 1852 Geor.
916 1804 939 1852 b.
958 1805 992 1851 Tz
1012 1807 1034 1852 S.
1053 1805 1083 1852 ul
1109 1822 1154 1851 von
1176 1805 1294 1852 Omnium
1318 1806 1425 1866 primuni
1447 1805 1484 1852 bia

178 1879 259 1911 raram
281 1867 446 1915 sodalitatem.

178 2090 236 2162 92.
260 2090 304 2162 lll.
319 2111 363 2160 an
380 2091 514 2163 Uiben.
595 2091 735 2178 (Gotho.
763 2092 950 2160 Zwlscben
963 2092 1063 2159 Eudo
1074 2095 1159 2164 1505
1172 2113 1209 2161 u.
1221 2092 1354 2161 lierbst
1367 2093 1482 2178 1508.)

246 2217 308 2265 Mul.
328 2219 389 2264 hom
409 2218 454 2263 mit
474 2218 556 2263 acinon·
574 2217 773 2264 Golaluraamlueil
792 2219 935 2264 ullmiibliub
954 2221 1018 2264 unuln
1034 2219 1213 2278 l'riimmipkoit
1234 2220 1284 2265 und
1297 2219 1432 2278 lloiligkoit
1453 2235 1482 2264 zu

177 2288 325 2334 vorbindon.
363 2289 396 2333 En
414 2287 652 2347 ontsclmldigtsicb,
673 2288 757 2334 l'nbnn
777 2289 875 2335 inaulicb
896 2289 965 2335 niclnt
989 2291 1156 2347 uuiipufordort
1174 2305 1204 2334 zu
1224 2289 1305 2336 babon
1324 2289 1365 2335 bci
1383 2290 1433 2334 ilum
1454 2305 1483 2335 zu

178 2359 357 2418 liban-nachtsn,
378 2357 427 2404 und
447 2359 513 2417 noigl
531 2359 583 2404 sich
602 2359 641 2404 iim
659 2359 702 2404 dos
721 2359 847 2406 l'raundos
866 2360 1023 2406 Gosuudheit
1042 2360 1151 2418 bosongt.

257 2457 393 2521 Heurioo
416 2456 572 2522 Urbano
593 2456 809 2539 religiosorum
832 2457 1076 2540 sapientissimo.
1491 2527 1495 2536 ,

258 2559 290 2624 S.
332 2558 473 2642 Exposui
495 2560 553 2622 tibi
580 2560 746 2624 consilium
774 2579 876 2624 meum
902 2560 943 2624 de
971 2561 1091 2643 pictate
1120 2569 1234 2626 nostra.
1281 2560 1368 2625 Deus
1394 2563 1484 2641 linxit,

176 2671 211 2726 ut
232 2681 478 2746 promoveamus.
521 2661 621 2738 Quem
649 2661 838 2726 eruditulum
867 2668 975 2746 putas,
1003 2662 1056 2727 fiet
1082 2663 1178 2727 ctiam
1207 2663 1370 2727 sanctulus
1395 2663 1482 2727 adin-

178 2773 284 2831 mcnto
306 2763 489 2829 Salvatonis.
531 2764 599 2828 Hoc
621 2764 678 2828 tibi
702 2764 815 2848 placet.
859 2764 899 2827 lit
921 2772 954 2828 tu
981 2765 1049 2828 beni
1072 2765 1222 2849 placebas
1247 2773 1342 2846 atque
1364 2766 1422 2841 ita,
1452 2773 1486 2828 ut

176 2873 231 2931 tua
252 2868 413 2950 presentia
430 2867 573 2932 salvatus
595 2885 663 2932 esse
687 2866 820 2931 viderer.
864 2866 968 2930 Unum
991 2866 1164 2949 displicuit,
1186 2867 1270 2949 quod
1291 2886 1361 2932 seno
1382 2868 1485 2930 l'ccisti

177 2971 366 3035 montionem
388 2969 429 3034 de
448 2969 568 3034 l'amula
588 2976 735 3051 suspecta
755 2977 787 3032 et
809 2970 959 3052 penituit,
991 2969 1076 3050 quod
1100 2976 1132 3033 te
1151 2970 1241 3033 abice
1267 2988 1380 3052 passus
1405 2987 1483 3031 sunu.

178 3072 303 3138 Fuisset
323 3073 468 3138 amicicie
490 3073 535 3136 uti
549 3073 632 3136 leuto
653 3078 766 3137 nostro.
808 3073 902 3150 Cura,
922 3081 955 3135 ut
969 3072 1078 3136 valeas
1099 3073 1330 3152 etsuuguincm
1347 3071 1486 3146 mittam,

175 3175 232 3239 sed
257 3175 389 3240 modice.
432 3175 548 3239 Anima
569 3182 617 3238 cst
639 3174 672 3239 in
694 3175 858 3253 sanguine,
879 3193 941 3256 quo
953 3177 1094 3238 detracto
1104 3173 1235 3257 spiritus
1252 3192 1314 3237 una
1326 3174 1484 3236 minuitur.

177 3277 252 3341 ldeo
275 3265 406 3342 minutio
434 3277 538 3356 dicta,
571 3295 664 3359 quium
693 3277 851 3340 Ausonius
876 3275 996 3359 accipit
1021 3297 1078 3359 pro
1104 3277 1189 3340 coitu
1216 3294 1357 3340 venereo.
1403 3278 1485 3336 Anna

177 3378 394 3464 Spoletinum,
415 3380 469 3462 qui
491 3388 522 3443 te
544 3379 619 3443 colit
640 3385 674 3442 ut
694 3385 869 3460 patronum.
912 3379 979 3443 Nos
1005 3379 1132 3443 bononis
1158 3378 1204 3442 tui
1225 3397 1351 3460 semper
1368 3377 1485 3439 erinnus

175 3481 308 3547 studiosi
332 3488 363 3546 et
386 3501 550 3566 speramus
572 3501 633 3545 non
660 3483 704 3544 ita
726 3481 877 3545 vecordos
900 3482 964 3544 tore
986 3481 1154 3560 barbaros,
1182 3488 1215 3543 ut
1238 3479 1400 3543 Urbanum
1422 3496 1483 3540 me-

177 3585 236 3648 rito
261 3585 381 3668 premio
402 3584 557 3665 laudeque
581 3583 734 3648 llaudeut.

257 3687 305 3750 lix
329 3686 443 3752 edibus
465 3686 589 3751 nostris.
1035 3754 1037 3756 ,

247 3811 429 3857 llandsclnriill.
448 3809 511 3856 1³26
531 3809 571 3856 l'ol.
585 3809 640 3856 lor.
679 3809 754 3856 siccin.
774 3808 798 3856 b.
817 3807 850 3854 Τπ
869 3809 891 3858 S.
904 3807 935 3855 :31
955 3823 1000 3854 roo
1019 3809 1126 3868 Rxposui
1146 3808 1192 3854 tibi
1211 3807 1247 3852 ln'n
1265 3807 1331 3853 coitu
1350 3819 1465 3853 vcuuorco.

178 3947 378 3956 ——-—-—-

240 4043 250 4084 ¹
273 4045 337 4117 Vgl.
361 4045 406 4098 Bu.
420 4043 457 4098 25
478 4042 505 4100 S.
519 4043 566 4096 35.
589 4041 672 4096 Anm.
685 4043 710 4097 li.

242 4123 256 4165 ‘⁹'
277 4127 372 4181 llclncn·
392 4127 436 4179 dio
449 4125 566 4178 minutio
578 4123 719 4194 sannguiuis
736 4123 791 4192 gub
813 4141 841 4176 os
866 4123 892 4176 in
907 4123 959 4175 den
971 4121 1102 4176 Kilistcnn
1113 4121 1271 4175 bustimmta
1281 4118 1484 4175 l'onschril'tcn.

180 4207 225 4261 Sic
255 4207 347 4260 dmdlu
376 4225 427 4259 nur
459 4223 491 4259 zu
528 4205 659 4274 gewissou
685 4205 778 4257 Zoilum
809 4221 1023 4274 n'on·gennounmen
1053 4205 1171 4255 nondun.
1221 4202 1281 4270 vgl.
1310 4199 1357 4253 Du
1384 4199 1483 4269 Gange.

178 4287 267 4342 (lions.
291 4288 414 4341 minucio
434 4288 604 4356 saligninem.
