3625 5192
302 320 354 379 226
673 300 933 412 Gesohichtsqnellon
953 325 1001 381 der
1019 322 1097 381 Prov.
1115 322 1238 382 Seclrsom

302 478 414 537 vertat.
457 473 639 557 Discipulos
665 482 714 539 est
738 476 851 559 prioris
879 478 1033 560 posterior
1053 474 1158 554 dies,1
1187 482 1221 537 ut
1240 474 1343 556 inquil
1362 470 1611 557 mimographus,

302 594 482 657 quanquam
505 576 574 659 ipse
592 576 763 641 literarium
785 578 922 658 quietem
945 579 995 642 vel
1008 576 1215 661 amplissimis
1229 575 1502 658 procurationibus
1522 580 1610 639 antc-

300 680 421 743 t'errenr.
464 677 552 743 Vale.
584 680 716 743 Cursim.

384 778 496 844 Gothe.
524 780 574 843 Ad
596 780 756 845 Calendus
776 780 894 846 lunias.
1325 780 1540 845 Mutianus..

374 921 555 969 Ilundsuhrilll.
575 921 636 969 Coll.
657 922 725 970 l'um.
746 922 813 969 Mon.
834 922 888 969 Vol.
907 922 975 969 VIII.
995 937 1033 982 op.
1053 921 1094 969 24.
1122 921 1270 981 aelrrloproplr.

301 1250 384 1316 562.
406 1247 450 1316 ll.
470 1268 514 1316 an
536 1218 725 1333 Potrojuss
1159 1246 1305 1333 (llotlra)
1324 1247 1420 1318 1516.
1454 1246 1543 1313 luni
1553 1247 1608 1312 13.

370 1406 432 1455 Mul.
452 1407 576 1467 wstrrseht,
603 1406 659 1453 dass
679 1406 791 1465 Petrcjus
812 1404 859 1451 den
880 1404 1010 1463 tiichtigou
1030 1404 1156 1452 GrIeehcn
1174 1403 1308 1464 Mosellam,
1327 1420 1400 1450 wenn
1421 1419 1449 1450 er
1467 1403 1608 1461 uberhaupt

301 1478 403 1536 Leipzig
426 1478 554 1523 rorlassen
577 1477 660 1535 wollc,
683 1476 748 1522 nach
775 1476 860 1521 Erfurt
888 1490 918 1521 zu
937 1474 1025 1521 ziehcn
1050 1476 1125 1521 suche
1154 1474 1204 1521 und
1231 1475 1283 1520 sich
1308 1474 1351 1521 dos
1369 1474 1478 1533 Mardus,
1501 1473 1610 1518 walchen·

301 1548 446 1593 donrndclut
469 1547 671 1594 eiuflussreielren
692 1546 823 1593 Erfurtern
842 1546 982 1606 emplohlcn
1002 1545 1101 1591 werden
1120 1546 1189 1605 sollu,
1208 1545 1340 1593 annehme.

381 1665 505 1730 Petreio
527 1664 730 1745 integerrimo
751 1668 783 1727 et
804 1662 986 1729 doctissimo
1007 1682 1072 1730 suo.

381 1768 411 1832 S.
455 1766 502 1833 De
531 1767 626 1831 Petro
652 1766 713 1830 loci
740 1765 932 1847 Phcdrom.²
991 1766 1059 1831 Hec
1079 1768 1186 1832 Attica
1207 1768 1299 1832 lllusa
1326 1766 1408 1832 belle
1438 1766 1610 1847 grccissat,

301 1869 394 1935 docet
415 1869 574 1953 plurimos.
616 1868 737 1933 Vellem
760 1867 854 1931 isthic
875 1876 994 1949 ageret,
1015 1888 1088 1931 nam
1110 1869 1199 1954 Lipsi
1213 1869 1350 1935 Crocus³
1371 1888 1463 1951 grece
1485 1867 1613 1952 prolite-

300 1981 349 2036 tur
375 1971 561 2051 Britannus,
588 1970 640 2034 hio
661 1970 853 2034 Mosellanus
879 1977 927 2033 est
952 1968 1058 2033 adhuc
1080 1970 1249 2035 admodum
1277 1970 1481 2051 adolescens,
1504 1969 1611 2051 homo,

299 2082 332 2138 nl
360 2074 474 2139 faciam
502 2072 704 2138 summarium
726 2071 952 2152 indicaturam,
979 2072 1068 2153 pios,
1095 2072 1277 2153 disertnlus,
1307 2072 1424 2137 latinus
1446 2080 1542 2154 atque
1562 2073 1612 2137 ita

299 2196 423 2259 grecus,
454 2182 488 2239 ut
512 2175 662 2239 admirari
691 2172 802 2256 possis.
851 2173 944 2255 Legit
970 2180 1059 2258 apte,
1088 2182 1197 2239 cantat
1218 2175 1401 2253 Homerum,
1423 2173 1610 2254 Hesiodum,

298 2277 510 2344 Theocritum.
558 2278 695 2341 Eciamsi
723 2276 820 2341 llome
848 2282 945 2351 esset,
976 2275 1101 2342 laudem
1122 2277 1286 2341 inveniret.
1327 2276 1454 2355 Scribe,
1482 2277 1611 2358 amabo,
1643 2276 1649 2287 '

298 2380 341 2445 ad
357 2380 514 2445 Phedrum
536 2386 568 2443 et
589 2379 692 2444 invita
713 2379 771 2443 sub
793 2377 853 2443 hac
875 2379 956 2461 lege,
980 2385 1021 2457 ut,
1043 2380 1071 2443 si
1092 2379 1192 2443 locum
1213 2381 1358 2444 mutare*
1378 2380 1466 2460 velit,
1486 2378 1529 2444 ad
1550 2398 1612 2445 ros

298 2481 433 2547 devolet.
489 2482 604 2546 Amisit
631 2481 790 2545 Boemum.
822 2480 974 2564 Princeps
996 2480 1137 2545 delector
1170 2482 1312 2546 tenacior
1340 2488 1389 2546 est
1416 2501 1511 2563 quarn
1537 2482 1610 2546 fuit

297 2584 407 2665 Negat
432 2584 594 2667 stipendia
622 2604 683 2648 non
711 2582 821 2666 paucis
842 2602 898 2647 suo
921 2581 1088 2647 consulens
1107 2580 1198 2664 fisco,
1221 2584 1279 2648 etsi
1298 2585 1437 2648 omnium
1459 2583 1611 2649 Mecenas

297 2685 361 2751 dici
381 2690 448 2751 iure
467 2685 590 2751 debeat
635 2686 701 2750 Hec
722 2686 838 2769 raptim
860 2704 880 2747 a
900 2704 989 2749 cena.

380 2788 513 2854 Eidibus
535 2788 644 2853 luniis.
666 2788 758 2853 Anno
780 2786 932 2851 MDXVl.

377 2891 477 2956 Adest
498 2891 682 2957 tabellarius
705 2890 826 2973 Lipsim
849 2890 964 2969 iturus,
984 2908 1076 2971 quem
1098 2889 1175 2953 mihi
1199 2891 1301 2955 lustus
1321 2888 1475 2971 Menios⁵‚
1495 2892 1611 2957 matris

297 3000 349 3058 tue
375 2993 533 3073 cervulus,
561 3012 635 3057 vere
664 2992 764 3056 bonus
786 2990 973 3056 adolescens
994 2996 1026 3054 et
1046 2990 1159 3055 docilis
1180 2992 1304 3057 obtulit
1352 2991 1444 3056 llunc
1465 2992 1609 3057 Meuium

295 3096 354 3161 tibi
377 3096 561 3181 plurimum,
584 3095 624 3159 mi
647 3094 810 3159 carissime
831 3093 951 3171 Petrei,
976 3093 1161 3158 commendo
1183 3099 1255 3176 post
1274 3092 1470 3174 sigillifeross
1487 3101 1520 3159 et
1536 3094 1611 3159 Osi-

295 3199 432 3263 nrondo⁷
452 3204 484 3263 et
505 3197 699 3262 Rhainensi³
718 3194 852 3260 fideliter
874 3194 1157 3260 commendaturus.
1199 3194 1292 3259 Nunc
1313 3195 1397 3259 enim
1419 3214 1555 3278 propero
1576 3205 1612 3261 et

295 3300 361 3363 alia
381 3298 525 3365 meditor.
567 3296 655 3378 Vale,
678 3297 772 3362 salve.
1193 3297 1297 3361 Tuus
1318 3296 1523 3363 Matienus.

321 3512 329 3529 θ
366 3444 546 3492 Hundschriltl.
566 3444 628 3491 Coll.
647 3444 716 3490 Cum.
737 3442 803 3491 Mon.
823 3444 878 3491 Vol.
901 3442 960 3489 VIII
978 3456 1017 3502 cp.
1036 3442 1078 3492 35.
1107 3442 1257 3501 Actcproplr.

297 3604 496 3612 m*—

358 3712 370 3754 1
391 3715 471 3770 Mimi
491 3716 622 3771 Publiani
644 3736 662 3771 v
683 3716 718 3770 87
743 3717 771 3771 in
792 3720 841 3772 der
862 3716 994 3790 Ausgube
1016 3734 1070 3771 ron
1092 3714 1180 3772 1521.

356 3792 369 3835 ²
391 3796 454 3867 Vgl.
477 3794 522 3851 Br.
536 3796 592 3849 559
614 3798 640 3853 S.
653 3796 717 3849 224.
825 3793 843 3853 3,
860 3797 924 3869 Vgl.
942 3796 1058 3851 Bcbol
1080 3796 1105 3853 S.
1117 3795 1172 3848 221
1196 3794 1278 3849 Anm.
1300 3795 1328 3850 3.

356 3871 371 3915 4
394 3876 457 3948 Vgl.
477 3876 521 3929 Br.
534 3876 600 3931 559.
702 3872 716 3915 ⁵
737 3877 799 3949 Vgl.
822 3876 868 3931 ΒΓ.
880 3876 936 3931 431
960 3876 987 3932 S.
1003 3878 1040 3930 89
1062 3876 1144 3931 Anm.
1159 3874 1185 3930 9.

358 3952 371 3995 ¹5
393 3956 505 4012 Johann
528 3955 708 4029 Sdrnrnering.
748 3956 811 4029 Vgl.
833 3958 878 4015 Br.
895 3958 926 4010 ll
951 3956 977 4013 S.
991 3956 1025 4010 17
1047 3957 1130 4013 Anm.
1151 3956 1176 4010 1.

356 4032 369 4078 7
388 4037 452 4109 Vgl.
471 4036 517 4093 Br.
533 4036 590 4089 242
610 4036 637 4092 S.
652 4037 709 4090 318
731 4036 814 4092 Anm.
829 4038 856 4091 3.

355 4110 369 4156 Β
390 4117 556 4173 Ludowicus
576 4117 738 4189 Londorgut
756 4118 790 4173 de
811 4118 890 4173 llain
932 4118 995 4189 Vgl.
1013 4116 1059 4176 Br.
1073 4116 1130 4172 152
1152 4115 1180 4172 S.
1193 4114 1251 4170 323
1273 4115 1356 4173 Anni.
1371 4115 1398 4167 1.
1437 4142 1441 4149 ·
