3625 5192
296 265 348 317 424
678 261 937 332 Geschlch'tsquelleu
957 265 1004 317 der
1024 263 1096 316 Pror.
1117 263 1240 316 Saebsen.

297 432 422 494 quoqne
449 410 556 493 linem3
591 413 713 497 experti
743 416 889 476 revocate
924 411 1046 478 animos
1073 418 1269 493 mestumque
1297 413 1439 476 timorem
1476 410 1601 486 mittite,

298 518 403 580 forsan
426 524 459 580 et
483 516 543 580 beo
563 515 637 580 olim
664 515 846 580 meminisse
868 514 991 578 iuvabit
1002 516 1022 578 ¹.
1070 514 1202 593 Verum,
1228 513 1271 576 mi
1293 513 1439 592 Urbane,
1471 533 1540 576 oum
1562 515 1603 576 sit

297 618 449 683 Cotianus
469 625 501 704 et
521 625 635 682 natura
653 617 808 698 garrulus,
827 637 889 680 non
913 616 1247 699 patefaciesiudieinrn
1269 635 1380 680 meum.
1426 617 1460 680 lu
1478 635 1516 680 eo
1538 616 1602 680 lau-

296 719 421 784 dandus
435 725 493 799 est,
512 720 596 801 qnod
608 718 715 784 Musas
735 727 839 782 tuetur
859 727 891 783 et
912 719 1031 783 exultat
1051 718 1200 782 iuvenum
1222 717 1338 782 studia.
1381 718 1407 780 N
1413 739 1464 782 am
1486 728 1518 782 ot
1539 719 1604 782 illis

297 822 414 886 debent
434 821 582 895 studiosi,
610 820 665 903 qui
697 820 779 884 male
801 819 983 884 docuerunt.
1025 818 1124 884 Olfert
1144 819 1178 883 in
1200 819 1315 902 templo
1337 820 1488 901 quisque,
1520 820 1603 901 quod

297 930 409 1009 potest.
452 923 516 986 Alit
545 923 677 1006 stipem,
706 921 761 986 alii
789 941 899 986 easeos
928 928 960 985 et
985 939 1054 986 ova.
1106 921 1193 986 Deus
1221 922 1329 984 omnia
1355 922 1435 986 bene
1457 923 1604 992 oonsulit,

299 1025 377 1090 nibil
398 1025 530 1089 fastidit.
573 1024 644 1088 Non
665 1043 774 1087 omnes
795 1030 927 1106 possunt
953 1041 1021 1087 osse
1047 1023 1183 1105 patrioii.
1226 1022 1354 1102 Tradit,
1380 1031 1530 1104 errantum
1558 1024 1604 1086 di-

297 1128 376 1192 dioit
397 1127 578 1206 traditurus,
598 1125 743 1205 arbitror,
764 1125 904 1201 meliora,
926 1124 954 1188 si
974 1123 1114 1188 baberet.
1158 1124 1246 1190 Vale.

378 1229 440 1294 Die
461 1235 571 1294 sanote
589 1227 769 1292 Felicitatis
788 1234 820 1291 et
840 1234 961 1309 septem
982 1224 1122 1290 tiliorum.

368 1369 548 1415 Handschriltl.
567 1369 587 1413 F
601 1367 652 1413 214
674 1369 717 1413 iol.
735 1365 927 1413 llrir-litlv.
973 1364 1047 1412 Gedr.
1066 1365 1091 1411 b.
1110 1365 1144 1410 'ln
1162 1368 1186 1412 S.
1204 1367 1348 1414 144-145
1374 1385 1418 1414 sorr
1439 1370 1499 1430 ltegi
1517 1370 1605 1416 Batra-

299 1438 521 1499 ohomyomachian
539 1438 576 1484 bis
595 1437 616 1484 si
636 1437 747 1484 baberet.

853 1561 1051 1572 ψ..-

299 1662 375 1732 331.
397 1662 442 1734 ll.
464 1681 510 1729 an
530 1661 665 1733 Urban.
1071 1659 1216 1745 (Gotho)
1229 1661 1323 1728 1513.
1356 1662 1555 1730 llonenrbor
1570 1667 1605 1736 o.

368 1809 430 1856 Mur.
448 1809 578 1855 botranort
596 1808 645 1855 den
663 1808 716 1854 'l'od
734 1807 778 1852 des
792 1807 917 1861 Erasmus,
936 1807 979 1854 des
997 1807 1281 1867 gelolrrtestenlllannes
1301 1815 1374 1855 untor
1394 1809 1441 1855 don
1453 1810 1606 1858 llorrtschen.

299 1882 333 1927 Er
351 1880 443 1926 rlebtot
462 1879 575 1941 mohrere
592 1879 712 1938 Austritge
733 1891 766 1923 an
784 1877 879 1923 Urban.

379 2000 520 2064 Henrieo
542 1998 717 2069 Urbano,
739 1997 808 2062 viro
830 1996 1054 2079 eruditissimo,
1077 1997 1238 2081 Martianus
1258 1998 1365 2063 Rulus.

381 2107 412 2167 S.
455 2102 513 2165 Vel
536 2101 730 2166 clarissimus
750 2099 860 2165 doctor
885 2105 918 2163 et
941 2099 1095 2182 interpres
1117 2100 1353 2183 proverbiorum
1374 2101 1524 2166 Erasmus
1547 2103 1606 2166 ole-

300 2205 438 2288 gantiori
460 2205 606 2268 doctrina
626 2211 659 2267 et
674 2202 828 2284 singulari
850 2203 1002 2266 taoundia
1013 2203 1179 2268 decoratus
1188 2204 1257 2284 ibit,
1279 2224 1370 2276 nurre,
1392 2207 1607 2286 prelatorum

300 2303 536 2389 iniquitas'est,
563 2307 737 2369 oinet'aotus
755 2303 899 2367 extabuit
928 2312 960 2368 et
983 2306 1184 2387 aequieseit‘l.
1226 2304 1404 2388 Ademptaa
1433 2307 1524 2371 bonis
1556 2307 1608 2372 ob-

301 2410 435 2475 leetaeio
456 2417 488 2472 et
508 2426 630 2472 summa
650 2406 778 2488 quidem
804 2405 942 2485 utilitas,
968 2407 1030 2470 imo
1057 2427 1131 2490 spes
1158 2407 1311 2489 quedam,
1340 2427 1413 2471 nam
1436 2409 1609 2492 scripturus

303 2511 424 2574 eratin
446 2509 599 2593 epistolas
618 2508 725 2587 Pauli,
747 2509 848 2592 eniam
871 2507 1042 2590 colligebat
1063 2511 1290 2574 annotaoioues
1314 2510 1348 2573 in
1371 2529 1478 2575 saer-as
1500 2511 1609 2576 literas

302 2631 456 2677 consensu
476 2611 639 2694 petituque
659 2610 879 2676 studiosorum.
922 2611 1013 2688 Quod
1035 2618 1140 2675 autem
1166 2613 1277 2675 uirens
1299 2611 1417 2691 edidit,
1445 2620 1609 2696 aooeptuur

302 2713 343 2777 ab
362 2712 447 2776 omni
467 2711 576 2777 sohola
596 2719 628 2776 et
649 2712 817 2795 probatum
837 2720 893 2778 est.
943 2713 1022 2791 Quis
1051 2713 1135 2776 enim
1157 2732 1219 2776 non
1241 2711 1386 2777 laudaret
1412 2721 1444 2778 et
1471 2713 1607 2778 admira·

303 2823 386 2880 retur
408 2821 472 2877 tam
494 2815 628 2878 electum
654 2814 782 2878 dicendi
810 2834 929 2896 genus,
954 2822 1019 2879 tarn
1046 2816 1162 2878 oultam
1188 2815 1414 2894 eruditionem,
1442 2815 1516 2879 nisi·
1530 2817 1610 2881 t'orte

303 2918 367 2980 sint
395 2916 538 2980 nonnulli
567 2932 607 2981 ex
627 2916 869 2982 theobardornm
897 2917 1051 2998 diatriba,
1084 2917 1137 3000 qui
1166 2917 1279 2980 malint
1314 2915 1354 2980 de
1380 2919 1448 2981 l'eee
1476 2916 1610 2981 haurire.
1669 2937 1678 2950 ·

301 3019 418 3082 Amisit
438 3018 491 3083 bie
511 3027 618 3083 noster
639 3020 817 3101 corporalia
839 3021 931 3100 bona,
952 3017 1008 3084 sed
1029 3019 1171 3100 possidet
1191 3025 1299 3082 eterna
1312 3027 1345 3082 et
1365 3018 1491 3083 laudem
1513 3020 1610 3084 nomi-

303 3123 354 3186 nis
386 3121 602 3185 immortalem.
653 3121 745 3186 Huno
775 3141 835 3202 ego
866 3122 1018 3186 arbitrum
1050 3128 1082 3186 et
1112 3121 1298 3202 magistrum
1334 3120 1517 3202 eloqueneie
1549 3141 1611 3184 non

304 3241 431 3306 possum
454 3242 516 3287 non
538 3225 685 3306 prosequi
709 3223 847 3305 eulogio:

741 3362 863 3427 Gavisa
883 3368 933 3427 est
953 3361 1081 3445 politior

706 3463 897 3528 Humanitas
918 3463 1081 3528 Erasmioo

706 3566 841 3650 Seripto,
862 3566 946 3648 qnod
967 3567 1155 3632 assectarier

706 3668 796 3734 Multi
818 3669 937 3739 volunt,
961 3669 1073 3752 paneis
1094 3668 1204 3734 datum

708 3770 781 3834 Pari
803 3771 913 3835 fruisoi
935 3771 1046 3852 gloria.

708 3871 800 3936 Nune
821 3878 908 3937 muta
932 3880 979 3937 est
1000 3872 1129 3956 politior

707 3973 895 4039 Humanitas
916 3975 1045 4039 interitu

704 4077 874 4160 Scriptoris
895 4077 1109 4143 illustrissimi.

376 4195 388 4223 ²
405 4202 440 4246 Ta
458 4201 566 4247 ademta.

367 4410 378 4453 ¹
399 4414 503 4486 Vergil
521 4413 625 4469 Aeneis
635 4415 658 4480 l,
670 4414 726 4468 199
741 4432 767 4470 u.
779 4414 957 4471 ‘lua-203.

365 4489 380 4534 2
400 4494 530 4550 Erasmus
550 4495 625 4550 starb
645 4500 702 4551 erst
721 4501 792 4550 etwa
814 4495 831 4549 2
852 4494 1013 4550 Dezennien
1036 4497 1138 4570 spiiter.
