3625 5192
690 358 780 419 Brieie
797 364 918 423 Mutisns
937 364 978 421 ll.
1455 368 1488 426 17

184 508 298 577 bonum
324 521 357 577 et
386 508 426 576 oh
454 511 487 577 id
515 514 610 577 nimis
635 512 806 579 llexibilem
833 524 864 581 et
890 516 1068 592 credulum,
1096 524 1204 601 utpote
1230 520 1285 601 oui
1314 540 1334 585 a
1365 521 1492 587 callidis

184 635 434 699 quoquoversum
468 635 529 682 uno
556 616 652 680 verbo
678 616 869 701 impellatur.
917 618 969 683 hie
998 620 1040 683 ab
1067 638 1105 684 eo
1141 620 1265 685 iniuriis
1297 636 1329 686 et
1363 621 1492 704 quidem

183 736 242 781 sua
269 737 364 783 manu
390 718 518 802 scriptis
541 724 759 802 provocatum,
786 722 843 785 sed
865 722 948 786 velle
970 722 1117 789 oblivisci
1138 730 1170 789 et
1191 725 1370 806 ignoscere,
1399 724 1492 789 modo

182 826 314 900 curaret,
337 840 376 885 ne
396 831 622 905 perseveraret.
667 820 734 889 Hoc
754 824 900 907 promisit
921 842 1017 906 eques
1037 844 1072 889 se
1091 825 1256 891 lecturum.
1297 826 1385 891 Bene
1403 826 1493 891 ridet

185 940 236 985 rue
257 942 318 986 non
341 925 499 1009 respicere
520 926 601 991 tales
623 929 742 993 amicos
762 926 896 1009 ideoque
917 928 990 1011 plus
1010 929 1234 993 stomachatur.
1267 928 1493 995 Osoresnostri

184 1023 255 1106 plus
284 1025 425 1091 incitant.
470 1026 538 1110 Ego
568 1028 733 1111 indignum
762 1036 837 1111 puto
868 1029 1078 1109 limitaneum,
1105 1030 1232 1111 quicum
1266 1030 1393 1115 publice
1420 1049 1493 1095 con-

183 1125 322 1205 tendam,
344 1147 439 1210 quum
460 1149 499 1194 cx
521 1130 625 1213 iurgio
637 1131 723 1196 nulla
746 1131 954 1196 commoditas
965 1133 1140 1215 proueniat,
1160 1132 1217 1196 sed
1233 1133 1363 1215 plausus
1373 1132 1493 1197 inuidis

183 1235 216 1292 et
244 1227 352 1293 leticia
377 1230 500 1297 vicinis.
543 1231 611 1297 Hoc
636 1232 721 1297 seio:
747 1234 774 1297 si
798 1232 914 1297 blande
941 1232 993 1297 rel
1019 1233 1115 1297 semel
1140 1234 1311 1299 salutarem
1339 1234 1492 1299 convitia-

182 1334 295 1411 torem,
330 1351 379 1397 mc
410 1333 510 1415 pluris
546 1334 664 1400 l'aceret
694 1354 789 1417 quam
821 1342 951 1400 eeteros.
993 1335 1072 1416 Sed,
1106 1356 1162 1419 per
1187 1336 1289 1400 lovcrn
1319 1336 1490 1420 lapideum,

182 1432 267 1514 rigor
295 1435 392 1498 animi
419 1444 452 1500 et
472 1436 650 1501 Catoniana
677 1438 857 1503 constantia
883 1456 945 1501 non
971 1438 1050 1501 sinit
1070 1437 1212 1519 linguam
1230 1438 1394 1503 dissonare
1420 1449 1492 1502 eta

182 1533 276 1597 corde
315 1536 493 1603 dissentire.
550 1537 629 1603 Utar
665 1539 840 1623 pacientia,
877 1538 984 1619 quoad
1021 1538 1149 1603 honoris
1180 1540 1266 1605 racio
1305 1541 1491 1623 permiserit.

183 1635 267 1713 Quid
291 1637 469 1704 Urbanus
490 1639 658 1721 desideret,
680 1647 745 1705 tute
766 1640 894 1706 videris.
926 1641 1056 1705 Scribas
1076 1641 1118 1705 ad
1140 1648 1254 1707 ermrte
1267 1648 1489 1726 postcommum

184 1740 329 1805 canicule
358 1740 417 1805 surb
445 1740 525 1825 ipsis
556 1742 753 1809 scholasticis
778 1750 810 1807 et
836 1743 960 1809 melicis
983 1744 1071 1809 feriis
1096 1762 1160 1807 una
1179 1762 1300 1808 meeum
1326 1762 1397 1809 esse
1417 1763 1490 1809 reu-

185 1848 296 1905 turum.
339 1842 408 1920 Quo
427 1844 521 1909 citius
533 1851 589 1909 aut
608 1845 761 1911 maturius
781 1843 817 1909 id
836 1844 940 1909 minus
960 1844 1025 1926 liat,
1044 1845 1171 1909 obstare
1193 1845 1366 1910 servitium.
1406 1844 1491 1922 Quin

184 1950 217 2007 et
237 1944 421 2027 multiiugae
443 1964 503 2027 age
525 1948 647 2029 gratias
669 1956 701 2013 ct
722 1946 833 2013 abbati
857 1946 1054 2026 fidelitatem,
1076 1966 1223 2028 amorem,
1245 1947 1384 2012 studium
1405 1954 1491 2011 tuum

183 2046 262 2111 offer
296 2053 328 2113 et
358 2047 482 2113 dedice.
537 2050 641 2131 Atque
676 2049 726 2115 bis
758 2050 947 2115 semilatinis
982 2049 1083 2114 literis
1120 2050 1281 2114 introitum
1316 2048 1491 2133 suspicare.

184 2147 300 2213 Hemm
322 2156 356 2214 tu
377 2150 472 2217 incito
492 2152 654 2217 certiorem
677 2152 934 2236 quamprimum.
977 2150 1225 2232 Somnrcringis¹
1247 2152 1390 2215 absentis
1405 2160 1491 2214 tuam

183 2268 313 2333 operam
344 2251 517 2335 spondeas,
551 2254 610 2318 hoo
641 2260 689 2318 est
721 2255 827 2319 stilum
862 2262 894 2319 et
925 2262 1049 2336 gratam
1078 2253 1270 2318 memorium.
1318 2251 1401 2330 Quid
1430 2252 1490 2315 tibi

183 2353 384 2435 prestarent?
418 2354 489 2418 Non
511 2354 591 2420 bene
612 2354 713 2421 servis
734 2356 896 2428 servitur,²
917 2355 1098 2439 promittere
1119 2353 1305 2419 lucillimum
1328 2359 1393 2431 est,
1414 2351 1492 2416 darc

184 2455 279 2533 pauci
312 2456 430 2536 solent,
463 2456 526 2541 ipsi
558 2458 688 2540 cupiunt
719 2457 834 2522 aliena.
889 2455 982 2521 Adde
1011 2455 1265 2521 incertitudinem
1300 2454 1395 2519 luturi
1429 2473 1491 2518 non

183 2556 370 2639 uoluntati,
392 2557 449 2623 sed
470 2558 566 2623 etiam
587 2558 722 2640 consilii,
743 2558 827 2641 quod
847 2558 881 2623 in
903 2558 998 2623 horas
1018 2564 1164 2623 mutatur.
1208 2556 1295 2623 Vale.

255 2737 435 2785 Hundschristl.
462 2736 536 2787 Feb
563 2739 604 2787 tol.
625 2736 787 2788 85r-86v.
833 2739 909 2788 θεὼ.
936 2740 961 2788 b.
987 2739 1023 2785 Tz
1048 2739 1072 2788 S.
1092 2736 1205 2786 tro-52
1232 2752 1278 2785 corr
1302 2737 1328 2785 Sl
1355 2737 1426 2783 velus
1454 2736 1491 2783 bis

184 2808 331 2868 permiserit

185 2944 386 2955 n———..

269 3040 280 3082 ¹
303 3044 367 3099 Von
393 3045 447 3099 den
468 3044 632 3101 Gebriidern
654 3044 831 3117 Siimmering
851 3064 907 3100 war
927 3047 976 3099 der
996 3047 1085 3101 iiltera
1105 3045 1167 3100 cine
1195 3046 1244 3099 der
1268 3046 1490 3116 augcschcnsten

186 3125 244 3178 und
267 3123 786 3181 einflussreichstenPer-ebnhchkeitcn
808 3128 856 3181 des
877 3126 1033 3197 damaligen
1049 3126 1152 3179 Erfurt.
1186 3126 1224 3179 Er
1243 3124 1308 3178 kam
1333 3125 1370 3176 im
1387 3124 1492 3178 licebat

187 3204 259 3257 1481
291 3222 339 3259 zur
359 3205 532 3261 Univereitdt
558 3206 614 3275 (die
637 3206 921 3261 Studentenmatrikcl
946 3213 1033 3260 neunt
1059 3207 1108 3259 ihu
1136 3206 1217 3275 „doh¹
1239 3203 1436 3274 Somnrcringk
1456 3205 1490 3257 dc

185 3282 300 3354 lnen‘p
321 3286 378 3339 und
390 3286 516 3341 widmete
537 3286 596 3341 sich
608 3285 757 3357 friihaeitig
777 3286 836 3341 rein
856 3286 1216 3357 philologischcuStndicn,
1235 3286 1285 3339 wie
1307 3301 1337 3339 er
1358 3283 1431 3338 dcun
1448 3286 1489 3337 als

185 3364 336 3419 schlichten
356 3365 518 3421 Bucularius
544 3366 644 3421 artium
666 3366 769 3421 bureits
790 3366 897 3422 Terens
919 3367 957 3419 im
979 3366 1083 3439 Kolleg
1105 3366 1234 3420 crkliirte.
1276 3364 1330 3419 Die
1345 3364 1434 3418 Liebe
1456 3381 1491 3417 au

184 3446 239 3499 den
269 3444 440 3501 klueeisehen
468 3444 583 3501 Studien
609 3446 718 3501 schcint
744 3464 773 3499 er
799 3447 859 3501 sich
887 3446 1045 3517 iiberhaupt
1073 3453 1142 3501 stete
1171 3446 1293 3501 bewuhrt
1327 3462 1361 3497 zu
1387 3444 1489 3499 huben.

188 3524 267 3579 Nach
295 3525 456 3598 Erlangung
485 3528 534 3581 der
558 3526 733 3581 artistiechen
756 3524 847 3581 Gnade
876 3526 945 3599 ging
978 3544 1008 3581 cr
1033 3544 1080 3580 zur
1106 3526 1305 3596 durisprudsnz
1333 3524 1403 3578 iiber
1435 3524 1490 3577 und

187 3606 282 3659 wurde
318 3606 496 3678 gleichzeitig
527 3607 579 3661 mit
606 3605 728 3661 Matiana
756 3604 862 3661 Bruder
889 3607 1002 3661 Johsnn
1032 3624 1094 3660 auru
1130 3605 1324 3676 „Licenciatus
1353 3604 1381 3657 in
1415 3609 1488 3657 utro·

185 3702 241 3756 que
267 3685 342 3740 iurc“
384 3693 502 3741 ernannt
534 3686 631 3755 (Liber
661 3686 799 3741 rationum
830 3686 880 3745 iol.
900 3685 980 3755 83v).
1036 3686 1074 3739 Er
1102 3686 1227 3740 vcrblicb
1262 3685 1291 3738 in
1322 3683 1419 3737 Eriurt
1451 3684 1491 3738 ale

181 3766 358 3835 juristischer
388 3766 548 3834 Professor,
580 3766 745 3821 Kanonikus
776 3784 821 3821 um
849 3766 1021 3821 Severiatiitc
1053 3767 1109 3820 rurrd
1138 3765 1322 3819 Mainzischer
1348 3764 1490 3834 Sigilliter.

186 3844 241 3900 Die
265 3845 450 3901 Humanisten
482 3848 591 3901 werden
622 3864 657 3901 an
685 3846 741 3901 ihm
769 3845 831 3903 eine
859 3864 953 3919 grosse
977 3846 1070 3901 Stlitzc
1097 3847 1203 3917 gehabt
1229 3845 1330 3899 haben.
1381 3842 1490 3897 Mutina

184 3924 265 3997 giebt
294 3926 353 3980 ihm
385 3928 439 3981 den
472 3927 665 3981 Ehrennamcn
705 3922 813 3997 „Caput
843 3926 1033 3981 Latiniorum“.
1094 3926 1131 3979 Er
1171 3926 1247 3980 eturb
1285 3922 1369 3980 1528.
1433 3923 1492 3978 Der

181 4008 302 4077 jiingere
322 4004 496 4079 Siimmering
519 4026 574 4061 wur
595 4006 728 4079 Megisten
750 4008 850 4061 artium
872 4008 930 4061 und
950 4007 1038 4061 Vikar
1056 4024 1090 4061 an
1114 4007 1163 4061 der
1183 4005 1216 4060 St
1245 4003 1491 4060 Gotthurdkirche.

184 4086 250 4157 vgl.
276 4086 435 4159 Registrunn
466 4086 582 4142 subsidii
608 4106 633 4158 p.
656 4086 702 4140 12.
744 4086 781 4139 Er
801 4088 894 4142 munde
919 4085 1375 4141 Ostcrn148liimmutrihuliert.
1416 4083 1492 4139 Vici·

185 4166 273 4221 leicht
302 4167 339 4221 ist
367 4185 397 4221 er
425 4186 454 4222 es
480 4169 537 4222 und
562 4168 642 4222 nicht
666 4167 724 4223 acin
753 4167 854 4223 tilterer
878 4166 999 4235 Bruder,
1032 4166 1152 4221 melchon
1178 4167 1216 4220 im
1243 4164 1300 4219 Mai
1326 4162 1399 4219 1497
1427 4183 1490 4218 zum

184 4246 289 4302 Rector
307 4248 431 4319 gewiihlt
450 4250 550 4303 munde.

284 4348 394 4403 Murtial
418 4349 535 4403 1132?
559 4348 621 4403 Non
643 4348 725 4419 bene,
746 4350 827 4403 crede
848 4348 927 4416 roim,
946 4364 1025 4405 servo
1046 4347 1163 4402 servitur
1182 4348 1281 4403 amico.

740 4538 913 4546 --.--.-.-.
922 4538 940 4544 .-

240 4702 488 4755 uoeeuunuqmnrm.
504 4702 585 4745 xvru.
