3625 5192
295 349 348 404 aco
667 349 927 418 emurcnmuomn
946 351 995 403 eor
1012 309 1086 404 eice
1106 348 1228 405 aaron

295 498 483 563 consolabor
511 504 557 562 tot
583 499 725 581 patronis
745 497 889 578 adiutus,
917 496 1001 579 quod
1025 498 1132 562 animo
1152 519 1213 563 non
1234 496 1349 578 fracto,
1377 494 1548 579 quantavis
1568 498 1602 563 in

295 607 439 678 senecta,
466 602 592 667 vincam
621 601 783 684 quaelihet
810 600 953 665 adversa.
1000 601 1043 666 Ut
1072 609 1121 667 cst
1141 620 1239 683 equus
1260 618 1447 682 generosus,
1474 601 1535 666 etsi
1561 600 1604 665 sit

172 708 175 716 ’
197 719 200 725 ·
296 723 403 778 senex,
424 710 529 768 tamen
552 704 584 768 in
608 704 700 790 malis
721 704 860 768 animum
882 722 973 793 suum
991 723 1051 767 non
1064 704 1183 784 deiicit,
1205 702 1287 786 quod
1306 702 1463 768 distichon
1477 702 1605 769 Orestes

295 805 327 867 in
351 805 517 888 Sophoclis
538 804 664 870 Electra
692 805 859 887 loquiturl.
900 805 950 869 Tu
978 825 1052 870 vero
1081 812 1231 888 quantem
1257 806 1427 870 fenestram
1455 805 1496 868 ad
1522 806 1625 870 bene

280 906 487 989 ¹sperandum
524 906 602 970 mihi
637 908 838 990 patefeceris.
874 908 1003 972 credere
1031 908 1085 971 vix
1113 926 1225 989 quees3
1261 926 1330 973 cum
1360 908 1516 990 promissa
1540 906 1603 972 ius·

220 1054 231 1073 .
295 1010 410 1073 tissimi
441 1008 596 1091 principis
625 1009 723 1073 nostri
753 1009 830 1084 (iem
856 1010 941 1073 enim
969 1008 1074 1090 coepit
1098 1010 1176 1073 mihi
1205 1016 1307 1073 tecum
1329 1008 1401 1073 fore
1418 1009 1618 1087 eommunis)-

296 1117 461 1193 tantopere
482 1110 560 1173 mihi
582 1118 733 1194 exoptata
755 1111 908 1176 recitaris.
951 1111 1085 1175 Fecerat
1111 1111 1195 1175 idem
1214 1111 1398 1195 Spoletinus
1418 1129 1521 1190 meus,
1548 1110 1614 1192 qui'

294 1212 442 1275 similiter
468 1213 628 1292 negotium
660 1214 760 1294 gessit
784 1213 826 1275 ad
854 1212 1078 1296 perficiendam
1104 1233 1228 1278 omnem
1255 1214 1449 1293 voluntatem
1470 1214 1601 1276 meam2.

214 1320 221 1331 ‘
289 1313 367 1384 'Non
394 1313 495 1377 deerit
519 1332 643 1396 quoque
668 1312 733 1379 dux
754 1334 841 1379 meus
868 1316 915 1379 tui
943 1315 1033 1380 ducis
1047 1315 1274 1405 ¹amicissimus.
1320 1313 1426 1391 Quare
1450 1313 1603 1398 deinceps

294 1435 356 1479 non
378 1417 446 1480 sola
467 1416 610 1488 veritate,
632 1435 779 1497 quaeum
802 1416 954 1481 hactenus
965 1416 1121 1490 defensus,
1143 1426 1250 1481 rerum
1267 1436 1330 1479 une
1347 1416 1443 1480 etiem
1459 1422 1600 1499 apotcu·

294 1518 426 1581 tissinris
446 1517 636 1594 hominihus,
657 1520 710 1599 qui
733 1525 765 1583 et
784 1520 950 1583 veritatem
972 1525 1081 1583 ament
1097 1504 1273 1583 studerunt
1288 1514 1473 1608 calumnias,
1492 1518 1602 1582 favore

295 1620 420 1699 tuebor,
450 1621 477 1683 si
511 1638 696 1702 quacunque
722 1621 860 1685 audacia
886 1620 1084 1704 imperialem
1112 1640 1224 1703 pacem
1243 1620 1396 1701 fregerint
1416 1618 1601 1684 adversarii.

295 1714 450 1786 Omnibus
467 1723 550 1785 enim
574 1722 716 1805 partibus
737 1722 910 1805 imperator
930 1740 1040 1806 paoem
1062 1721 1228 1788 mandavit
1247 1720 1453 1805 exprimendo
1473 1721 1602 1785 nomina

294 1822 481 1887 ductorum³
511 1823 603 1901 belli,
632 1831 667 1888 ut
694 1824 726 1888 in
753 1824 814 1888 hac
839 1824 951 1889 charta
978 1822 1087 1889 videre
1107 1822 1196 1904 licet,
1223 1842 1318 1904 quam
1338 1822 1397 1887 tibi
1419 1822 1601 1891 mittouun·

294 1924 443 1989 iunctam.
491 1925 680 2007 Quanquam
702 1927 824 2007 nescio,
851 1926 929 2008 quid
956 1925 1093 2009 portenti
1113 1924 1253 2008 quotidie
1274 1924 1444 2001 minentur,
1473 1932 1508 1988 ut
1529 1931 1602 1989 sunt

294 2025 537 2119 supramodum
559 2034 591 2090 et
609 2027 796 2116 modestiam
819 2028 913 2095 nimiu
935 2027 1102 2093 temerarii.
1145 2025 1209 2091 Sed
1231 2027 1421 2111 sperandum
1443 2033 1491 2091 est
1518 2027 1602 2093 vivis

214 2142 220 2149 '
294 2130 384 2194 iuxta
412 2129 622 2197 Theocritum.
670 2130 753 2193 Nam
780 2129 880 2194 virtus
905 2130 1001 2195 etiarn
1028 2148 1097 2195 cum
1124 2128 1287 2211 naufrago
1305 2134 1431 2208 enatet,
1457 2128 1542 2211 quod
1568 2129 1602 2193 iu

295 2230 411 2315 Ulysse
428 2231 524 2322 ,apud
545 2232 720 2296 Phaeacas
736 2232 883 2295 vidimus.
929 2231 1094 2296 lactabant
1118 2251 1153 2297 se
1180 2230 1310 2296 forsitan
1339 2231 1389 2295 vel
1412 2230 1530 2295 Romae
1550 2231 1601 2296 vel

294 2352 400 2397 coram
418 2333 526 2415 aliquo
544 2333 768 2417 incompetenti
789 2334 894 2399 iudice
915 2334 972 2418 pel
992 2334 1221 2399 abundantiam
1243 2333 1446 2417 pecuniarum
1464 2352 1602 2412 suarum,

294 2435 407 2499 saltem
429 2454 468 2498 ex
488 2436 640 2500 metronis
654 2444 686 2500 et
698 2436 804 2501 viduis
815 2448 1035 2519 corrasarum⁸,
1059 2436 1274 2501 semivacuum
1288 2436 1480 2520 marsupium
1498 2455 1601 2501 meum
1659 2486 1663 2495 .

294 2555 443 2619 superare
469 2557 573 2620 posse.
622 2537 685 2628 Sed
716 2557 809 2621 quom
836 2540 953 2603 famam
980 2558 1091 2606 meam.
1109 2539 1248 2618 intueor,
1277 2536 1360 2620 quod
1387 2538 1539 2621 optimum
1568 2538 1602 2603 in

294 2637 440 2702 humenis
467 2644 528 2719 est',
554 2646 619 2727 tum
647 2642 792 2720 quamvis
813 2658 925 2706 revera
950 2642 1054 2705 tenuis
1078 2658 1137 2723 ego
1158 2642 1244 2705 vitae
1265 2640 1356 2705 homo
1378 2646 1410 2704 et
1429 2658 1513 2704 nuuc
1533 2638 1602 2705 sola
1653 2678 1655 2681 -

199 2806 203 2812 ,
293 2730 488 2822 agricultura
520 2742 637 2806 victum
669 2744 851 2829 quaeritans
887 2742 984 2807 nullis
1013 2734 1184 2825 stipendiis
1218 2741 1400 2825 principum
1435 2747 1490 2805 eut
1523 2742 1601 2806 civi·

261 2849 392 2905 ‚tatum
419 2841 555 2908 donatus
581 2845 657 2923 sim,
683 2850 790 2908 tamen
821 2844 1058 2908 acerbissimam
1084 2850 1258 2927 egestatem
1285 2842 1477 2923 anteferam,
1505 2862 1601 2925 quem

292 2944 409 3007 lamam
436 2945 608 3025 negligam.
650 2944 719 3008 hdb
746 2944 830 3027 quod
857 2963 906 3007 me
928 2946 1069 3009 hortatur
1089 2943 1319 3009 Demosthenes
1341 2944 1602 3030 Olynthiecorum

293 3046 473 3127 tertiu,*qui
494 3047 556 3110 ait:
584 3044 661 3107 Οὕτι
681 3039 833 3130 σωφρένων
851 3036 920 3107 οὐδὲ
945 3046 1085 3131 γενναίων
1106 3046 1184 3108 ἐστὶν
1205 3039 1370 3128 ἀνθρώπων
1391 3039 1602 3119 ἐλλείποντάςν

291 3136 369 3207 τιδι’
383 3138 494 3207 ἔνδειαν
504 3141 667 3230 χρημάτων
680 3150 762 3207 τῶνἀ
775 3151 829 3235 ¹cori
843 3146 975 3229 πολέμου
991 3146 1117 3231 εὐχερῶς
1130 3142 1170 3208 τὰ
1188 3152 1318 3209 τοιαῦτα
1329 3139 1423 3217 ὀνείδη
1444 3144 1546 3233 φέρειν,
1567 3148 1602 3213 id
1616 3172 1619 3177 ·

293 3256 356 3324 est,
388 3269 448 3313 non
480 3251 586 3331 utique
620 3251 831 3315 modestorum
860 3270 962 3332 neque
991 3268 1212 3335 generosorum
1237 3259 1285 3316 est
1309 3236 1469 3316 hominum
1496 3248 1603 3316 defici·

292 3358 381 3415 entes
403 3351 568 3434 quippiam
591 3357 720 3433 propter
739 3352 880 3435 inopiam
899 3351 1103 3435 pecuniarum
1122 3352 1196 3417 belli
1217 3353 1312 3418 l'ecilc
1328 3352 1408 3418 talia
1429 3352 1601 3436 opprobria

316 3542 323 3557 .
362 3468 553 3520 'corroserum
626 3457 692 3519 bAt
710 3474 736 3521 r'u
756 3470 777 3521 l.
848 3464 1019 3529 οἐλείποντιίς
1039 3475 1064 3521 in
1081 3472 1097 3521 1
1114 3490 1138 3522 u.
1155 3472 1181 3522 2.
1255 3459 1355 3521 “rehu
1374 3472 1501 3523 inland
1520 3472 1547 3522 2.

354 3692 419 3750 lV.
442 3696 589 3751 2546:

586 3768 699 3854 Ὥσπερ
719 3766 883 3914 γάἓέίππος
904 3757 1023 3857 ειίγενὴς
1043 3769 1100 3833 κείν
1119 3764 1145 3865 ᾖ
1160 3770 1253 3857 γέρων

529 3909 538 3923 ,
593 3849 649 3911 Ἐν
669 3861 746 3913 ,τοῖσι
801 3863 867 3924 ινοῖς
885 3848 983 3934 θυμὸν
1005 3850 1059 3913 οὐκ
1079 3852 1241 3914 ἀπωλεσεν.

352 3932 366 3973 ²
393 3935 458 4006 Vgl.
486 3937 605 3992 dariiher
629 3938 681 3992 den
710 3938 791 3994 Briel'
813 3939 966 3995 Reuchlins
992 3958 1027 3995 en
1056 3938 1193 4010 spalatin,
1219 3939 1392 4011 abgedrucht
1418 3940 1462 3995 hei
1489 3939 1600 4013 Geiger,

204 4080 212 4095 .
289 4015 442 4070 Reuchlins
470 4016 666 4072 Briefweehsel
694 4017 723 4073 S.
746 4019 921 4073 196-198.
968 4020 1026 4075 Des
1054 4020 1217 4091 Autograph
1252 4018 1384 4074 befindet.
1405 4021 1465 4075 sich
1491 4021 1520 4075 in
1551 4022 1601 4076 der

290 4096 530 4151 Wolfenbiittelcr
549 4098 667 4152 Hdschr.
691 4100 738 4154 86.
761 4099 802 4152 10.
820 4106 886 4155 extr.
940 4101 990 4155 Ich
1014 4100 1070 4153 will
1096 4100 1156 4155 hier
1182 4098 1318 4171 beiliiufig
1343 4100 1507 4169 hemcrlreu,
1536 4103 1599 4157 dese

291 4176 337 4229 die
362 4194 416 4229 von
438 4176 542 4249 Geiger
562 4179 587 4233 S.
611 4179 667 4233 198
692 4180 860 4251 hehauptete
881 4180 979 4236 Liielre
1005 4180 1065 4234 sich
1092 4178 1122 4233 in
1147 4180 1210 4235 dem
1233 4178 1327 4235 Bricle
1349 4179 1429 4235 nicht
1453 4179 1620 4253 vorfindet,'

290 4257 408 4310 sondoru
430 4260 599 4328 marsupium
619 4260 666 4313 fiir
681 4253 847 4333 jedermann
868 4260 993 4315 deutlich
1014 4260 1170 4315 erheunher
1190 4260 1236 4317 ist.

352 4332 367 4374 3
387 4336 571 4408 Pfefferkorn,
591 4340 731 4394 Amoldus
752 4340 957 4394 undRauchlin
983 4341 1092 4395 werden
1108 4340 1138 4393 in
1160 4341 1223 4400 dem
1241 4339 1392 4395 Schreiben
1413 4358 1449 4397 eu
1470 4340 1596 4412 Spalatin

201 4442 207 4449 ·
289 4422 421 4486 genennt.

349 4492 364 4533 ⁴
385 4495 452 4631 capg.
475 4498 528 4555 20:
554 4488 589 4552 οὔ
614 4514 661 4585 ’τοι
679 4485 840 4577 Ισίινφρίνων
859 4484 928 4555 οὐδὲ
947 4492 1087 4578 γενναίων
1102 4492 1181 4554 ἐστὶν
1192 4486 1381 4590 κάνθρώπων,
1406 4488 1599 4567 ἐλλείποντάς

291 4590 321 4629 τι
341 4560 375 4630 δι’
400 4573 429 4631 ἐν
448 4592 510 4632 scau
522 4593 686 4657 χρηματων
705 4578 767 4636 τῶν
786 4577 842 4643 τοῦ
862 4571 1005 4659 πολέμου
1016 4572 1142 4663 εὐχερῶς
1162 4596 1205 4635 τα
1226 4577 1355 4645 τοιαῦτα
1372 4564 1467 4643 ὀνείδη
1479 4572 1579 4669 φέρειν,
