<?xml version="1.0" encoding="UTF-8"?>
<!DOCTYPE html PUBLIC "-//W3C//DTD XHTML 1.0 Transitional//EN"
    "http://www.w3.org/TR/xhtml1/DTD/xhtml1-transitional.dtd">
<html xmlns="http://www.w3.org/1999/xhtml" xml:lang="en" lang="en">
 <head>
  <title>
</title>
<meta http-equiv="Content-Type" content="text/html;charset=utf-8" />
  <meta name='ocr-system' content='tesseract 3.04.00' />
  <meta name='ocr-capabilities' content='ocr_page ocr_carea ocr_par ocr_line ocrx_word'/>
</head>
<body>
  <div class='ocr_page' id='page_1' title='image "./derbriefwechsel00sachgoog/derbriefwechsel00sachgoog_0711.png"; bbox 0 0 3625 5192; ppageno 0'>
   <div class='ocr_carea' id='block_1_1' title="bbox 1245 49 1253 136">
    <p class='ocr_par' dir='ltr' id='par_1_1' title="bbox 1245 49 1253 136">
     <span class='ocr_line' id='line_1_1' title="bbox 1245 49 1253 136; baseline 0 0"><span class='ocrx_word' id='word_1_1' title='bbox 1245 49 1253 136; x_wconf 86' lang='lat' dir='ltr'>l</span> 
     </span>
    </p>
   </div>
   <div class='ocr_carea' id='block_1_2' title="bbox 312 333 1252 403">
    <p class='ocr_par' dir='ltr' id='par_1_2' title="bbox 312 333 1252 403">
     <span class='ocr_line' id='line_1_2' title="bbox 312 333 1252 403; baseline 0.005 -17"><span class='ocrx_word' id='word_1_2' title='bbox 312 333 364 387; x_wconf 80' lang='lat'>204</span> <span class='ocrx_word' id='word_1_3' title='bbox 689 333 950 403; x_wconf 85' lang='lat' dir='ltr'>Geschichlsquellcn</span> <span class='ocrx_word' id='word_1_4' title='bbox 969 337 1017 389; x_wconf 88' lang='lat' dir='ltr'>der</span> <span class='ocrx_word' id='word_1_5' title='bbox 1037 336 1110 389; x_wconf 85' lang='lat' dir='ltr'>Prou.</span> <span class='ocrx_word' id='word_1_6' title='bbox 1129 337 1252 391; x_wconf 80' lang='lat' dir='ltr'>Saehsen.</span> 
     </span>
    </p>
   </div>
   <div class='ocr_carea' id='block_1_3' title="bbox 306 481 1622 3944">
    <p class='ocr_par' dir='ltr' id='par_1_3' title="bbox 306 481 1622 3944">
     <span class='ocr_line' id='line_1_3' title="bbox 313 481 1621 569; baseline 0.005 -23"><span class='ocrx_word' id='word_1_7' title='bbox 313 484 396 546; x_wconf 91' lang='lat' dir='ltr'>enim</span> <span class='ocrx_word' id='word_1_8' title='bbox 430 481 573 547; x_wconf 88' lang='lat' dir='ltr'>aviculas</span> <span class='ocrx_word' id='word_1_9' title='bbox 613 482 670 546; x_wconf 89' lang='lat' dir='ltr'>LX</span> <span class='ocrx_word' id='word_1_10' title='bbox 701 483 895 547; x_wconf 82' lang='lat' dir='ltr'>Mercuriusl</span> <span class='ocrx_word' id='word_1_11' title='bbox 929 490 962 548; x_wconf 91' lang='lat' dir='ltr'>et</span> <span class='ocrx_word' id='word_1_12' title='bbox 993 484 1157 550; x_wconf 80' lang='lat' dir='ltr'>Adamus²</span> <span class='ocrx_word' id='word_1_13' title='bbox 1192 495 1282 569; x_wconf 91' lang='lat' dir='ltr'>pater</span> <span class='ocrx_word' id='word_1_14' title='bbox 1308 486 1490 552; x_wconf 88' lang='lat' dir='ltr'>veneranda</span> <span class='ocrx_word' id='word_1_15' title='bbox 1517 488 1621 569; x_wconf 88' lang='lat' dir='ltr'>gravi-</span> 
     </span>
     <span class='ocr_line' id='line_1_4' title="bbox 314 585 1622 672; baseline 0.003 -23"><span class='ocrx_word' id='word_1_16' title='bbox 314 592 378 650; x_wconf 87' lang='lat' dir='ltr'>tate</span> <span class='ocrx_word' id='word_1_17' title='bbox 414 591 445 649; x_wconf 91' lang='lat' dir='ltr'>el</span> <span class='ocrx_word' id='word_1_18' title='bbox 481 586 748 667; x_wconf 79' lang='lat' dir='ltr'>colloquentibus,</span> <span class='ocrx_word' id='word_1_19' title='bbox 786 594 818 648; x_wconf 92' lang='lat' dir='ltr'>ut</span> <span class='ocrx_word' id='word_1_20' title='bbox 849 585 898 664; x_wconf 89' lang='lat' dir='ltr'>tit,</span> <span class='ocrx_word' id='word_1_21' title='bbox 934 596 1030 669; x_wconf 89' lang='lat' dir='ltr'>atque</span> <span class='ocrx_word' id='word_1_22' title='bbox 1059 590 1124 651; x_wconf 90' lang='lat' dir='ltr'>alio</span> <span class='ocrx_word' id='word_1_23' title='bbox 1161 589 1379 672; x_wconf 79' lang='lat' dir='ltr'>spectantibus</span> <span class='ocrx_word' id='word_1_24' title='bbox 1416 589 1508 671; x_wconf 88' lang='lat' dir='ltr'>niger</span> <span class='ocrx_word' id='word_1_25' title='bbox 1542 590 1622 669; x_wconf 89' lang='lat' dir='ltr'>telis,</span> 
     </span>
     <span class='ocr_line' id='line_1_5' title="bbox 313 687 1622 773; baseline 0.001 -20"><span class='ocrx_word' id='word_1_26' title='bbox 313 688 363 753; x_wconf 89' lang='lat' dir='ltr'>eui</span> <span class='ocrx_word' id='word_1_27' title='bbox 394 689 435 753; x_wconf 91' lang='lat' dir='ltr'>ab</span> <span class='ocrx_word' id='word_1_28' title='bbox 467 688 538 771; x_wconf 86' lang='lat' dir='ltr'>ipso¹</span> <span class='ocrx_word' id='word_1_29' title='bbox 570 687 673 752; x_wconf 91' lang='lat' dir='ltr'>colore</span> <span class='ocrx_word' id='word_1_30' title='bbox 702 688 810 752; x_wconf 87' lang='lat' dir='ltr'>Mauro</span> <span class='ocrx_word' id='word_1_31' title='bbox 843 708 956 753; x_wconf 92' lang='lat' dir='ltr'>nomen</span> <span class='ocrx_word' id='word_1_32' title='bbox 986 697 1048 772; x_wconf 90' lang='lat' dir='ltr'>est,</span> <span class='ocrx_word' id='word_1_33' title='bbox 1082 710 1177 753; x_wconf 88' lang='lat' dir='ltr'>unam</span> <span class='ocrx_word' id='word_1_34' title='bbox 1208 710 1247 754; x_wconf 82' lang='lat' dir='ltr'>ex</span> <span class='ocrx_word' id='word_1_35' title='bbox 1279 692 1454 755; x_wconf 82' lang='lat' dir='ltr'>calathisco</span> <span class='ocrx_word' id='word_1_36' title='bbox 1485 691 1622 773; x_wconf 88' lang='lat' dir='ltr'>sublegit</span> 
     </span>
     <span class='ocr_line' id='line_1_6' title="bbox 314 790 1620 875; baseline 0.001 -19"><span class='ocrx_word' id='word_1_37' title='bbox 314 798 554 875; x_wconf 78' lang='lat' dir='ltr'>preruptamque</span> <span class='ocrx_word' id='word_1_38' title='bbox 584 790 697 855; x_wconf 89' lang='lat' dir='ltr'>detulit</span> <span class='ocrx_word' id='word_1_39' title='bbox 723 792 755 855; x_wconf 92' lang='lat' dir='ltr'>in</span> <span class='ocrx_word' id='word_1_40' title='bbox 781 800 944 875; x_wconf 89' lang='lat' dir='ltr'>aspectum</span> <span class='ocrx_word' id='word_1_41' title='bbox 971 813 1090 867; x_wconf 94' lang='lat' dir='ltr'>meum,</span> <span class='ocrx_word' id='word_1_42' title='bbox 1120 800 1270 875; x_wconf 87' lang='lat' dir='ltr'>tanquam</span> <span class='ocrx_word' id='word_1_43' title='bbox 1303 794 1393 858; x_wconf 84' lang='lat' dir='ltr'>sortis</span> <span class='ocrx_word' id='word_1_44' title='bbox 1422 801 1455 858; x_wconf 91' lang='lat' dir='ltr'>et</span> <span class='ocrx_word' id='word_1_45' title='bbox 1482 795 1620 859; x_wconf 91' lang='lat' dir='ltr'>strennui</span> 
     </span>
     <span class='ocr_line' id='line_1_7' title="bbox 312 893 1621 975; baseline 0.001 -17"><span class='ocrx_word' id='word_1_46' title='bbox 312 893 423 958; x_wconf 92' lang='lat' dir='ltr'>militis</span> <span class='ocrx_word' id='word_1_47' title='bbox 460 912 588 975; x_wconf 90' lang='lat' dir='ltr'>operam</span> <span class='ocrx_word' id='word_1_48' title='bbox 631 894 788 975; x_wconf 83' lang='lat' dir='ltr'>insignem</span> <span class='ocrx_word' id='word_1_49' title='bbox 821 902 979 959; x_wconf 82' lang='lat' dir='ltr'>navasset.</span> <span class='ocrx_word' id='word_1_50' title='bbox 1044 896 1174 959; x_wconf 81' lang='lat' dir='ltr'>Cucurrri</span> <span class='ocrx_word' id='word_1_51' title='bbox 1211 896 1252 960; x_wconf 92' lang='lat' dir='ltr'>ad</span> <span class='ocrx_word' id='word_1_52' title='bbox 1288 896 1427 961; x_wconf 89' lang='lat' dir='ltr'>aviarios</span> <span class='ocrx_word' id='word_1_53' title='bbox 1464 903 1495 960; x_wconf 88' lang='lat' dir='ltr'>et</span> <span class='ocrx_word' id='word_1_54' title='bbox 1529 896 1621 960; x_wconf 91' lang='lat' dir='ltr'>simul</span> 
     </span>
     <span class='ocr_line' id='line_1_8' title="bbox 313 995 1621 1083; baseline 0.003 -24"><span class='ocrx_word' id='word_1_55' title='bbox 313 995 524 1079; x_wconf 87' lang='lat' dir='ltr'>rapinatorem</span> <span class='ocrx_word' id='word_1_56' title='bbox 568 996 848 1078; x_wconf 74' lang='lat' dir='ltr'>persequebantur,</span> <span class='ocrx_word' id='word_1_57' title='bbox 888 1017 963 1079; x_wconf 83' lang='lat' dir='ltr'>egre</span> <span class='ocrx_word' id='word_1_58' title='bbox 1000 997 1127 1062; x_wconf 90' lang='lat' dir='ltr'>landem</span> <span class='ocrx_word' id='word_1_59' title='bbox 1170 997 1269 1082; x_wconf 86' lang='lat' dir='ltr'>preda</span> <span class='ocrx_word' id='word_1_60' title='bbox 1316 1006 1511 1083; x_wconf 88' lang='lat' dir='ltr'>recuperata.</span> <span class='ocrx_word' id='word_1_61' title='bbox 1574 1000 1621 1063; x_wconf 86' lang='lat' dir='ltr'>lta</span> 
     </span>
     <span class='ocr_line' id='line_1_9' title="bbox 312 1099 1622 1184; baseline 0.004 -22"><span class='ocrx_word' id='word_1_62' title='bbox 312 1118 369 1182; x_wconf 91' lang='lat' dir='ltr'>per</span> <span class='ocrx_word' id='word_1_63' title='bbox 398 1117 507 1163; x_wconf 81' lang='lat' dir='ltr'>onrnes</span> <span class='ocrx_word' id='word_1_64' title='bbox 534 1099 668 1181; x_wconf 83' lang='lat' dir='ltr'>gradus,</span> <span class='ocrx_word' id='word_1_65' title='bbox 695 1118 751 1183; x_wconf 91' lang='lat' dir='ltr'>per</span> <span class='ocrx_word' id='word_1_66' title='bbox 777 1101 884 1164; x_wconf 89' lang='lat' dir='ltr'>omnia</span> <span class='ocrx_word' id='word_1_67' title='bbox 912 1099 1073 1181; x_wconf 89' lang='lat' dir='ltr'>cubicula,</span> <span class='ocrx_word' id='word_1_68' title='bbox 1100 1120 1155 1182; x_wconf 92' lang='lat' dir='ltr'>per</span> <span class='ocrx_word' id='word_1_69' title='bbox 1180 1106 1345 1184; x_wconf 88' lang='lat' dir='ltr'>utramque</span> <span class='ocrx_word' id='word_1_70' title='bbox 1366 1121 1475 1168; x_wconf 89' lang='lat' dir='ltr'>aream</span> <span class='ocrx_word' id='word_1_71' title='bbox 1496 1101 1622 1167; x_wconf 81' lang='lat' dir='ltr'>Maurus</span> 
     </span>
     <span class='ocr_line' id='line_1_10' title="bbox 312 1201 1618 1294; baseline 0.002 -31"><span class='ocrx_word' id='word_1_72' title='bbox 312 1218 386 1294; x_wconf 84' lang='lat' dir='ltr'>cnm</span> <span class='ocrx_word' id='word_1_73' title='bbox 405 1201 519 1284; x_wconf 90' lang='lat' dir='ltr'>rapina</span> <span class='ocrx_word' id='word_1_74' title='bbox 538 1201 666 1266; x_wconf 89' lang='lat' dir='ltr'>volavit.</span> <span class='ocrx_word' id='word_1_75' title='bbox 700 1202 734 1264; x_wconf 94' lang='lat' dir='ltr'>ln</span> <span class='ocrx_word' id='word_1_76' title='bbox 754 1201 812 1265; x_wconf 89' lang='lat' dir='ltr'>bac</span> <span class='ocrx_word' id='word_1_77' title='bbox 835 1201 897 1265; x_wconf 90' lang='lat' dir='ltr'>levi</span> <span class='ocrx_word' id='word_1_78' title='bbox 919 1221 952 1264; x_wconf 91' lang='lat' dir='ltr'>re</span> <span class='ocrx_word' id='word_1_79' title='bbox 972 1210 1145 1286; x_wconf 87' lang='lat' dir='ltr'>occupatus</span> <span class='ocrx_word' id='word_1_80' title='bbox 1165 1203 1297 1269; x_wconf 90' lang='lat' dir='ltr'>eumad</span> <span class='ocrx_word' id='word_1_81' title='bbox 1318 1203 1424 1267; x_wconf 90' lang='lat' dir='ltr'>stilum</span> <span class='ocrx_word' id='word_1_82' title='bbox 1446 1202 1618 1276; x_wconf 73' lang='lat' dir='ltr'>rediissent,</span> 
     </span>
     <span class='ocr_line' id='line_1_11' title="bbox 312 1294 1618 1397; baseline 0 -30"><span class='ocrx_word' id='word_1_83' title='bbox 312 1322 373 1367; x_wconf 92' lang='lat' dir='ltr'>non</span> <span class='ocrx_word' id='word_1_84' title='bbox 403 1301 524 1368; x_wconf 86' lang='lat' dir='ltr'>excessi</span> <span class='ocrx_word' id='word_1_85' title='bbox 555 1302 633 1367; x_wconf 84' lang='lat' dir='ltr'>lines</span> <span class='ocrx_word' id='word_1_86' title='bbox 663 1304 799 1387; x_wconf 90' lang='lat' dir='ltr'>incepti,</span> <span class='ocrx_word' id='word_1_87' title='bbox 825 1294 882 1369; x_wconf 89' lang='lat' dir='ltr'>sed</span> <span class='ocrx_word' id='word_1_88' title='bbox 914 1304 1036 1387; x_wconf 88' lang='lat' dir='ltr'>perstiti</span> <span class='ocrx_word' id='word_1_89' title='bbox 1065 1304 1097 1367; x_wconf 94' lang='lat' dir='ltr'>in</span> <span class='ocrx_word' id='word_1_90' title='bbox 1123 1303 1333 1397; x_wconf 81' lang='lat' dir='ltr'>describendo</span> <span class='ocrx_word' id='word_1_91' title='bbox 1358 1304 1503 1369; x_wconf 91' lang='lat' dir='ltr'>muliebri</span> <span class='ocrx_word' id='word_1_92' title='bbox 1527 1306 1618 1369; x_wconf 90' lang='lat' dir='ltr'>simu-</span> 
     </span>
     <span class='ocr_line' id='line_1_12' title="bbox 311 1402 1620 1489; baseline 0 -20"><span class='ocrx_word' id='word_1_93' title='bbox 311 1404 428 1485; x_wconf 87' lang='lat' dir='ltr'>lachro,</span> <span class='ocrx_word' id='word_1_94' title='bbox 450 1404 500 1469; x_wconf 92' lang='lat' dir='ltr'>bis</span> <span class='ocrx_word' id='word_1_95' title='bbox 521 1424 596 1470; x_wconf 90' lang='lat' dir='ltr'>vero</span> <span class='ocrx_word' id='word_1_96' title='bbox 618 1406 783 1471; x_wconf 84' lang='lat' dir='ltr'>matutinis</span> <span class='ocrx_word' id='word_1_97' title='bbox 803 1406 888 1470; x_wconf 90' lang='lat' dir='ltr'>boris</span> <span class='ocrx_word' id='word_1_98' title='bbox 904 1406 1097 1470; x_wconf 86' lang='lat' dir='ltr'>immortales</span> <span class='ocrx_word' id='word_1_99' title='bbox 1115 1402 1178 1487; x_wconf 75' lang='lat' dir='ltr'>a&#39;go</span> <span class='ocrx_word' id='word_1_100' title='bbox 1190 1406 1248 1470; x_wconf 90' lang='lat' dir='ltr'>tibi</span> <span class='ocrx_word' id='word_1_101' title='bbox 1265 1406 1395 1487; x_wconf 90' lang='lat' dir='ltr'>gratias,</span> <span class='ocrx_word' id='word_1_102' title='bbox 1416 1407 1501 1488; x_wconf 93' lang='lat' dir='ltr'>quod</span> <span class='ocrx_word' id='word_1_103' title='bbox 1518 1414 1620 1489; x_wconf 86' lang='lat' dir='ltr'>preter</span> 
     </span>
     <span class='ocr_line' id='line_1_13' title="bbox 312 1508 1618 1591; baseline 0.002 -22"><span class='ocrx_word' id='word_1_104' title='bbox 312 1508 563 1589; x_wconf 91' lang='lat' dir='ltr'>magnitudinem</span> <span class='ocrx_word' id='word_1_105' title='bbox 595 1511 648 1591; x_wconf 88' lang='lat' dir='ltr'>pic</span> <span class='ocrx_word' id='word_1_106' title='bbox 669 1510 856 1589; x_wconf 87' lang='lat' dir='ltr'>voluntatis,</span> <span class='ocrx_word' id='word_1_107' title='bbox 884 1529 979 1591; x_wconf 92' lang='lat' dir='ltr'>quam</span> <span class='ocrx_word' id='word_1_108' title='bbox 1001 1530 1078 1591; x_wconf 89' lang='lat' dir='ltr'>erga</span> <span class='ocrx_word' id='word_1_109' title='bbox 1099 1528 1149 1572; x_wconf 93' lang='lat' dir='ltr'>me</span> <span class='ocrx_word' id='word_1_110' title='bbox 1170 1509 1278 1572; x_wconf 77' lang='lat' dir='ltr'>miultis</span> <span class='ocrx_word' id='word_1_111' title='bbox 1298 1508 1489 1573; x_wconf 84' lang='lat' dir='ltr'>testimoniis</span> <span class='ocrx_word' id='word_1_112' title='bbox 1510 1510 1618 1590; x_wconf 88' lang='lat' dir='ltr'>sepius</span> 
     </span>
     <span class='ocr_line' id='line_1_14' title="bbox 311 1608 1619 1694; baseline 0.002 -23"><span class='ocrx_word' id='word_1_113' title='bbox 311 1608 482 1674; x_wconf 87' lang='lat' dir='ltr'>declarasti</span> <span class='ocrx_word' id='word_1_114' title='bbox 510 1618 542 1675; x_wconf 87' lang='lat' dir='ltr'>et</span> <span class='ocrx_word' id='word_1_115' title='bbox 568 1631 651 1676; x_wconf 92' lang='lat' dir='ltr'>nunc</span> <span class='ocrx_word' id='word_1_116' title='bbox 679 1612 831 1694; x_wconf 88' lang='lat' dir='ltr'>liquidius</span> <span class='ocrx_word' id='word_1_117' title='bbox 855 1613 953 1677; x_wconf 86' lang='lat' dir='ltr'>misso</span> <span class='ocrx_word' id='word_1_118' title='bbox 977 1612 1078 1675; x_wconf 88' lang='lat' dir='ltr'>calice</span> <span class='ocrx_word' id='word_1_119' title='bbox 1106 1609 1192 1674; x_wconf 89' lang='lat' dir='ltr'>velut</span> <span class='ocrx_word' id='word_1_120' title='bbox 1214 1610 1358 1685; x_wconf 89' lang='lat' dir='ltr'>exhibes,</span> <span class='ocrx_word' id='word_1_121' title='bbox 1387 1610 1570 1693; x_wconf 87' lang='lat' dir='ltr'>promiseris</span> <span class='ocrx_word' id='word_1_122' title='bbox 1590 1619 1619 1674; x_wconf 91' lang='lat' dir='ltr'>tc</span> 
     </span>
     <span class='ocr_line' id='line_1_15' title="bbox 311 1711 1618 1805; baseline 0.001 -31"><span class='ocrx_word' id='word_1_123' title='bbox 311 1712 424 1775; x_wconf 91' lang='lat' dir='ltr'>iturum</span> <span class='ocrx_word' id='word_1_124' title='bbox 448 1713 570 1796; x_wconf 90' lang='lat' dir='ltr'>Lipsim</span> <span class='ocrx_word' id='word_1_125' title='bbox 592 1722 657 1778; x_wconf 91' lang='lat' dir='ltr'>turn</span> <span class='ocrx_word' id='word_1_126' title='bbox 679 1713 721 1777; x_wconf 91' lang='lat' dir='ltr'>ad</span> <span class='ocrx_word' id='word_1_127' title='bbox 743 1715 889 1779; x_wconf 90' lang='lat' dir='ltr'>librarios</span> <span class='ocrx_word' id='word_1_128' title='bbox 912 1721 977 1777; x_wconf 91' lang='lat' dir='ltr'>tum</span> <span class='ocrx_word' id='word_1_129' title='bbox 999 1713 1041 1778; x_wconf 89' lang='lat' dir='ltr'>ad</span> <span class='ocrx_word' id='word_1_130' title='bbox 1063 1711 1341 1805; x_wconf 83' lang='lat' dir='ltr'>Degenbarduqr,3</span> <span class='ocrx_word' id='word_1_131' title='bbox 1368 1712 1461 1778; x_wconf 93' lang='lat' dir='ltr'>modo</span> <span class='ocrx_word' id='word_1_132' title='bbox 1486 1712 1618 1778; x_wconf 87' lang='lat' dir='ltr'>Duronii</span> 
     </span>
     <span class='ocr_line' id='line_1_16' title="bbox 310 1814 1619 1900; baseline 0.002 -23"><span class='ocrx_word' id='word_1_133' title='bbox 310 1822 419 1879; x_wconf 91' lang='lat' dir='ltr'>nutum</span> <span class='ocrx_word' id='word_1_134' title='bbox 445 1814 655 1899; x_wconf 89' lang='lat' dir='ltr'>impetrarem.</span> <span class='ocrx_word' id='word_1_135' title='bbox 707 1816 794 1882; x_wconf 86' lang='lat' dir='ltr'>Cave</span> <span class='ocrx_word' id='word_1_136' title='bbox 816 1823 906 1900; x_wconf 84' lang='lat' dir='ltr'>putes</span> <span class='ocrx_word' id='word_1_137' title='bbox 934 1836 984 1881; x_wconf 92' lang='lat' dir='ltr'>me</span> <span class='ocrx_word' id='word_1_138' title='bbox 1012 1815 1129 1879; x_wconf 90' lang='lat' dir='ltr'>babere</span> <span class='ocrx_word' id='word_1_139' title='bbox 1155 1816 1291 1878; x_wconf 91' lang='lat' dir='ltr'>amicum</span> <span class='ocrx_word' id='word_1_140' title='bbox 1314 1816 1418 1897; x_wconf 88' lang='lat' dir='ltr'>magis</span> <span class='ocrx_word' id='word_1_141' title='bbox 1437 1815 1619 1894; x_wconf 88' lang='lat' dir='ltr'>oiiiciosum,</span> 
     </span>
     <span class='ocr_line' id='line_1_17' title="bbox 310 1916 1619 2001; baseline 0.001 -21"><span class='ocrx_word' id='word_1_142' title='bbox 310 1917 364 1999; x_wconf 93' lang='lat' dir='ltr'>qui</span> <span class='ocrx_word' id='word_1_143' title='bbox 393 1916 471 1981; x_wconf 89' lang='lat' dir='ltr'>mibi</span> <span class='ocrx_word' id='word_1_144' title='bbox 502 1918 604 1983; x_wconf 86' lang='lat' dir='ltr'>carior</span> <span class='ocrx_word' id='word_1_145' title='bbox 634 1918 675 1983; x_wconf 93' lang='lat' dir='ltr'>sit</span> <span class='ocrx_word' id='word_1_146' title='bbox 704 1938 798 2001; x_wconf 89' lang='lat' dir='ltr'>qnam</span> <span class='ocrx_word' id='word_1_147' title='bbox 829 1925 877 1997; x_wconf 87' lang='lat' dir='ltr'>tn,</span> <span class='ocrx_word' id='word_1_148' title='bbox 904 1919 993 1983; x_wconf 89' lang='lat' dir='ltr'>ouius</span> <span class='ocrx_word' id='word_1_149' title='bbox 1021 1937 1081 1998; x_wconf 88' lang='lat' dir='ltr'>ego</span> <span class='ocrx_word' id='word_1_150' title='bbox 1102 1916 1335 1998; x_wconf 85' lang='lat' dir='ltr'>indulgentiam</span> <span class='ocrx_word' id='word_1_151' title='bbox 1353 1924 1386 1979; x_wconf 90' lang='lat' dir='ltr'>et</span> <span class='ocrx_word' id='word_1_152' title='bbox 1405 1916 1499 1980; x_wconf 88' lang='lat' dir='ltr'>fidem</span> <span class='ocrx_word' id='word_1_153' title='bbox 1522 1917 1619 2001; x_wconf 91' lang='lat' dir='ltr'>pluris</span> 
     </span>
     <span class='ocr_line' id='line_1_18' title="bbox 309 2006 1619 2101; baseline 0.001 -18"><span class='ocrx_word' id='word_1_154' title='bbox 309 2020 435 2084; x_wconf 84' lang='lat' dir='ltr'>ibciam.</span> <span class='ocrx_word' id='word_1_155' title='bbox 485 2021 592 2085; x_wconf 81' lang='lat' dir='ltr'>Essem</span> <span class='ocrx_word' id='word_1_156' title='bbox 617 2006 746 2099; x_wconf 77' lang='lat' dir='ltr'>stultus,</span> <span class='ocrx_word' id='word_1_157' title='bbox 774 2022 801 2085; x_wconf 92' lang='lat' dir='ltr'>si</span> <span class='ocrx_word' id='word_1_158' title='bbox 827 2028 872 2084; x_wconf 90' lang='lat' dir='ltr'>tut</span> <span class='ocrx_word' id='word_1_159' title='bbox 898 2022 1028 2101; x_wconf 86' lang='lat' dir='ltr'>merita,</span> <span class='ocrx_word' id='word_1_160' title='bbox 1058 2028 1180 2085; x_wconf 87' lang='lat' dir='ltr'>tantam</span> <span class='ocrx_word' id='word_1_161' title='bbox 1208 2019 1435 2083; x_wconf 84' lang='lat' dir='ltr'>humanitatem</span> <span class='ocrx_word' id='word_1_162' title='bbox 1462 2026 1495 2084; x_wconf 90' lang='lat' dir='ltr'>et</span> <span class='ocrx_word' id='word_1_163' title='bbox 1517 2022 1619 2084; x_wconf 89' lang='lat' dir='ltr'>obser-</span> 
     </span>
     <span class='ocr_line' id='line_1_19' title="bbox 310 2121 1618 2205; baseline -0.002 -20"><span class='ocrx_word' id='word_1_164' title='bbox 310 2122 453 2185; x_wconf 89' lang='lat' dir='ltr'>vantiam</span> <span class='ocrx_word' id='word_1_165' title='bbox 483 2142 545 2187; x_wconf 94' lang='lat' dir='ltr'>non</span> <span class='ocrx_word' id='word_1_166' title='bbox 566 2142 789 2205; x_wconf 86' lang='lat' dir='ltr'>agnoscerem,</span> <span class='ocrx_word' id='word_1_167' title='bbox 818 2143 879 2187; x_wconf 93' lang='lat' dir='ltr'>non</span> <span class='ocrx_word' id='word_1_168' title='bbox 902 2124 1079 2205; x_wconf 90' lang='lat' dir='ltr'>probarem.</span> <span class='ocrx_word' id='word_1_169' title='bbox 1122 2123 1209 2187; x_wconf 82' lang='lat' dir='ltr'>Scito</span> <span class='ocrx_word' id='word_1_170' title='bbox 1230 2123 1328 2205; x_wconf 89' lang='lat' dir='ltr'>igitur</span> <span class='ocrx_word' id='word_1_171' title='bbox 1346 2128 1377 2187; x_wconf 84' lang='lat' dir='ltr'>te</span> <span class='ocrx_word' id='word_1_172' title='bbox 1397 2142 1418 2185; x_wconf 90' lang='lat' dir='ltr'>a</span> <span class='ocrx_word' id='word_1_173' title='bbox 1434 2141 1485 2186; x_wconf 90' lang='lat' dir='ltr'>me</span> <span class='ocrx_word' id='word_1_174' title='bbox 1507 2121 1567 2186; x_wconf 86' lang='lat' dir='ltr'>coli</span> <span class='ocrx_word' id='word_1_175' title='bbox 1588 2131 1618 2184; x_wconf 91' lang='lat' dir='ltr'>et</span> 
     </span>
     <span class='ocr_line' id='line_1_20' title="bbox 310 2223 1616 2308; baseline -0.001 -21"><span class='ocrx_word' id='word_1_176' title='bbox 310 2223 413 2307; x_wconf 72' lang='lat' dir='ltr'>diligis</span> <span class='ocrx_word' id='word_1_177' title='bbox 432 2244 564 2307; x_wconf 88' lang='lat' dir='ltr'>esseque</span> <span class='ocrx_word' id='word_1_178' title='bbox 594 2226 744 2308; x_wconf 90' lang='lat' dir='ltr'>propositi</span> <span class='ocrx_word' id='word_1_179' title='bbox 773 2226 873 2290; x_wconf 90' lang='lat' dir='ltr'>nostri</span> <span class='ocrx_word' id='word_1_180' title='bbox 900 2226 1016 2290; x_wconf 84' lang='lat' dir='ltr'>referre</span> <span class='ocrx_word' id='word_1_181' title='bbox 1045 2225 1180 2308; x_wconf 89' lang='lat' dir='ltr'>gratiam</span> <span class='ocrx_word' id='word_1_182' title='bbox 1197 2233 1229 2289; x_wconf 93' lang='lat' dir='ltr'>et</span> <span class='ocrx_word' id='word_1_183' title='bbox 1249 2224 1378 2289; x_wconf 89' lang='lat' dir='ltr'>studere</span> <span class='ocrx_word' id='word_1_184' title='bbox 1398 2224 1458 2288; x_wconf 93' lang='lat' dir='ltr'>tibi</span> <span class='ocrx_word' id='word_1_185' title='bbox 1479 2224 1513 2287; x_wconf 93' lang='lat' dir='ltr'>in</span> <span class='ocrx_word' id='word_1_186' title='bbox 1535 2223 1616 2287; x_wconf 92' lang='lat' dir='ltr'>omni</span> 
     </span>
     <span class='ocr_line' id='line_1_21' title="bbox 309 2326 1616 2411; baseline -0.002 -22"><span class='ocrx_word' id='word_1_187' title='bbox 309 2327 386 2390; x_wconf 91' lang='lat' dir='ltr'>vita.</span> <span class='ocrx_word' id='word_1_188' title='bbox 433 2327 556 2393; x_wconf 89' lang='lat' dir='ltr'>Adamo</span> <span class='ocrx_word' id='word_1_189' title='bbox 582 2326 710 2391; x_wconf 90' lang='lat' dir='ltr'>dabitur</span> <span class='ocrx_word' id='word_1_190' title='bbox 739 2326 876 2411; x_wconf 90' lang='lat' dir='ltr'>epistola</span> <span class='ocrx_word' id='word_1_191' title='bbox 903 2327 946 2392; x_wconf 89' lang='lat' dir='ltr'>ad</span> <span class='ocrx_word' id='word_1_192' title='bbox 976 2327 1148 2392; x_wconf 89' lang='lat' dir='ltr'>Duronium</span> <span class='ocrx_word' id='word_1_193' title='bbox 1176 2328 1229 2391; x_wconf 89' lang='lat' dir='ltr'>die</span> <span class='ocrx_word' id='word_1_194' title='bbox 1257 2326 1397 2391; x_wconf 88' lang='lat' dir='ltr'>Veneris.</span> <span class='ocrx_word' id='word_1_195' title='bbox 1447 2326 1513 2391; x_wconf 84' lang='lat' dir='ltr'>Sub</span> <span class='ocrx_word' id='word_1_196' title='bbox 1534 2326 1616 2390; x_wconf 88' lang='lat' dir='ltr'>idenr</span> 
     </span>
     <span class='ocr_line' id='line_1_22' title="bbox 310 2428 1616 2513; baseline 0.002 -24"><span class='ocrx_word' id='word_1_197' title='bbox 310 2434 434 2512; x_wconf 91' lang='lat' dir='ltr'>tempus</span> <span class='ocrx_word' id='word_1_198' title='bbox 456 2436 488 2493; x_wconf 92' lang='lat' dir='ltr'>tu</span> <span class='ocrx_word' id='word_1_199' title='bbox 509 2437 542 2494; x_wconf 93' lang='lat' dir='ltr'>et</span> <span class='ocrx_word' id='word_1_200' title='bbox 561 2429 699 2494; x_wconf 79' lang='lat' dir='ltr'>Paulus⁴</span> <span class='ocrx_word' id='word_1_201' title='bbox 719 2431 898 2513; x_wconf 90' lang='lat' dir='ltr'>episcopus,</span> <span class='ocrx_word' id='word_1_202' title='bbox 920 2432 963 2494; x_wconf 92' lang='lat' dir='ltr'>uti</span> <span class='ocrx_word' id='word_1_203' title='bbox 985 2430 1140 2505; x_wconf 89' lang='lat' dir='ltr'>existimo,</span> <span class='ocrx_word' id='word_1_204' title='bbox 1161 2430 1357 2494; x_wconf 91' lang='lat' dir='ltr'>convenietis</span> <span class='ocrx_word' id='word_1_205' title='bbox 1378 2430 1410 2493; x_wconf 93' lang='lat' dir='ltr'>in</span> <span class='ocrx_word' id='word_1_206' title='bbox 1424 2429 1510 2493; x_wconf 88' lang='lat' dir='ltr'>Luco</span> <span class='ocrx_word' id='word_1_207' title='bbox 1523 2428 1616 2494; x_wconf 88' lang='lat' dir='ltr'>Geor·</span> 
     </span>
     <span class='ocr_line' id='line_1_23' title="bbox 308 2528 1616 2616; baseline -0.001 -24"><span class='ocrx_word' id='word_1_208' title='bbox 308 2530 415 2611; x_wconf 88' lang='lat' dir='ltr'>giano.</span> <span class='ocrx_word' id='word_1_209' title='bbox 466 2531 539 2616; x_wconf 88' lang='lat' dir='ltr'>ipse</span> <span class='ocrx_word' id='word_1_210' title='bbox 566 2551 689 2614; x_wconf 89' lang='lat' dir='ltr'>quoquc</span> <span class='ocrx_word' id='word_1_211' title='bbox 715 2532 917 2596; x_wconf 88' lang='lat' dir='ltr'>decreveram</span> <span class='ocrx_word' id='word_1_212' title='bbox 946 2532 1063 2596; x_wconf 90' lang='lat' dir='ltr'>venire.</span> <span class='ocrx_word' id='word_1_213' title='bbox 1111 2530 1175 2595; x_wconf 81' lang='lat' dir='ltr'>Sed</span> <span class='ocrx_word' id='word_1_214' title='bbox 1201 2534 1278 2614; x_wconf 92' lang='lat' dir='ltr'>quid</span> <span class='ocrx_word' id='word_1_215' title='bbox 1304 2533 1337 2596; x_wconf 93' lang='lat' dir='ltr'>in</span> <span class='ocrx_word' id='word_1_216' title='bbox 1364 2531 1457 2595; x_wconf 90' lang='lat' dir='ltr'>turba</span> <span class='ocrx_word' id='word_1_217' title='bbox 1479 2528 1616 2595; x_wconf 81' lang='lat' dir='ltr'>luciam?</span> 
     </span>
     <span class='ocr_line' id='line_1_24' title="bbox 308 2632 1615 2715; baseline -0.002 -20"><span class='ocrx_word' id='word_1_218' title='bbox 308 2632 449 2697; x_wconf 87' lang='lat' dir='ltr'>Habebit</span> <span class='ocrx_word' id='word_1_219' title='bbox 483 2642 610 2699; x_wconf 86' lang='lat' dir='ltr'>sanctus</span> <span class='ocrx_word' id='word_1_220' title='bbox 644 2634 802 2699; x_wconf 89' lang='lat' dir='ltr'>Duronius</span> <span class='ocrx_word' id='word_1_221' title='bbox 829 2634 943 2699; x_wconf 89' lang='lat' dir='ltr'>multos</span> <span class='ocrx_word' id='word_1_222' title='bbox 980 2653 1188 2715; x_wconf 90' lang='lat' dir='ltr'>congerrones</span> <span class='ocrx_word' id='word_1_223' title='bbox 1221 2654 1261 2698; x_wconf 85' lang='lat' dir='ltr'>ex</span> <span class='ocrx_word' id='word_1_224' title='bbox 1295 2632 1445 2697; x_wconf 90' lang='lat' dir='ltr'>comitatu</span> <span class='ocrx_word' id='word_1_225' title='bbox 1475 2632 1615 2714; x_wconf 87' lang='lat' dir='ltr'>hospitis.</span> 
     </span>
     <span class='ocr_line' id='line_1_25' title="bbox 309 2733 1614 2817; baseline 0 -21"><span class='ocrx_word' id='word_1_226' title='bbox 309 2733 380 2797; x_wconf 90' lang='lat' dir='ltr'>Non</span> <span class='ocrx_word' id='word_1_227' title='bbox 412 2735 521 2799; x_wconf 89' lang='lat' dir='ltr'>liceret</span> <span class='ocrx_word' id='word_1_228' title='bbox 547 2736 624 2799; x_wconf 92' lang='lat' dir='ltr'>mihi</span> <span class='ocrx_word' id='word_1_229' title='bbox 652 2756 790 2803; x_wconf 88' lang='lat' dir='ltr'>seorsum</span> <span class='ocrx_word' id='word_1_230' title='bbox 820 2736 956 2817; x_wconf 86' lang='lat' dir='ltr'>colloqui</span> <span class='ocrx_word' id='word_1_231' title='bbox 983 2742 1014 2799; x_wconf 90' lang='lat' dir='ltr'>et</span> <span class='ocrx_word' id='word_1_232' title='bbox 1043 2756 1080 2800; x_wconf 84' lang='lat' dir='ltr'>ex</span> <span class='ocrx_word' id='word_1_233' title='bbox 1111 2736 1275 2802; x_wconf 91' lang='lat' dir='ltr'>commodo</span> <span class='ocrx_word' id='word_1_234' title='bbox 1302 2744 1355 2801; x_wconf 95' lang='lat' dir='ltr'>tuo</span> <span class='ocrx_word' id='word_1_235' title='bbox 1383 2734 1482 2799; x_wconf 85' lang='lat' dir='ltr'>verba</span> <span class='ocrx_word' id='word_1_236' title='bbox 1507 2735 1614 2797; x_wconf 89' lang='lat' dir='ltr'>l&#39;acere.</span> 
     </span>
     <span class='ocr_line' id='line_1_26' title="bbox 308 2838 1616 2922; baseline -0.002 -22"><span class='ocrx_word' id='word_1_237' title='bbox 308 2838 500 2918; x_wconf 82' lang='lat' dir='ltr'>Aucupabor</span> <span class='ocrx_word' id='word_1_238' title='bbox 523 2841 721 2905; x_wconf 85' lang='lat' dir='ltr'>occasionem</span> <span class='ocrx_word' id='word_1_239' title='bbox 754 2849 785 2904; x_wconf 88' lang='lat' dir='ltr'>et</span> <span class='ocrx_word' id='word_1_240' title='bbox 811 2839 988 2903; x_wconf 90' lang='lat' dir='ltr'>observabo</span> <span class='ocrx_word' id='word_1_241' title='bbox 1015 2848 1139 2922; x_wconf 89' lang='lat' dir='ltr'>tempus</span> <span class='ocrx_word' id='word_1_242' title='bbox 1162 2840 1309 2903; x_wconf 91' lang='lat' dir='ltr'>idoneum</span> <span class='ocrx_word' id='word_1_243' title='bbox 1337 2845 1382 2918; x_wconf 86' lang='lat' dir='ltr'>ct,</span> <span class='ocrx_word' id='word_1_244' title='bbox 1419 2843 1511 2919; x_wconf 90' lang='lat' dir='ltr'>puto,</span> <span class='ocrx_word' id='word_1_245' title='bbox 1546 2844 1616 2900; x_wconf 93' lang='lat' dir='ltr'>tunc</span> 
     </span>
     <span class='ocr_line' id='line_1_27' title="bbox 310 2936 1615 3023; baseline -0.004 -18"><span class='ocrx_word' id='word_1_246' title='bbox 310 2940 472 3021; x_wconf 88' lang='lat' dir='ltr'>salutabo,</span> <span class='ocrx_word' id='word_1_247' title='bbox 505 2961 574 3006; x_wconf 90' lang='lat' dir='ltr'>cum</span> <span class='ocrx_word' id='word_1_248' title='bbox 604 2943 793 3008; x_wconf 85' lang='lat' dir='ltr'>vestalium⁵</span> <span class='ocrx_word' id='word_1_249' title='bbox 820 2941 911 3005; x_wconf 81' lang='lat' dir='ltr'>ratio·</span> <span class='ocrx_word' id='word_1_250' title='bbox 926 2940 1165 3023; x_wconf 57' lang='lat' dir='ltr'>disputabitur(</span> <span class='ocrx_word' id='word_1_251' title='bbox 1201 2939 1344 3005; x_wconf 87' lang='lat' dir='ltr'>Tametsi</span> <span class='ocrx_word' id='word_1_252' title='bbox 1370 2945 1511 3003; x_wconf 89' lang='lat' dir='ltr'>nostram</span> <span class='ocrx_word' id='word_1_253' title='bbox 1541 2936 1615 3001; x_wconf 86' lang='lat' dir='ltr'>assi-</span> 
     </span>
     <span class='ocr_line' id='line_1_28' title="bbox 309 3040 1615 3120; baseline -0.002 -15"><span class='ocrx_word' id='word_1_254' title='bbox 309 3042 461 3107; x_wconf 89' lang='lat' dir='ltr'>duitatem</span> <span class='ocrx_word' id='word_1_255' title='bbox 489 3044 751 3109; x_wconf 90' lang='lat' dir='ltr'>insolentissimus</span> <span class='ocrx_word' id='word_1_256' title='bbox 777 3043 968 3106; x_wconf 79' lang='lat' dir='ltr'>Rartlrolns6</span> <span class='ocrx_word' id='word_1_257' title='bbox 996 3042 1037 3106; x_wconf 89' lang='lat' dir='ltr'>ab</span> <span class='ocrx_word' id='word_1_258' title='bbox 1065 3042 1303 3106; x_wconf 87' lang='lat' dir='ltr'>immanissimis</span> <span class='ocrx_word' id='word_1_259' title='bbox 1323 3040 1435 3120; x_wconf 83' lang='lat' dir='ltr'>itioris,</span> <span class='ocrx_word' id='word_1_260' title='bbox 1463 3040 1615 3104; x_wconf 86' lang='lat' dir='ltr'>obtrecta-</span> 
     </span>
     <span class='ocr_line' id='line_1_29' title="bbox 309 3143 1616 3235; baseline -0.003 -27"><span class='ocrx_word' id='word_1_261' title='bbox 309 3147 429 3211; x_wconf 88' lang='lat' dir='ltr'>toribus</span> <span class='ocrx_word' id='word_1_262' title='bbox 451 3148 575 3227; x_wconf 89' lang='lat' dir='ltr'>nostris,</span> <span class='ocrx_word' id='word_1_263' title='bbox 598 3164 766 3230; x_wconf 88' lang='lat' dir='ltr'>persuasus</span> <span class='ocrx_word' id='word_1_264' title='bbox 783 3146 1024 3235; x_wconf 73' lang='lat' dir='ltr'>inconlrarium</span> <span class='ocrx_word' id='word_1_265' title='bbox 1040 3143 1145 3226; x_wconf 88' lang='lat' dir='ltr'>rapiat</span> <span class='ocrx_word' id='word_1_266' title='bbox 1160 3155 1192 3209; x_wconf 91' lang='lat' dir='ltr'>et</span> <span class='ocrx_word' id='word_1_267' title='bbox 1208 3144 1315 3207; x_wconf 87' lang='lat' dir='ltr'>omnia</span> <span class='ocrx_word' id='word_1_268' title='bbox 1329 3143 1361 3206; x_wconf 92' lang='lat' dir='ltr'>in</span> <span class='ocrx_word' id='word_1_269' title='bbox 1378 3143 1616 3218; x_wconf 87' lang='lat' dir='ltr'>delormitatem,</span> 
     </span>
     <span class='ocr_line' id='line_1_30' title="bbox 312 3244 1614 3332; baseline -0.004 -21"><span class='ocrx_word' id='word_1_270' title='bbox 312 3268 373 3329; x_wconf 92' lang='lat' dir='ltr'>qne</span> <span class='ocrx_word' id='word_1_271' title='bbox 399 3249 470 3312; x_wconf 93' lang='lat' dir='ltr'>boni</span> <span class='ocrx_word' id='word_1_272' title='bbox 492 3248 534 3313; x_wconf 88' lang='lat' dir='ltr'>ad</span> <span class='ocrx_word' id='word_1_273' title='bbox 557 3248 744 3332; x_wconf 89' lang='lat' dir='ltr'>dignitatem</span> <span class='ocrx_word' id='word_1_274' title='bbox 769 3246 917 3318; x_wconf 89' lang='lat' dir='ltr'>rel&#39;erunt,</span> <span class='ocrx_word' id='word_1_275' title='bbox 940 3253 1109 3328; x_wconf 86' lang='lat' dir='ltr'>pervertat.</span> <span class='ocrx_word' id='word_1_276' title='bbox 1151 3245 1242 3310; x_wconf 77' lang='lat' dir='ltr'>Osrod</span> <span class='ocrx_word' id='word_1_277' title='bbox 1264 3266 1327 3309; x_wconf 91' lang='lat' dir='ltr'>nou</span> <span class='ocrx_word' id='word_1_278' title='bbox 1349 3245 1467 3309; x_wconf 87' lang='lat' dir='ltr'>iniuria</span> <span class='ocrx_word' id='word_1_279' title='bbox 1488 3244 1614 3308; x_wconf 88' lang='lat' dir='ltr'>molesto</span> 
     </span>
     <span class='ocr_line' id='line_1_31' title="bbox 309 3347 1614 3434; baseline -0.006 -19"><span class='ocrx_word' id='word_1_280' title='bbox 309 3352 382 3415; x_wconf 86' lang='lat' dir='ltr'>t&#39;ero.</span> <span class='ocrx_word' id='word_1_281' title='bbox 425 3354 543 3434; x_wconf 83' lang='lat' dir='ltr'>Atque,</span> <span class='ocrx_word' id='word_1_282' title='bbox 568 3362 601 3417; x_wconf 92' lang='lat' dir='ltr'>ut</span> <span class='ocrx_word' id='word_1_283' title='bbox 622 3352 661 3416; x_wconf 90' lang='lat' dir='ltr'>dc</span> <span class='ocrx_word' id='word_1_284' title='bbox 680 3370 741 3413; x_wconf 82' lang='lat' dir='ltr'>runo</span> <span class='ocrx_word' id='word_1_285' title='bbox 760 3349 892 3413; x_wconf 91' lang='lat' dir='ltr'>crimine</span> <span class='ocrx_word' id='word_1_286' title='bbox 914 3347 994 3413; x_wconf 85' lang='lat' dir='ltr'>l&#39;also</span> <span class='ocrx_word' id='word_1_287' title='bbox 1017 3368 1099 3412; x_wconf 91' lang='lat' dir='ltr'>nnnc</span> <span class='ocrx_word' id='word_1_288' title='bbox 1121 3368 1230 3430; x_wconf 92' lang='lat' dir='ltr'>agam,</span> <span class='ocrx_word' id='word_1_289' title='bbox 1252 3367 1293 3411; x_wconf 89' lang='lat' dir='ltr'>an</span> <span class='ocrx_word' id='word_1_290' title='bbox 1315 3367 1376 3412; x_wconf 92' lang='lat' dir='ltr'>non</span> <span class='ocrx_word' id='word_1_291' title='bbox 1397 3366 1497 3429; x_wconf 88' lang='lat' dir='ltr'>grave</span> <span class='ocrx_word' id='word_1_292' title='bbox 1518 3354 1565 3411; x_wconf 88' lang='lat' dir='ltr'>est</span> <span class='ocrx_word' id='word_1_293' title='bbox 1585 3353 1614 3409; x_wconf 86' lang='lat' dir='ltr'>et</span> 
     </span>
     <span class='ocr_line' id='line_1_32' title="bbox 307 3447 1613 3535; baseline -0.005 -20"><span class='ocrx_word' id='word_1_294' title='bbox 307 3453 465 3535; x_wconf 91' lang='lat' dir='ltr'>iniquum,</span> <span class='ocrx_word' id='word_1_295' title='bbox 499 3455 582 3535; x_wconf 90' lang='lat' dir='ltr'>quod</span> <span class='ocrx_word' id='word_1_296' title='bbox 615 3452 782 3517; x_wconf 78' lang='lat' dir='ltr'>cavillatur</span> <span class='ocrx_word' id='word_1_297' title='bbox 812 3470 861 3516; x_wconf 88' lang='lat' dir='ltr'>me</span> <span class='ocrx_word' id='word_1_298' title='bbox 893 3450 1005 3515; x_wconf 87' lang='lat' dir='ltr'>deesse</span> <span class='ocrx_word' id='word_1_299' title='bbox 1036 3450 1184 3514; x_wconf 87' lang='lat' dir='ltr'>civilibus</span> <span class='ocrx_word' id='word_1_300' title='bbox 1216 3450 1344 3529; x_wconf 88' lang='lat' dir='ltr'>oliiciis,</span> <span class='ocrx_word' id='word_1_301' title='bbox 1374 3449 1489 3530; x_wconf 90' lang='lat' dir='ltr'>quibus</span> <span class='ocrx_word' id='word_1_302' title='bbox 1522 3447 1613 3512; x_wconf 87' lang='lat' dir='ltr'>ceteri</span> 
     </span>
     <span class='ocr_line' id='line_1_33' title="bbox 307 3551 1614 3639; baseline -0.005 -21"><span class='ocrx_word' id='word_1_303' title='bbox 307 3556 523 3639; x_wconf 86' lang='lat' dir='ltr'>manipulares</span> <span class='ocrx_word' id='word_1_304' title='bbox 549 3557 610 3621; x_wconf 89' lang='lat' dir='ltr'>ruci</span> <span class='ocrx_word' id='word_1_305' title='bbox 632 3576 693 3621; x_wconf 90' lang='lat' dir='ltr'>nou</span> <span class='ocrx_word' id='word_1_306' title='bbox 715 3557 815 3620; x_wconf 79' lang='lat' dir='ltr'>salsum</span> <span class='ocrx_word' id='word_1_307' title='bbox 838 3560 962 3635; x_wconf 80' lang='lat' dir='ltr'>assum,</span> <span class='ocrx_word' id='word_1_308' title='bbox 990 3552 1164 3617; x_wconf 88' lang='lat' dir='ltr'>sedetiam</span> <span class='ocrx_word' id='word_1_309' title='bbox 1188 3556 1340 3635; x_wconf 78' lang='lat' dir='ltr'>presunt?</span> <span class='ocrx_word' id='word_1_310' title='bbox 1384 3551 1542 3633; x_wconf 88' lang='lat' dir='ltr'>intelligit</span> <span class='ocrx_word' id='word_1_311' title='bbox 1562 3568 1614 3614; x_wconf 91' lang='lat' dir='ltr'>nu-</span> 
     </span>
     <span class='ocr_line' id='line_1_34' title="bbox 306 3652 1613 3743; baseline -0.007 -21"><span class='ocrx_word' id='word_1_312' title='bbox 306 3659 579 3739; x_wconf 74' lang='lat' dir='ltr'>galor·n11ptias,²</span> <span class='ocrx_word' id='word_1_313' title='bbox 608 3657 778 3743; x_wconf 87' lang='lat' dir='ltr'>primitias,</span> <span class='ocrx_word' id='word_1_314' title='bbox 804 3656 961 3721; x_wconf 88' lang='lat' dir='ltr'>convivia.</span> <span class='ocrx_word' id='word_1_315' title='bbox 1005 3654 1089 3732; x_wconf 77' lang='lat' dir='ltr'>Quid</span> <span class='ocrx_word' id='word_1_316' title='bbox 1114 3657 1226 3719; x_wconf 88' lang='lat' dir='ltr'>sannio</span> <span class='ocrx_word' id='word_1_317' title='bbox 1248 3654 1321 3719; x_wconf 85' lang='lat' dir='ltr'>vilis</span> <span class='ocrx_word' id='word_1_318' title='bbox 1347 3654 1467 3717; x_wconf 78' lang='lat' dir='ltr'>latrat?</span> <span class='ocrx_word' id='word_1_319' title='bbox 1508 3652 1613 3733; x_wconf 83' lang='lat' dir='ltr'>Egone</span> 
     </span>
     <span class='ocr_line' id='line_1_35' title="bbox 307 3754 1613 3841; baseline -0.007 -17"><span class='ocrx_word' id='word_1_320' title='bbox 307 3759 446 3841; x_wconf 91' lang='lat' dir='ltr'>politicis</span> <span class='ocrx_word' id='word_1_321' title='bbox 468 3760 579 3827; x_wconf 87' lang='lat' dir='ltr'>desum</span> <span class='ocrx_word' id='word_1_322' title='bbox 600 3760 801 3826; x_wconf 75' lang='lat' dir='ltr'>minutaribus?</span> <span class='ocrx_word' id='word_1_323' title='bbox 831 3760 924 3824; x_wconf 85' lang='lat' dir='ltr'>Certe</span> <span class='ocrx_word' id='word_1_324' title='bbox 946 3780 1008 3823; x_wconf 92' lang='lat' dir='ltr'>non</span> <span class='ocrx_word' id='word_1_325' title='bbox 1030 3759 1149 3822; x_wconf 90' lang='lat' dir='ltr'>desum.</span> <span class='ocrx_word' id='word_1_326' title='bbox 1182 3757 1333 3821; x_wconf 88' lang='lat' dir='ltr'>Mentitur</span> <span class='ocrx_word' id='word_1_327' title='bbox 1354 3756 1479 3820; x_wconf 91' lang='lat' dir='ltr'>nebulo.</span> <span class='ocrx_word' id='word_1_328' title='bbox 1504 3754 1613 3818; x_wconf 87' lang='lat' dir='ltr'>Rarius</span> 
     </span>
     <span class='ocr_line' id='line_1_36' title="bbox 306 3859 1610 3944; baseline -0.005 -20"><span class='ocrx_word' id='word_1_329' title='bbox 306 3860 382 3927; x_wconf 87' lang='lat' dir='ltr'>i&#39;oris</span> <span class='ocrx_word' id='word_1_330' title='bbox 414 3882 509 3943; x_wconf 91' lang='lat' dir='ltr'>ceno,</span> <span class='ocrx_word' id='word_1_331' title='bbox 538 3864 615 3944; x_wconf 90' lang='lat' dir='ltr'>qnia</span> <span class='ocrx_word' id='word_1_332' title='bbox 645 3861 875 3944; x_wconf 89' lang='lat' dir='ltr'>tranquillitate</span> <span class='ocrx_word' id='word_1_333' title='bbox 901 3866 1068 3926; x_wconf 91' lang='lat' dir='ltr'>contentus</span> <span class='ocrx_word' id='word_1_334' title='bbox 1093 3878 1248 3941; x_wconf 89' lang='lat' dir='ltr'>nusquam</span> <span class='ocrx_word' id='word_1_335' title='bbox 1273 3859 1404 3924; x_wconf 86' lang='lat' dir='ltr'>liberius</span> <span class='ocrx_word' id='word_1_336' title='bbox 1426 3859 1500 3921; x_wconf 91' lang='lat' dir='ltr'>vivo</span> <span class='ocrx_word' id='word_1_337' title='bbox 1521 3874 1610 3939; x_wconf 89' lang='lat' dir='ltr'>qnam</span> 
     </span>
    </p>
   </div>
   <div class='ocr_carea' id='block_1_4' title="bbox 365 4096 1379 4653">
    <p class='ocr_par' dir='ltr' id='par_1_4' title="bbox 370 4096 648 4155">
     <span class='ocr_line' id='line_1_37' title="bbox 370 4096 648 4155; baseline -0.011 -1"><span class='ocrx_word' id='word_1_338' title='bbox 370 4096 379 4137; x_wconf 84' lang='lat'>¹</span> <span class='ocrx_word' id='word_1_339' title='bbox 405 4100 509 4155; x_wconf 90' lang='lat' dir='ltr'>Diener</span> <span class='ocrx_word' id='word_1_340' title='bbox 531 4098 648 4154; x_wconf 80' lang='lat' dir='ltr'>Urbana.</span> 
     </span>
    </p>

    <p class='ocr_par' dir='ltr' id='par_1_5' title="bbox 369 4176 683 4233">
     <span class='ocr_line' id='line_1_38' title="bbox 369 4176 683 4233; baseline -0.013 0"><span class='ocrx_word' id='word_1_341' title='bbox 369 4176 383 4218; x_wconf 78' lang='lat'><em>²</em></span> <span class='ocrx_word' id='word_1_342' title='bbox 405 4180 527 4233; x_wconf 79' lang='lat' dir='ltr'>llutisns</span> <span class='ocrx_word' id='word_1_343' title='bbox 545 4178 683 4233; x_wconf 79' lang='lat' dir='ltr'>Famulus</span> 
     </span>
    </p>

    <p class='ocr_par' dir='ltr' id='par_1_6' title="bbox 365 4256 916 4330">
     <span class='ocr_line' id='line_1_39' title="bbox 365 4256 916 4330; baseline 0 -17"><span class='ocrx_word' id='word_1_344' title='bbox 365 4256 379 4299; x_wconf 77' lang='lat'>³</span> <span class='ocrx_word' id='word_1_345' title='bbox 400 4258 561 4330; x_wconf 79' lang='lat' dir='ltr'>Pfeffinger,</span> <span class='ocrx_word' id='word_1_346' title='bbox 582 4258 636 4312; x_wconf 76' lang='lat' dir='ltr'>Rari</span> <span class='ocrx_word' id='word_1_347' title='bbox 652 4257 807 4311; x_wconf 75' lang='lat' dir='ltr'>Friedrichs</span> <span class='ocrx_word' id='word_1_348' title='bbox 827 4258 852 4312; x_wconf 89' lang='lat' dir='ltr'>d.</span> <span class='ocrx_word' id='word_1_349' title='bbox 870 4258 916 4313; x_wconf 88' lang='lat' dir='ltr'>W.</span> 
     </span>
    </p>

    <p class='ocr_par' dir='ltr' id='par_1_7' title="bbox 366 4336 1138 4409">
     <span class='ocr_line' id='line_1_40' title="bbox 366 4336 1138 4409; baseline -0.003 -16"><span class='ocrx_word' id='word_1_350' title='bbox 366 4336 379 4377; x_wconf 72' lang='lat'>⁴</span> <span class='ocrx_word' id='word_1_351' title='bbox 402 4341 506 4395; x_wconf 74' lang='lat' dir='ltr'>Patulus</span> <span class='ocrx_word' id='word_1_352' title='bbox 527 4338 679 4395; x_wconf 81' lang='lat' dir='ltr'>lintheum.</span> <span class='ocrx_word' id='word_1_353' title='bbox 721 4337 784 4409; x_wconf 76' lang='lat' dir='ltr'>Vqr.</span> <span class='ocrx_word' id='word_1_354' title='bbox 806 4338 849 4393; x_wconf 88' lang='lat' dir='ltr'>Br.</span> <span class='ocrx_word' id='word_1_355' title='bbox 862 4338 900 4390; x_wconf 72' lang='grc'>24</span> <span class='ocrx_word' id='word_1_356' title='bbox 922 4338 948 4392; x_wconf 83' lang='lat' dir='ltr'>S.</span> <span class='ocrx_word' id='word_1_357' title='bbox 959 4338 995 4391; x_wconf 87' lang='lat'>33</span> <span class='ocrx_word' id='word_1_358' title='bbox 1020 4338 1099 4391; x_wconf 76' lang='lat' dir='ltr'>Arrun.</span> <span class='ocrx_word' id='word_1_359' title='bbox 1112 4338 1138 4391; x_wconf 72' lang='grc'>4.</span> 
     </span>
    </p>

    <p class='ocr_par' dir='ltr' id='par_1_8' title="bbox 366 4416 1379 4572">
     <span class='ocr_line' id='line_1_41' title="bbox 366 4416 1379 4490; baseline -0.002 -17"><span class='ocrx_word' id='word_1_360' title='bbox 366 4416 380 4460; x_wconf 73' lang='lat'>⁵</span> <span class='ocrx_word' id='word_1_361' title='bbox 403 4421 460 4475; x_wconf 82' lang='lat' dir='ltr'>llus</span> <span class='ocrx_word' id='word_1_362' title='bbox 481 4421 608 4473; x_wconf 83' lang='lat' dir='ltr'>Klostcrs</span> <span class='ocrx_word' id='word_1_363' title='bbox 630 4437 691 4472; x_wconf 84' lang='lat' dir='ltr'>nuru</span> <span class='ocrx_word' id='word_1_364' title='bbox 713 4418 836 4489; x_wconf 82' lang='lat' dir='ltr'>heiligen</span> <span class='ocrx_word' id='word_1_365' title='bbox 859 4420 958 4474; x_wconf 76' lang='lat' dir='ltr'>Kreun</span> <span class='ocrx_word' id='word_1_366' title='bbox 1000 4419 1063 4490; x_wconf 80' lang='lat' dir='ltr'>Vgl.</span> <span class='ocrx_word' id='word_1_367' title='bbox 1087 4418 1160 4473; x_wconf 74' lang='lat' dir='ltr'>Bru</span> <span class='ocrx_word' id='word_1_368' title='bbox 1182 4418 1239 4471; x_wconf 81' lang='lat' dir='ltr'>S.5</span> <span class='ocrx_word' id='word_1_369' title='bbox 1260 4417 1341 4470; x_wconf 84' lang='lat' dir='ltr'>Anm.</span> <span class='ocrx_word' id='word_1_370' title='bbox 1354 4417 1379 4471; x_wconf 83' lang='lat'>2.</span> 
     </span>
     <span class='ocr_line' id='line_1_42' title="bbox 366 4498 871 4572; baseline -0.004 -17"><span class='ocrx_word' id='word_1_371' title='bbox 366 4498 380 4537; x_wconf 69' lang='lat'>‘¹’</span> <span class='ocrx_word' id='word_1_372' title='bbox 403 4502 466 4572; x_wconf 74' lang='lat' dir='ltr'>Vqr.</span> <span class='ocrx_word' id='word_1_373' title='bbox 489 4500 605 4553; x_wconf 67' lang='lat' dir='ltr'>llum</span> <span class='ocrx_word' id='word_1_374' title='bbox 628 4500 653 4553; x_wconf 89' lang='lat' dir='ltr'>S.</span> <span class='ocrx_word' id='word_1_375' title='bbox 666 4499 724 4551; x_wconf 74' lang='lat'>289</span> <span class='ocrx_word' id='word_1_376' title='bbox 746 4499 827 4553; x_wconf 77' lang='lat' dir='ltr'>Arum</span> <span class='ocrx_word' id='word_1_377' title='bbox 845 4498 871 4554; x_wconf 77' lang='grc'>2.</span> 
     </span>
    </p>

    <p class='ocr_par' dir='ltr' id='par_1_9' title="bbox 368 4578 736 4653">
     <span class='ocr_line' id='line_1_43' title="bbox 368 4578 736 4653; baseline -0.016 -17"><span class='ocrx_word' id='word_1_378' title='bbox 368 4578 379 4620; x_wconf 81' lang='lat' dir='ltr'>l</span> <span class='ocrx_word' id='word_1_379' title='bbox 400 4581 465 4653; x_wconf 78' lang='lat' dir='ltr'>l&#39;gt.</span> <span class='ocrx_word' id='word_1_380' title='bbox 487 4580 534 4639; x_wconf 86' lang='lat' dir='ltr'>Br.</span> <span class='ocrx_word' id='word_1_381' title='bbox 552 4580 607 4633; x_wconf 75' lang='lat'>461</span> <span class='ocrx_word' id='word_1_382' title='bbox 632 4581 658 4637; x_wconf 89' lang='lat' dir='ltr'>S.</span> <span class='ocrx_word' id='word_1_383' title='bbox 673 4580 736 4631; x_wconf 80' lang='lat' dir='ltr'>litt.</span> 
     </span>
    </p>
   </div>
   <div class='ocr_carea' id='block_1_5' title="bbox 0 0 1818 5192">
    <p class='ocr_par' dir='ltr' id='par_1_10' title="bbox 0 0 1818 5192">
     <span class='ocr_line' id='line_1_44' title="bbox 0 0 1818 5192; baseline 0 3"><span class='ocrx_word' id='word_1_384' title='bbox 0 0 1818 5192; x_wconf 95' lang='lat' dir='ltr'> </span> 
     </span>
    </p>
   </div>
  </div>
 </body>
</html>
