3625 5192
309 340 370 401 236'
681 348 940 417 Gcachichtsquollen
958 350 1007 403 der
1024 348 1097 401 Prov.
1115 348 1238 404 Saolrson.

308 503 425 562 temere
447 496 532 561 nullo
553 496 712 579 probabili
731 498 864 563 consilio
885 499 1091 579 refragantur.
1134 497 1206 562 Nou
1226 516 1318 579 eges,
1343 497 1469 579 opinor,
1490 495 1552 559 hac
1573 494 1607 558 iu

309 607 399 681 parte
428 598 674 681 medicamentO,
700 620 769 690 oum
797 601 840 663 sis
869 602 900 664 in
931 601 1063 682 antiqua
1083 600 1261 665 eruditione
1283 600 1333 664 vel
1355 597 1562 682 politissimus
1583 606 1614 661 et

308 702 340 763 in
368 702 427 767 hac
456 702 651 767 balbutiente
677 703 842 767 literatura
871 724 933 767 non
962 705 1010 766 vir
1033 703 1088 767 imi
1121 702 1274 767 subsellii.
1327 700 1539 782 Navigaudus
1566 710 1614 764 est

267 867 278 885 ‚
307 822 364 885 pro
392 811 555 867 ventorum
581 802 668 868 flatu.
717 804 777 882 Qui
807 814 971 886 utrumque
998 812 1138 885 prestare
1163 812 1307 887 possunt,
1333 811 1367 867 ut
1392 802 1433 867 de
1457 802 1613 866 thesauris

308 904 373 969 suis
403 914 510 970 vetera
535 912 566 969 et
592 926 675 970 nova
695 907 891 989 depromant,
913 905 961 970 illi
982 906 1159 970 mehercule
1179 904 1340 970 difficilem
1359 904 1469 969 adiere
1489 904 1612 987 provin-

307 1006 388 1071 ciam
417 1015 447 1071 ct
468 1007 569 1071 videri
591 1010 693 1073 solent
714 1010 805 1091 lynce
826 1008 929 1089 magis
950 1009 1040 1073 varii.
1090 1008 1287 1072 Admiranda
1316 1006 1444 1089 quidem
1473 1007 1533 1071 hec
1560 1026 1611 1069 au·

307 1108 401 1173 dacia
431 1109 462 1173 iu
484 1109 645 1175 Ludovico
667 1111 786 1191 Celio‚¹
816 1111 1024 1193 grammatico
1052 1111 1176 1175 literato
1204 1110 1290 1175 et'in
1317 1118 1457 1173 veterum
1478 1108 1612 1173 lectione

306 1211 497 1276 authoritate
529 1213 630 1293 gravi.
680 1215 710 1279 ls
736 1233 756 1277 a
784 1214 978 1297 professione
1000 1213 1176 1291 Ciceronis,
1207 1212 1352 1291 Homeri,
1382 1212 1477 1291 Livii,
1509 1211 1612 1291 Plinii,

306 1320 480 1379 ceterorum
508 1316 553 1379 ad
574 1316 770 1381 Platonicam
797 1316 932 1379 heresim
959 1316 1140 1379 transiliens
1160 1314 1394 1379 Platonicorum
1412 1312 1559 1377 flosculos
1580 1313 1612 1375 iu

306 1415 468 1481 academie
495 1419 596 1501 pratis
622 1418 834 1483 anterioribus
862 1419 1036 1501 preccrpsit
1062 1425 1094 1481 et
1113 1417 1239 1481 videtur
1259 1415 1433 1481 consectari
1455 1415 1631 1499 Plotinum·

305 1524 336 1581 ct
369 1518 597 1585 Bessarionem.
660 1520 778 1584 Ultimo
815 1527 898 1583 certe
929 1520 1035 1602 capite
1067 1527 1163 1582 tritam
1197 1519 1338 1583 Platonis
1376 1517 1610 1601 philosophiam

305 1622 448 1685 encomio
483 1620 583 1685 nobili
613 1640 793 1702 quanquam
827 1621 963 1685 breviter
996 1620 1135 1685 celebrat
1166 1629 1197 1683 et
1230 1620 1340 1703 primis
1371 1618 1495 1683 duobus
1523 1618 1611 1683 libris

306 1721 507 1788 vehementer
538 1724 735 1805 platonissat.
788 1726 845 1802 At,
877 1724 963 1787 Deus
988 1723 1083 1801 bone,
1110 1742 1181 1787 cum
1209 1723 1252 1786 ad
1278 1721 1477 1787 Christianos
1504 1728 1609 1804 patres

305 1824 466 1907 spaciatur
491 1831 522 1889 et
547 1844 616 1888 oum
641 1824 783 1889 barbaris
805 1827 889 1906 agit,
917 1845 1012 1907 quam
1033 1824 1185 1888 ridiculus
1207 1832 1268 1903 est,
1295 1842 1388 1905 quam
1412 1824 1550 1907 ineptus!
1578 1829 1611 1885 ut

305 1926 519 1991 contaminare
545 1926 622 1991 milri
642 1926 789 1991 videatur
811 1926 1076 2008 tlroologumenis,
1099 1946 1160 1990 non
1184 1926 1341 1991 illustrare
1362 1926 1608 1989 commentarios.

305 2028 451 2105 Ridebis,
471 2029 550 2109 scio,
573 2028 668 2093 nimis
689 2030 817 2093 anxiam
835 2049 942 2095 curam
963 2029 1100 2093 hominis
1122 2030 1227 2112 capite
1248 2027 1323 2091 XLI
1346 2028 1418 2091 libri
1438 2027 1517 2091 Xlll
1528 2076 1535 2106 ,
1557 2027 1609 2090 ubi

305 2131 495 2213 sapientiam
524 2131 597 2195 ludo
632 2139 794 2214 comparat
819 2132 917 2197 lictus
942 2132 1129 2215 preludiciis
1149 2132 1341 2195 Hebreorum
1365 2130 1450 2194 etin
1472 2150 1510 2195 eo
1532 2128 1609 2195 levis

305 2238 353 2295 ost
382 2234 606 2297 authoritatum
633 2234 768 2317 tybicon.
816 2234 896 2313 Sed,
923 2242 1012 2317 puto,
1038 2236 1137 2299 nostri
1167 2236 1318 2316 temporis
1337 2233 1496 2312 theologis
1517 2252 1556 2296 ea
1577 2233 1609 2295 in

305 2353 339 2397 rc
357 2334 572 2415 gratissimum
593 2342 623 2399 et
645 2337 781 2401 maxime
803 2336 973 2419 plausibile
994 2344 1203 2401 commentum
1222 2336 1304 2401 fecit.
1346 2334 1460 2399 Adhuc
1474 2334 1610 2419 ineptior

305 2435 385 2499 libro
417 2446 505 2501 sexto
536 2438 641 2519 capite
670 2438 750 2501 XXI
777 2439 904 2520 agitans
932 2439 1128 2519 questionem
1157 2458 1234 2503 sane
1259 2438 1401 2503 odiosam
1428 2444 1460 2500 et
1491 2437 1609 2519 pullato

305 2538 421 2627 circulo
442 2539 570 2602 minime
591 2539 792 2622 vulgandam,
814 2560 853 2603 an
877 2541 909 2604 in
931 2540 1083 2605 abiuncta
1103 2540 1210 2604 aalma
1230 2541 1369 2625 supersit
1388 2540 1539 2605 memoria
1559 2539 1609 2605 vel

304 2660 423 2705 sensus.
466 2640 592 2705 Rectius
614 2640 748 2715 lecisset,
772 2642 861 2707 aeid
883 2662 983 2727 genus
1004 2643 1166 2725 enigmata
1188 2649 1233 2707 tot
1253 2643 1389 2727 placitis,
1411 2648 1458 2708 tot
1474 2642 1610 2709 decretis

305 2762 344 2807 ne
366 2742 469 2806 dicam
491 2744 637 2827 strophis,
659 2742 887 2827 disputantium
909 2744 1077 2810 obscurata
1098 2764 1257 2827 nunquam
1280 2744 1450 2825 attigisset.
1497 2744 1606 2809 Gloria

304 2844 502 2909 extimulavit
529 2846 630 2909 virum
657 2846 856 2929 antiquitatis
881 2846 1070 2919 studiosum,
1099 2854 1132 2911 ut
1157 2848 1226 2912 sine
1254 2846 1372 2911 iudicio
1393 2846 1549 2928 deligeret
1570 2866 1609 2910 ex

282 2947 389 3012 'omui
416 2966 532 3029 genere
558 2947 717 3012 literarum
743 2940 879 3033 λογάδες.
929 2948 1042 3014 Effecit
1066 2949 1160 3032 plane
1187 2955 1339 3014 moretum
1361 2956 1393 3013 et
1414 2948 1608 3030 farraginem

304 3049 403 3113 eciam
426 3049 499 3129 illis,
520 3050 572 3131 qui
595 3070 712 3133 magna
735 3050 913 3116 auditorum
935 3052 1112 3134 frequentia
1128 3050 1333 3133 quotlibeta,2
1354 3056 1389 3115 nt
1407 3050 1468 3133 ipsi
1484 3057 1608 3128 vocant,

306 3154 479 3217 instituunt.
524 3152 662 3216 insulsus
682 3161 747 3216 tum
769 3154 928 3237 precipue,
950 3173 1019 3218 curn
1040 3153 1247 3232 Avicenuam,
1273 3150 1478 3232 Bernardum,
1498 3153 1610 3217 Alben-

304 3262 378 3334 tum,
400 3256 563 3319 Averroim
590 3254 710 3319 alienos
732 3274 751 3317 a
773 3274 828 3319 suo
849 3256 919 3319 luco
940 3256 1026 3319 citat.
1070 3245 1238 3316 Χελιδόνιον
1263 3263 1400 3337 μουσεῖα,
1428 3262 1462 3317 ut
1487 3254 1610 3319 diceres

304 3349 488 3441 ἐπιφυλλίδες
513 3358 565 3418 καὶ
591 3352 832 3441 στι.)μύλματα,3
882 3358 946 3423 Scri
971 3356 1047 3439 quid
1074 3357 1175 3422 facias
1198 3356 1336 3441 llgyptio
1365 3355 1522 3439 sophista,
1554 3356 1607 3438 qui

305 3458 448 3524 Proteum
470 3460 587 3524 imitari
609 3461 718 3541 gestit,
745 3460 875 3523 eciamsi
903 3459 1108 3525 echinnorum
1134 3460 1291 3543 asperitas
1313 3459 1444 3523 intersit.
1491 3458 1607 3525 Utcun-

304 3582 364 3644 que
385 3564 435 3636 sit
458 3562 485 3625 si
508 3564 678 3627 universim
700 3562 861 3643 decernas,
883 3571 1027 3626 versatur
1048 3561 1081 3626 iu
1103 3561 1251 3645 pomeriis
1271 3562 1337 3627 suis
1359 3581 1419 3625 nou
1433 3561 1609 3627 sinelaude

304 3673 336 3729 et
362 3666 601 3747 grammaticam
628 3664 855 3746 supellectilem
885 3665 986 3747 gratis
1013 3664 1159 3728 omnibus
1186 3664 1315 3728 exhibet
1336 3663 1517 3727 nitidiorem
1538 3685 1609 3729 con·

231 3769 243 3789 '
305 3774 417 3847 tentus,
441 3775 473 3828 ut
496 3767 527 3831 in
551 3768 653 3831 l'route
675 3774 821 3845 testatur,
849 3768 875 3831 si
903 3767 1001 3831 livore
1031 3767 1134 3848 posito
1161 3765 1292 3846 legatur,
1341 3759 1428 3834 Αὐτὴ
1448 3758 1506 3847 γὰρ
1526 3762 1609 3825 ἀντι-

304 3861 488 3953 πελάργωσις
509 3863 624 3938 ἱκανή.4
658 3870 692 3933 Sl
713 3870 892 3951 antiquario
908 3876 1013 3933 nostro
1033 3868 1149 3933 sullicit
1170 3856 1289 3931 candor
1309 3866 1445 3948 lectoris,
1463 3867 1557 3931 debet
1576 3872 1609 3928 et
1705 3947 1716 3961 .
1740 3859 1794 3985 J

304 3970 396 4036 nobis
422 3971 561 4053 placere,
584 3970 667 4053 quod
688 3971 826 4053 gratuito
851 3970 1037 4056 publicavit.
1080 3970 1115 4033 ln
1136 3990 1258 4033 summa
1285 3970 1334 4034 sic
1356 3969 1450 4033 velim
1479 3968 1613 4051 habeas,
1791 3939 1794 4015 l

397 4150 503 4157 -,---

367 4256 377 4299 ¹
400 4262 464 4333 Vgl.
487 4262 531 4316 llr.
547 4262 603 4317 567
623 4262 651 4317 S.
663 4262 720 4316 232
744 4262 825 4317 Anm.
838 4263 863 4318 4.

362 4338 375 4379 ²
397 4342 492 4398 Uobcr
504 4344 563 4397 die
555 4343 800 4407 eQuodlibeta
764 4345 817 4415 vgl
832 4343 963 4398 Zarnclce.
991 4343 1046 4398 Die
1060 4345 1212 4399 deutschen
1228 4294 1457 4398 Uuivccsitr'iten
1450 4361 1488 4396 un
1500 4341 1612 4397 blittol-

303 4422 380 4541 altffl3
395 4502 458 4557 Von
481 4502 681 4574 Aristophanes
703 4504 807 4573 (ltanao
830 4500 880 4579 92)
903 4504 973 4558 iiber
992 4504 1037 4558 dic
1060 4506 1219 4560 schlechteu
1243 4504 1361 4559 Dichter
1380 4509 1485 4577 gosagt.

362 4579 375 4623 ⁴
399 4583 598 4641 Schlussmutte
618 4585 656 4639 im
678 4584 752 4639 Titel
773 4586 820 4640 dos
843 4584 877 4641 W
881 4584 967 4643 arkes.
