3625 5192
325 361 376 413 too
695 359 955 429 Geschichtsquelleu
975 362 1023 414 der
1041 360 1114 414 Pror.
1131 362 1253 416 Sachsen.
1276 408 1281 414 .

402 511 433 573 S.
477 509 618 592 Scripsil
650 509 693 574 ad
725 514 756 573 te
786 529 844 592 pro
874 509 995 574 delitiis
1022 510 1137 574 nostris
1163 509 1295 574 Eobano
1317 509 1419 574 Hesso
1450 517 1482 574 et
1511 511 1629 575 amoris

320 611 437 676 fiducia
463 612 554 694 quasi
585 612 757 694 postulari,
785 619 819 676 nt
844 619 990 695 spectata
1014 619 1069 676 tua
1095 613 1180 695 apud
1209 613 1362 695 primores
1383 612 1574 678 authoritate
1596 622 1628 678 et

209 743 213 749 ·
320 716 426 797 gratia
454 716 641 799 impetrares
661 714 782 798 optimo
802 722 895 796 poete
916 723 1101 799 perpetuum
1124 715 1156 778 in
1177 716 1346 798 gymnasio
1368 707 1526 780 salarium.
1568 715 1627 780 Re-

319 818 454 882 trahitur
473 816 528 882 ille
550 818 591 881 ah
612 816 840 880 humanissimo
862 835 918 882 suo
940 818 1089 900 presulel
1111 817 1152 882 ad
1175 817 1358 892 Bructeros,
1381 825 1507 899 gentem
1528 819 1626 882 teram

319 925 351 985 et
388 920 506 1004 oppido
540 919 717 984 barbaram.
764 919 842 1000 Legi
875 919 984 984 literas
1013 919 1094 984 mira
1128 919 1325 1002 benignitate
1357 920 1500 1000 miraque
1533 920 1628 984 hene-

318 1023 465 1087 volencia
492 1023 633 1086 refertas.
679 1021 742 1086 Sed
770 1040 831 1103 ego
857 1030 950 1103 poete
977 1022 1076 1086 nostri
1102 1023 1221 1103 optatis
1250 1031 1281 1086 et
1309 1031 1382 1084 voto
1409 1022 1520 1086 favens
1550 1022 1627 1084 utile

318 1127 455 1190 futurum
487 1130 519 1189 et
548 1124 696 1188 decorum
728 1124 928 1189 universitati
960 1121 1168 1189 studiosorum
1196 1125 1357 1199 existimo,
1390 1132 1423 1187 ut
1449 1123 1627 1208 Erphurdie

319 1229 499 1292 retineatur.
542 1225 624 1289 Nam
647 1245 687 1290 ex
708 1227 777 1290 eius
798 1226 907 1291 schola
928 1225 1016 1290 multi
1040 1226 1211 1310 prodibunt
1234 1227 1310 1290 iuris
1331 1225 1491 1291 auditores
1507 1234 1539 1289 et
1556 1246 1627 1310 pre-

318 1331 441 1409 sertim,
470 1347 532 1410 qoo
553 1327 694 1402 duxeris,
721 1346 883 1409 sequaces.
915 1329 1038 1410 ‘Neque
1061 1329 1094 1392 id
1115 1327 1317 1408 incredibile,
1344 1348 1414 1391 cum
1443 1335 1476 1392 tu
1499 1336 1627 1392 ornator

267 1444 269 1448 ·
317 1432 460 1513 legitime
481 1438 513 1496 et
534 1431 686 1495 canonice
707 1430 871 1514 sapiencie
894 1431 1035 1495 limatius
1053 1450 1146 1513 quam
1164 1429 1284 1512 priores
1300 1429 1485 1512 profitearis.
1529 1431 1624 1494 Pauci

319 1533 534 1616 sophistarum
555 1533 587 1595 in
612 1539 749 1597 montem
770 1533 955 1598 ascendunt.
999 1533 1134 1598 Venient
1156 1541 1261 1597 autem
1283 1532 1323 1596 ad
1345 1533 1423 1597 iuris
1440 1533 1627 1616 interpretes

292 1635 446 1718 *plurimi
481 1633 654 1698 auditionis
687 1636 810 1717 poetice
846 1642 879 1700 et
911 1634 1117 1699 humanitatis
1149 1635 1322 1700 candidati.
1379 1634 1492 1699 Veniet
1523 1637 1624 1699 eciam

317 1737 467 1802 Ilohanus
494 1736 687 1818 narrabitque
713 1737 773 1801 iuri
796 1756 935 1820 operam.
979 1737 1044 1802 Fae
1065 1738 1176 1819 igitur,
1201 1745 1236 1802 ut
1257 1746 1375 1819 perte,
1396 1737 1623 1802 amicissimum

315 1842 417 1905 virum
443 1848 476 1903 et
509 1839 691 1922 primarium
709 1840 899 1919 doctorem,
932 1841 997 1903 voti
1031 1856 1159 1924 compos
1190 1839 1255 1906 liat.
1306 1839 1493 1904 lnstituatur
1530 1840 1624 1904 lectio

316 1941 510 2006 humanioris
527 1941 745 2026 petitionisque
761 1940 904 2005 doctrine
919 1961 988 2005 cum
1005 1949 1112 2006 eterno
1124 1941 1292 2024 stipendio.
1328 1941 1446 2005 lnvoca
1466 1942 1624 2006 Leonem3

315 2051 418 2124 tuum,
452 2043 742 2107 mathematicorum
776 2043 968 2126 principem,
1006 2042 1098 2106 allice
1134 2050 1257 2108 veteres
1287 2063 1326 2106 ex
1360 2043 1625 2126 philosophastris

315 2146 434 2210 amicos
473 2153 504 2209 et
537 2145 694 2227 persuade
735 2144 811 2218 illis,
849 2154 882 2209 ut
912 2145 982 2208 usui
1012 2145 1226 2227 dignitatique
1257 2145 1514 2210 scholasticorum
1553 2167 1625 2230 pro·

315 2249 463 2331 spiciant.
505 2247 643 2325 Quodsi
662 2247 802 2311 nonnulli
826 2247 1077 2330 refragabantur,
1098 2245 1254 2331 (mussant
1269 2248 1352 2312 euim
1367 2248 1508 2331 plerique
1526 2249 1623 2312 lacul-

317 2358 400 2414 tates
421 2350 533 2414 deesse
554 2349 657 2414 erario
683 2349 856 2413 literatorie
887 2357 1038 2430 tanquam
1066 2348 1220 2414 exhausto
1241 2357 1273 2413 et
1296 2350 1399 2426 inani)
1424 2356 1499 2414 tuuc
1524 2350 1623 2430 effice,

315 2460 350 2515 ut
380 2450 557 2533 hloguntini
596 2458 628 2515 et
663 2450 827 2515 eonsules⁴
862 2459 992 2533 repente
1029 2451 1186 2534 imperent
1216 2450 1368 2516 dicendo:
1407 2451 1557 2518 Volumus
1592 2461 1624 2517 et

316 2553 475 2633 iuhemus,
503 2560 537 2616 ut
564 2553 606 2617 sit
631 2553 684 2635 qui
708 2552 827 2616 latinas
849 2553 959 2617 literas
980 2554 1098 2636 optime
1119 2553 1233 2619 doceat
1256 2554 1337 2618 inter
1353 2561 1402 2618 tot
1423 2556 1570 2620 contirsas
1592 2563 1623 2619 et

317 2655 453 2718 insulsas
472 2654 632 2721 lectiones.
679 2655 780 2721 Nemo
798 2655 866 2734 erit,
890 2654 1080 2734 Hereborde,
1104 2663 1166 2719 tam
1186 2655 1313 2735 lividus,
1336 2658 1410 2738 quin
1425 2657 1483 2720 tihi
1500 2659 1622 2739 gratias

315 2765 440 2821 acturus
468 2746 511 2821 sit
539 2757 692 2838 ingentes.
734 2757 781 2820 Te
812 2758 927 2822 honum
956 2758 1098 2821 civitatis
1123 2757 1297 2839 ecdicum»,
1326 2766 1357 2823 te
1384 2759 1498 2826 bonum
1526 2761 1622 2844 patri-

315 2860 411 2938 cium,
441 2868 471 2923 te
493 2848 609 2923 donum
630 2857 789 2923 doctorem
811 2859 1020 2942 appellabunt
1040 2861 1227 2942 agminatim
1249 2861 1333 2924 docti
1356 2869 1388 2925 et
1412 2861 1540 2926 indocti.
1585 2863 1619 2925 ld

314 2963 410 3026 etiam
432 2969 528 3043 atque
554 2962 656 3026 eciam
683 2982 703 3026 a
725 2968 756 3025 te
778 2969 851 3046 peto
878 2963 1007 3026 minime
1028 2963 1198 3044 petiturus,
1227 2962 1254 3026 si
1276 2971 1331 3027 aut
1351 2963 1540 3028 laboriosum
1562 2965 1620 3029 tihi

314 3071 369 3128 aut
388 3063 499 3129 inutile
520 3063 689 3128 rideretur.
731 3063 800 3127 Erit
820 3072 926 3128 autem
950 3071 1046 3146 poeta
1065 3065 1207 3138 sincerus
1229 3064 1444 3130 fidelissimum
1468 3066 1499 3129 io
1517 3065 1621 3130 diario

313 3173 367 3229 tuo
393 3186 516 3232 nomen.
566 3165 652 3230 Bene
680 3165 875 3248 feliciterque
906 3165 1025 3232 valeas.
1074 3167 1169 3250 Cupit
1197 3157 1298 3231 eciam
1322 3186 1448 3232 uxorem
1473 3168 1620 3232 ducere.6

314 3267 417 3331 Ducat
435 3275 488 3332 tuo
510 3269 653 3350 auspicio
675 3266 865 3331 ditissimam
891 3268 1030 3332 viduam.
1072 3268 1255 3334 Advocabis
1279 3268 1441 3334 liobanum
1471 3279 1502 3334 et
1529 3269 1620 3334 dieas

313 3370 422 3435 uelim:
451 3371 577 3440 Amice,
608 3368 807 3450 suffragator
833 3370 907 3450 tihi,
937 3378 1000 3434 tum
1029 3371 1104 3452 quia
1126 3390 1213 3435 urens
1240 3391 1274 3435 es
1303 3379 1395 3452 teque
1418 3371 1514 3454 prohe
1536 3375 1620 3453 oriri,

313 3477 379 3534 tum
406 3471 482 3552 quia
505 3470 664 3535 Mutianus
691 3471 788 3536 instat
816 3479 849 3536 et
877 3479 969 3554 urget
995 3473 1040 3536 tui
1067 3472 1191 3555 meique
1218 3473 1345 3538 honoris
1375 3475 1619 3538 amantissimus.

314 3572 397 3653 ldgo,
423 3574 466 3636 mi
488 3572 683 3652 Herehorde,
710 3593 772 3637 non
801 3593 928 3658 possum
956 3582 987 3639 te
1016 3594 1077 3640 noo
1106 3576 1285 3639 admouere.
1329 3575 1364 3638 ld
1387 3579 1504 3640 amoris
1525 3578 1566 3639 sit
1588 3585 1621 3642 et

313 3677 390 3739 certi
417 3675 539 3740 iudicii.
587 3675 749 3760 Perspicio
775 3677 858 3740 eoim
881 3685 1009 3760 propter
1030 3677 1171 3742 nativum
1193 3696 1325 3741 acumen
1347 3683 1378 3740 et
1398 3679 1426 3742 si
1448 3698 1509 3742 noo
1530 3678 1624 3742 ahdi-

375 3862 472 3938 1Vgl.
485 3867 531 3920 Br.
544 3866 602 3920 434
626 3866 653 3924 S.
668 3867 705 3921 92
762 3868 809 3925 93.

374 3943 485 4002 2Ηίο1)
513 3966 567 4002 von
594 3948 758 4003 Dobeneek.
805 3948 843 4002 Er
873 3949 951 4003 hatte
978 3949 1006 4004 in
1033 3948 1129 4004 Erfurt
1156 3949 1285 4018 stodiam,
1318 3950 1377 4004 lsut
1402 3950 1483 4005 Notio
1511 3952 1539 4004 in
1570 3953 1623 4006 der

312 4027 596 4083 Studenteumatrikel
615 4047 649 4082 zu
669 4028 756 4084 Mieh.
780 4028 872 4086 1476:
890 4030 988 4084 Frater
1008 4025 1060 4084 Iob
1081 4048 1134 4083 von
1156 4029 1332 4084 Dobeoueck
1354 4031 1458 4084 ordinis
1480 4033 1621 4086 thentoni-

313 4127 408 4163 corum
433 4106 572 4179 (spaterer
591 4109 702 4163 Zusata:
723 4110 871 4180 episcopus
890 4105 1109 4186 Rissehurgenois
1132 4111 1159 4162 iu
1183 4111 1314 4177 l'rossin).
1359 4111 1462 4166 lleosus
1484 4131 1540 4167 war
1565 4132 1620 4167 von

312 4189 370 4242 ihm
406 4189 540 4244 reichlieh
573 4191 624 4242 mit
659 4189 845 4244 Hilfsmittelu
882 4208 943 4243 aum
972 4189 1100 4243 Studium
1132 4191 1180 4244 der
1210 4192 1407 4262 durisprudeoz
1437 4201 1623 4262 arrsgeetattet

312 4271 432 4334 worden,
452 4270 532 4324 hatte
551 4270 619 4324 aber
639 4271 704 4324 bald
724 4271 851 4325 dassnlbe
870 4270 1053 4342 attigegeben.

372 4345 598 4421 ³Vgt.Br.346
620 4349 678 4408 8.ss
700 4350 821 4408 nome.

372 4425 386 4467 ⁴
408 4431 462 4483 Die
485 4429 624 4485 Veructer
644 4432 692 4486 des
714 4431 836 4485 Mainzer
858 4430 1034 4484 Eruhieehofs
1055 4433 1110 4484 uod
1132 4431 1177 4486 die
1197 4431 1322 4486 Erfurtsr
1344 4433 1516 4487 llatslremen.

372 4506 386 4547 ⁵
407 4510 470 4580 Vgl.
483 4510 526 4565 Br.
539 4511 596 4563 432
608 4529 633 4564 u.
643 4511 700 4563 433
718 4511 742 4566 S.
755 4512 890 4563 atr-91.

373 4587 387 4628 ⁶
406 4591 468 4662 Vgl.
483 4591 524 4644 llr.
537 4591 593 4643 427
616 4591 642 4648 S.
656 4591 703 4644 86.
