3625 5192
673 342 764 403 Brieie
781 342 901 401 blotiaru
922 344 964 399 29.
984 344 1025 399 30.
1467 341 1499 399 tl

197 494 274 578 qnid
295 492 461 579 expectas,
485 493 598 577 tacito,
626 502 661 559 ut
688 495 795 560 sciam.
836 489 960 561 Parebo
988 492 1047 559 tibi
1074 512 1137 557 non
1162 492 1284 558 minore
1308 511 1384 559 cora
1410 512 1504 577 qnam

198 597 384 683 &palatinus
411 606 527 677 noster,
545 598 600 679 qni
619 598 667 662 sic
686 596 798 680 implet
808 596 1037 662 triumuiratum
1056 595 1203 661 amicicie
1213 603 1330 677 nostre,
1349 602 1384 662 ut
1404 614 1506 679 neque

199 700 310 767 melior
330 719 433 782 neque
444 700 567 766 doctior
588 700 713 767 iuvenis
726 699 822 765 theile
834 697 1022 777 offendatur,
1044 698 1170 763 etiamsi
1183 717 1306 780 queres.
1348 697 1506 763 verbosus

199 822 278 869 sum.
319 803 370 867 lta
395 802 495 869 decet.
537 803 663 869 Amoris
691 810 749 867 est.
795 803 839 867 ut
870 820 912 867 ne
939 800 1032 865 buius
1062 802 1167 865 sacri¹
1201 801 1352 885 temporis
1377 801 1505 865 omnino

201 904 314 970 videar
340 903 473 980 oblitos,
504 923 584 969 cano
613 904 756 988 receptui
785 911 818 969 et
843 922 980 987 preparo
1000 922 1051 969 me
1071 903 1175 987 ipsum
1196 900 1239 968 ad
1259 902 1505 969 immolationem

200 1007 287 1089 agni.
328 1007 480 1090 Oagnus
495 1007 567 1087 Dei,
588 1006 642 1089 oui
663 1006 749 1073 tollis
769 1012 903 1091 peccata
916 1004 1038 1071 mnndi!
1080 1004 1191 1086 Tollis,
1212 1004 1351 1089 inquam,
1374 1010 1507 1091 peccata

201 1128 319 1191 eornm,
339 1110 395 1191 qui
415 1117 447 1175 te
468 1116 612 1175 noscunt.
654 1109 732 1175 llori
748 1116 781 1175 te
797 1109 955 1207 ignorant,
980 1127 1049 1173 cum
1064 1106 1202 1173 indoctis
1218 1106 1385 1173 ceentiont.
1427 1106 1506 1173 Nes-

202 1211 298 1291 ciunt,
318 1212 389 1295 quis
409 1212 453 1278 sit
472 1212 592 1279 fructus
612 1231 687 1278 vere
708 1210 883 1295 religionis.
924 1210 951 1278 Ο
969 1209 1140 1276 Urbane!
1168 1210 1316 1276 Salvatm
1335 1216 1441 1275 noster
1458 1214 1507 1275 est

202 1332 306 1397 agnos
326 1320 359 1380 et
378 1321 495 1399 pastor.
537 1315 617 1394 Quis
636 1324 685 1380 est
705 1316 846 1381 salvator
866 1314 995 1379 noster?
1037 1312 1183 1385 iusticia.
1211 1330 1274 1397 pax
1296 1320 1328 1379 et
1345 1312 1507 1395 gaudium.

202 1416 263 1483 llic
284 1417 500 1499 estObristns,
522 1420 575 1500 qui
591 1417 633 1483 de
649 1418 717 1484 celo
736 1417 910 1483 descendit.
953 1416 1116 1499 „Regnum
1128 1415 1189 1481 Dei
1211 1436 1273 1481 non
1297 1422 1345 1481 est
1364 1414 1455 1481 cibus
1476 1420 1509 1479 et

202 1526 308 1602 potus,
335 1520 393 1585 sed
419 1520 548 1585 iusticia
573 1519 745 1586 secondom
768 1519 863 1585 tidem
893 1527 927 1585 et
951 1537 1063 1585 secura
1081 1516 1295 1600 tranquillitas
1316 1536 1386 1583 curn
1408 1517 1507 1583 hurni-

204 1619 343 1687 litatelf‘
385 1620 477 1687 lllurn
511 1622 642 1687 calicem
667 1622 781 1687 salutis
805 1622 963 1707 accipiam
990 1628 1022 1686 et
1048 1639 1161 1687 nomen
1185 1620 1314 1685 Domini
1341 1619 1506 1685 invocabo.

203 1724 301 1789 lstnm
322 1743 437 1808 panem
456 1724 772 1807 angelorumutinam
788 1724 886 1807 digne
900 1724 1149 1791 comederemus!
1191 1722 1300 1803 „Meus
1321 1721 1411 1788 cibus
1431 1722 1509 1803 est“,

203 1832 240 1890 nt
259 1827 361 1908 inquit
380 1833 491 1893 eterna
514 1828 642 1908 veritas,
664 1827 715 1893 lex
725 1827 810 1909 viva,
831 1833 928 1912 caput
949 1826 1093 1905 ecclesie,
1115 1832 1169 1907 „ut
1189 1826 1304 1891 luciam
1314 1824 1508 1890 volontatem

204 1928 283 2010 eius,
303 1929 359 2011 qni
381 1948 432 1993 me
452 1930 540 1994 misit
562 1938 595 1993 et
615 1930 764 2015 impleam
785 1949 866 2015 opos
878 1929 977 1995 ainsi.
1020 1928 1056 1993 Si
1076 1947 1152 2011 ergo
1173 1927 1235 1993 Dei
1255 1926 1347 1992 cibus
1367 1932 1416 1991 est
1435 1924 1510 1991 obe·

204 2028 273 2094 dire
295 2031 456 2097 mandatis
476 2031 613 2113 divinis,
635 2034 664 2099 si
683 2032 855 2097 maximnm
876 2030 1097 2097 mandatorum
1118 2035 1179 2105 est,
1207 2037 1241 2095 nt
1263 2028 1364 2093 Deum
1385 2034 1418 2094 et
1437 2046 1508 2112 pro·

204 2132 323 2197 xirnnm
344 2132 527 2216 diligamus,
546 2135 663 2217 cogita,
686 2136 730 2199 mi
752 2134 893 2215 Urbane,
913 2153 954 2197 an
975 2133 1024 2198 illi
1044 2134 1122 2197 mori
1144 2138 1228 2197 recte
1249 2138 1418 2197 vescantur
1437 2129 1509 2195 cibo

204 2233 281 2314 Dei,
317 2234 372 2317 qui
408 2243 522 2301 vorant
557 2237 680 2303 hostias
715 2246 748 2303 et
786 2243 897 2302 contra
925 2234 1105 2301 Christiane
1131 2234 1239 2317 gracie
1278 2238 1509 2299 sacramentnm

205 2356 317 2421 pacem
342 2339 471 2404 turbant
488 2347 521 2405 et
540 2340 617 2406 odia
636 2341 803 2407 seminant.
845 2339 927 2419 Nos,
950 2345 984 2403 ut
1004 2356 1118 2420 corpus
1139 2336 1266 2401 Domini
1288 2334 1437 2401 donanter
1458 2353 1509 2400 ca-

205 2440 340 2521 piamus,
360 2460 423 2507 uon
444 2443 544 2508 solum
566 2442 709 2525 mystice,
730 2449 764 2507 nt
784 2456 881 2526 sopra
901 2440 986 2523 dixi,
1009 2440 1065 2505 sed
1087 2438 1184 2505 etiam
1204 2438 1373 2503 visibiliter
1394 2437 1455 2516 vel,
1476 2443 1511 2501 ut

205 2542 346 2626 theologi
375 2544 557 2627 loquuntur,
585 2544 872 2624 sacramentaliter,
906 2542 1028 2628 parabo
1067 2542 1159 2607 nobis
1185 2548 1306 2606 restem
1336 2537 1511 2621 nuptialem

205 2646 325 2710 sanctis
350 2652 383 2711 et
411 2648 475 2733 piis
501 2646 667 2713 affectibus
702 2646 799 2712 veluti
828 2646 963 2729 gemmis
995 2651 1154 2723 ornatam,
1187 2648 1221 2707 ut
1251 2642 1377 2707 luceant
1413 2658 1511 2725 opera

205 2754 315 2814 nostra
325 2768 430 2814 oorarn
442 2749 622 2815 hominibus
639 2756 671 2813 et
691 2748 785 2815 beata
799 2748 1013 2831 tranquillitas
1023 2746 1221 2829 inaugeatur.
1253 2744 1342 2809 Vale.
1383 2742 1510 2827 Raptim

207 2871 228 2915 a
250 2850 432 2917 muneribus
452 2852 524 2932 tuis,
546 2858 636 2936 pater
656 2852 784 2934 optime.

278 2975 459 3023 Handschriitl.
482 2975 536 3022 1⁴¹2
558 2976 751 3023 solur-ev:
810 2975 920 3022 Gedr.b.
934 2970 1131 3025 ursus-uo
1149 2988 1194 3019 uon
1213 2972 1291 3019 Neruo
1311 2969 1377 3017 onim
1396 2968 1510 3017 blotiano

206 3046 244 3093 Ma
260 3048 337 3093 melos
355 3046 405 3092 erud
423 3063 469 3094 nou
486 3047 611 3095 Mandubo
629 3046 759 3107 Spalatiuo
777 3046 814 3093 bia
830 3046 987 3106 inunguatur.
1025 3044 1096 3091 Vale.

758 3171 959 3179 *—

207 3274 267 3341 30.
290 3272 332 3345 11.
345 3274 536 3343 aullrbon.
859 3272 976 3340 Gotho
987 3271 1107 3355 (1505.
1130 3270 1266 3355 unfong
1287 3268 1511 3351 December.)

278 3399 339 3445 blut
357 3399 478 3446 schildert
496 3398 656 3446 daaTroibon
675 3398 756 3445 dreier
769 3398 920 3445 Goistlicber
944 3396 994 3444 und
1013 3396 1089 3444 bittet
1108 3396 1203 3459 Urban,
1227 3396 1267 3442 dle
1288 3394 1513 3455 huniadensium

207 3470 263 3517 sein
284 3470 423 3516 Vertrauen
442 3470 557 3530 schenkl,
576 3471 666 3516 vorher
684 3484 766 3529 genau
787 3484 816 3515 nu
834 3469 930 3529 prilien.

290 3567 434 3630 Virorum
454 3566 658 3648 integerrimo
678 3566 816 3631 Henrico
829 3564 999 3645 Urbano,
1020 3584 1179 3645 economo,
1201 3563 1361 3627 Munianus
1382 3560 1489 3627 Rufus.

290 3669 321 3734 S.
343 3669 513 3751 Postquam
535 3668 696 3754 hospites*
718 3668 815 3733 nostri
837 3687 1005 3749 recessere,
1028 3668 1090 3749 legi
1114 3666 1219 3731 denuo
1240 3671 1319 3742 tuas,
1341 3663 1513 3746 Urbane,

208 3772 318 3837 literas
338 3792 401 3837 non
423 3773 525 3836 minue
546 3770 709 3854 eleganter
729 3789 823 3853 quarn
847 3768 940 3835 docte
961 3769 1104 3853 scriptas.
1148 3767 1300 3846 Primum,
1320 3766 1347 3831 si
1370 3785 1433 3849 qua
1453 3766 1513 3831 fuit

209 3875 352 3940 admissa
378 3874 604 3940 taciturnitatis
635 3874 747 3952 notai,
775 3872 886 3952 diluis,
917 3870 1033 3937 deinde
1062 3890 1118 3955 pro
1144 3868 1285 3934 liberalis
1310 3867 1431 3950 ingenii
1467 3868 1514 3933 tui

209 3977 400 4042 dexteritate
425 3983 458 4041 et
482 3975 686 4041 observantia
716 3995 793 4057 erga
821 3992 878 4040 nos
905 3973 1062 4059 promittis
1088 3972 1265 4055 agrarium,
1293 3960 1349 4035 sed
1389 3976 1513 4053 gratum

208 4099 336 4144 monus:
359 4078 464 4163 butyri
484 4078 661 4156 vasculum,
688 4084 847 4161 postremo
876 4096 985 4158 rogas,
1011 4082 1047 4139 ut
1067 4074 1230 4139 vobiscum
1257 4094 1346 4159 spern
1371 4072 1515 4159 prosperi

209 4200 374 4246 successus
387 4181 623 4245 communicem.
664 4179 920 4257 Communicabo,
942 4180 969 4243 si
989 4177 1200 4243 modocursor
1213 4176 1514 4242 secundaretolerit.

210 4283 269 4347 Est
294 4282 380 4367 apud
408 4302 466 4348 nos
490 4282 744 4367 sapientissimus
771 4292 803 4347 et
827 4281 1029 4347 doctissimos
1057 4281 1259 4345 concionator
1279 4278 1419 4360 mihique
1439 4278 1515 4343 arni-

273 4513 492 4575 ¹Adventazeit
562 4514 840 4584 2Rumerbriefrl,
864 4516 907 4569 17.
979 4510 1155 4571 3Johannes
1176 4514 1203 4585 4,
1226 4513 1273 4572 34.
1338 4507 1515 4568 tustanus

208 4599 268 4663 und
289 4601 433 4683 vielleicht
452 4599 544 4677 einige
565 4600 666 4656 andere
687 4599 812 4663 anunm
832 4598 959 4657 Faunos
980 4596 1035 4673 vgl.
1047 4596 1147 4651 Erus.
1209 4590 1308 4671 ⁶Vgl.
1331 4592 1378 4652 Br.
1401 4594 1446 4650 28.
