<?xml version="1.0" encoding="UTF-8"?>
<!DOCTYPE html PUBLIC "-//W3C//DTD XHTML 1.0 Transitional//EN"
    "http://www.w3.org/TR/xhtml1/DTD/xhtml1-transitional.dtd">
<html xmlns="http://www.w3.org/1999/xhtml" xml:lang="en" lang="en">
 <head>
  <title>
</title>
<meta http-equiv="Content-Type" content="text/html;charset=utf-8" />
  <meta name='ocr-system' content='tesseract 3.04.00' />
  <meta name='ocr-capabilities' content='ocr_page ocr_carea ocr_par ocr_line ocrx_word'/>
</head>
<body>
  <div class='ocr_page' id='page_1' title='image "./derbriefwechsel00sachgoog_0283.png"; bbox 0 0 3625 5192; ppageno 0'>
   <div class='ocr_carea' id='block_1_1' title="bbox 284 311 1224 384">
    <p class='ocr_par' dir='ltr' id='par_1_1' title="bbox 284 311 1224 384">
     <span class='ocr_line' id='line_1_1' title="bbox 284 311 1224 384; baseline 0.005 -20"><span class='ocrx_word' id='word_1_1' title='bbox 284 312 338 365; x_wconf 81' lang='lat'>214</span> <span class='ocrx_word' id='word_1_2' title='bbox 661 311 922 384; x_wconf 84' lang='lat' dir='ltr'>Goschlehtsquellen</span> <span class='ocrx_word' id='word_1_3' title='bbox 940 313 989 370; x_wconf 83' lang='lat' dir='ltr'>dor</span> <span class='ocrx_word' id='word_1_4' title='bbox 1008 311 1081 370; x_wconf 85' lang='lat' dir='ltr'>Pror.</span> <span class='ocrx_word' id='word_1_5' title='bbox 1101 313 1224 370; x_wconf 78' lang='lat' dir='ltr'>Saobsen.</span> 
     </span>
    </p>
   </div>
   <div class='ocr_carea' id='block_1_2' title="bbox 195 463 1646 2995">
    <p class='ocr_par' dir='ltr' id='par_1_2' title="bbox 195 463 1646 2995">
     <span class='ocr_line' id='line_1_2' title="bbox 291 463 1598 550; baseline 0.002 -22"><span class='ocrx_word' id='word_1_6' title='bbox 291 465 372 542; x_wconf 91' lang='lat' dir='ltr'>tulo,</span> <span class='ocrx_word' id='word_1_7' title='bbox 401 465 463 528; x_wconf 92' lang='lat' dir='ltr'>imo</span> <span class='ocrx_word' id='word_1_8' title='bbox 484 483 518 528; x_wconf 88' lang='lat' dir='ltr'>se</span> <span class='ocrx_word' id='word_1_9' title='bbox 542 463 663 547; x_wconf 84' lang='lat' dir='ltr'>poculis</span> <span class='ocrx_word' id='word_1_10' title='bbox 684 472 816 546; x_wconf 89' lang='lat' dir='ltr'>poscunt</span> <span class='ocrx_word' id='word_1_11' title='bbox 836 473 867 528; x_wconf 90' lang='lat' dir='ltr'>et</span> <span class='ocrx_word' id='word_1_12' title='bbox 887 463 964 545; x_wconf 82' lang='lat' dir='ltr'>utria</span> <span class='ocrx_word' id='word_1_13' title='bbox 984 464 1081 529; x_wconf 90' lang='lat' dir='ltr'>semel</span> <span class='ocrx_word' id='word_1_14' title='bbox 1102 485 1159 548; x_wconf 93' lang='lat' dir='ltr'>pro</span> <span class='ocrx_word' id='word_1_15' title='bbox 1179 464 1275 530; x_wconf 86' lang='lat' dir='ltr'>laude</span> <span class='ocrx_word' id='word_1_16' title='bbox 1295 465 1454 530; x_wconf 86' lang='lat' dir='ltr'>duxerunt</span> <span class='ocrx_word' id='word_1_17' title='bbox 1473 487 1598 550; x_wconf 86' lang='lat' dir='ltr'>courpo-</span> 
     </span>
     <span class='ocr_line' id='line_1_3' title="bbox 286 566 1598 650; baseline 0.002 -18"><span class='ocrx_word' id='word_1_18' title='bbox 286 575 354 632; x_wconf 86' lang='lat' dir='ltr'>tare</span> <span class='ocrx_word' id='word_1_19' title='bbox 370 566 596 650; x_wconf 87' lang='lat' dir='ltr'>pertricantes¹</span> <span class='ocrx_word' id='word_1_20' title='bbox 617 567 761 647; x_wconf 78' lang='lat' dir='ltr'>frontem,</span> <span class='ocrx_word' id='word_1_21' title='bbox 779 583 938 646; x_wconf 84' lang='lat' dir='ltr'>nunquam</span> <span class='ocrx_word' id='word_1_22' title='bbox 952 567 1149 631; x_wconf 88' lang='lat' dir='ltr'>erubeseunt.</span> <span class='ocrx_word' id='word_1_23' title='bbox 1190 566 1368 650; x_wconf 90' lang='lat' dir='ltr'>Precipitur</span> <span class='ocrx_word' id='word_1_24' title='bbox 1388 566 1421 630; x_wconf 92' lang='lat' dir='ltr'>in</span> <span class='ocrx_word' id='word_1_25' title='bbox 1435 569 1598 634; x_wconf 88' lang='lat' dir='ltr'>canonicis</span> 
     </span>
     <span class='ocr_line' id='line_1_4' title="bbox 286 653 1616 760; baseline 0.001 -26"><span class='ocrx_word' id='word_1_26' title='bbox 286 669 413 751; x_wconf 83' lang='lat' dir='ltr'>legibus</span> <span class='ocrx_word' id='word_1_27' title='bbox 435 667 825 747; x_wconf 77' lang='lat' dir='ltr'>distinotionex1.tlrt=²,</span> <span class='ocrx_word' id='word_1_28' title='bbox 847 676 880 732; x_wconf 88' lang='lat' dir='ltr'>ut</span> <span class='ocrx_word' id='word_1_29' title='bbox 900 667 1004 734; x_wconf 91' lang='lat' dir='ltr'>nullus</span> <span class='ocrx_word' id='word_1_30' title='bbox 1020 667 1264 750; x_wconf 82' lang='lat' dir='ltr'>presbiterorum</span> <span class='ocrx_word' id='word_1_31' title='bbox 1286 668 1328 732; x_wconf 87' lang='lat' dir='ltr'>ad</span> <span class='ocrx_word' id='word_1_32' title='bbox 1339 653 1521 752; x_wconf 82' lang='lat' dir='ltr'>septimana</span> <span class='ocrx_word' id='word_1_33' title='bbox 1531 670 1616 760; x_wconf 26' lang='lat' dir='ltr'>‘ele--</span> 
     </span>
     <span class='ocr_line' id='line_1_5' title="bbox 285 751 1597 854; baseline 0.001 -17"><span class='ocrx_word' id='word_1_34' title='bbox 285 771 386 838; x_wconf 80' lang='lat' dir='ltr'>iuncti</span> <span class='ocrx_word' id='word_1_35' title='bbox 404 751 558 836; x_wconf 87' lang='lat' dir='ltr'>solemnia</span> <span class='ocrx_word' id='word_1_36' title='bbox 579 769 738 853; x_wconf 81' lang='lat' dir='ltr'>celebrata</span> <span class='ocrx_word' id='word_1_37' title='bbox 750 777 880 834; x_wconf 86' lang='lat' dir='ltr'>vocatus</span> <span class='ocrx_word' id='word_1_38' title='bbox 895 789 930 834; x_wconf 90' lang='lat' dir='ltr'>se</span> <span class='ocrx_word' id='word_1_39' title='bbox 950 769 1108 836; x_wconf 89' lang='lat' dir='ltr'>inebriare</span> <span class='ocrx_word' id='word_1_40' title='bbox 1118 770 1277 836; x_wconf 86' lang='lat' dir='ltr'>ullatenus</span> <span class='ocrx_word' id='word_1_41' title='bbox 1294 779 1466 854; x_wconf 81' lang='lat' dir='ltr'>presumat.-</span> <span class='ocrx_word' id='word_1_42' title='bbox 1505 771 1597 838; x_wconf 85' lang='lat' dir='ltr'>Nunc</span> 
     </span>
     <span class='ocr_line' id='line_1_6' title="bbox 286 871 1596 958; baseline 0 -20"><span class='ocrx_word' id='word_1_43' title='bbox 286 874 372 958; x_wconf 89' lang='lat' dir='ltr'>oepit</span> <span class='ocrx_word' id='word_1_44' title='bbox 402 893 472 938; x_wconf 88' lang='lat' dir='ltr'>esse</span> <span class='ocrx_word' id='word_1_45' title='bbox 496 873 631 950; x_wconf 86' lang='lat' dir='ltr'>licitum,</span> <span class='ocrx_word' id='word_1_46' title='bbox 660 871 743 953; x_wconf 87' lang='lat' dir='ltr'>quod</span> <span class='ocrx_word' id='word_1_47' title='bbox 771 873 845 938; x_wconf 93' lang='lat' dir='ltr'>olim</span> <span class='ocrx_word' id='word_1_48' title='bbox 874 878 924 937; x_wconf 91' lang='lat' dir='ltr'>est</span> <span class='ocrx_word' id='word_1_49' title='bbox 954 872 1152 955; x_wconf 89' lang='lat' dir='ltr'>prohibitum.</span> <span class='ocrx_word' id='word_1_50' title='bbox 1197 872 1309 938; x_wconf 82' lang='lat' dir='ltr'>Laudo</span> <span class='ocrx_word' id='word_1_51' title='bbox 1340 873 1596 939; x_wconf 82' lang='lat' dir='ltr'>constitutionem</span> 
     </span>
     <span class='ocr_line' id='line_1_7' title="bbox 286 967 1594 1051; baseline 0.002 -12"><span class='ocrx_word' id='word_1_52' title='bbox 286 975 451 1040; x_wconf 89' lang='lat' dir='ltr'>sinceram.</span> <span class='ocrx_word' id='word_1_53' title='bbox 494 973 599 1040; x_wconf 91' lang='lat' dir='ltr'>Verba</span> <span class='ocrx_word' id='word_1_54' title='bbox 619 974 795 1038; x_wconf 89' lang='lat' dir='ltr'>barbariem</span> <span class='ocrx_word' id='word_1_55' title='bbox 819 973 971 1040; x_wconf 77' lang='lat' dir='ltr'><strong>redolent.</strong></span> <span class='ocrx_word' id='word_1_56' title='bbox 1013 973 1092 1051; x_wconf 84' lang='lat' dir='ltr'>Quis</span> <span class='ocrx_word' id='word_1_57' title='bbox 1122 967 1220 1039; x_wconf 76' lang='lat' dir='ltr'>enim&#39;</span> <span class='ocrx_word' id='word_1_58' title='bbox 1239 974 1301 1040; x_wconf 93' lang='lat' dir='ltr'>nisi</span> <span class='ocrx_word' id='word_1_59' title='bbox 1329 995 1434 1040; x_wconf 89' lang='lat' dir='ltr'>morus</span> <span class='ocrx_word' id='word_1_60' title='bbox 1460 975 1594 1041; x_wconf 89' lang='lat' dir='ltr'>diceret:</span> 
     </span>
     <span class='ocr_line' id='line_1_8' title="bbox 287 1075 1595 1161; baseline 0.001 -20"><span class='ocrx_word' id='word_1_61' title='bbox 287 1077 469 1159; x_wconf 88' lang='lat' dir='ltr'>„ullatenus</span> <span class='ocrx_word' id='word_1_62' title='bbox 503 1075 706 1160; x_wconf 84' lang='lat' dir='ltr'>presumat“&#39;?</span> <span class='ocrx_word' id='word_1_63' title='bbox 763 1077 948 1158; x_wconf 82' lang='lat' dir='ltr'>Antiquitas</span> <span class='ocrx_word' id='word_1_64' title='bbox 982 1096 1065 1140; x_wconf 92' lang='lat' dir='ltr'>nono</span> <span class='ocrx_word' id='word_1_65' title='bbox 1102 1075 1156 1141; x_wconf 92' lang='lat' dir='ltr'>die</span> <span class='ocrx_word' id='word_1_66' title='bbox 1189 1076 1286 1142; x_wconf 88' lang='lat' dir='ltr'>tiebat</span> <span class='ocrx_word' id='word_1_67' title='bbox 1318 1077 1507 1143; x_wconf 76' lang='lat' dir='ltr'>sacnticium</span> <span class='ocrx_word' id='word_1_68' title='bbox 1539 1097 1595 1161; x_wconf 90' lang='lat' dir='ltr'>pro</span> 
     </span>
     <span class='ocr_line' id='line_1_9' title="bbox 287 1161 1595 1263; baseline -0.002 -17"><span class='ocrx_word' id='word_1_69' title='bbox 287 1179 429 1257; x_wconf 80' lang='lat' dir='ltr'><strong>mortuis,</strong></span> <span class='ocrx_word' id='word_1_70' title='bbox 457 1178 539 1260; x_wconf 87' lang='lat' dir='ltr'>quod</span> <span class='ocrx_word' id='word_1_71' title='bbox 562 1177 679 1242; x_wconf 89' lang='lat' dir='ltr'>dictum</span> <span class='ocrx_word' id='word_1_72' title='bbox 701 1186 750 1243; x_wconf 88' lang='lat' dir='ltr'>est</span> <span class='ocrx_word' id='word_1_73' title='bbox 770 1161 971 1244; x_wconf 82' lang='lat' dir='ltr'>novendiale.</span> <span class='ocrx_word' id='word_1_74' title='bbox 1013 1178 1082 1242; x_wconf 89' lang='lat' dir='ltr'>Hoc</span> <span class='ocrx_word' id='word_1_75' title='bbox 1109 1197 1169 1245; x_wconf 88' lang='lat' dir='ltr'>ero</span> <span class='ocrx_word' id='word_1_76' title='bbox 1189 1177 1225 1242; x_wconf 88' lang='lat' dir='ltr'>fit</span> <span class='ocrx_word' id='word_1_77' title='bbox 1252 1182 1389 1263; x_wconf 88' lang='lat' dir='ltr'>septimo</span> <span class='ocrx_word' id='word_1_78' title='bbox 1408 1179 1472 1246; x_wconf 87' lang='lat' dir='ltr'>die.</span> <span class='ocrx_word' id='word_1_79' title='bbox 1514 1180 1595 1244; x_wconf 87' lang='lat' dir='ltr'>Tum</span> 
     </span>
     <span class='ocr_line' id='line_1_10' title="bbox 287 1280 1597 1364; baseline 0.002 -17"><span class='ocrx_word' id='word_1_80' title='bbox 287 1283 321 1347; x_wconf 91' lang='lat' dir='ltr'>in</span> <span class='ocrx_word' id='word_1_81' title='bbox 347 1281 431 1346; x_wconf 90' lang='lat' dir='ltr'>luctu</span> <span class='ocrx_word' id='word_1_82' title='bbox 465 1282 570 1346; x_wconf 91' lang='lat' dir='ltr'>alieno</span> <span class='ocrx_word' id='word_1_83' title='bbox 601 1281 697 1346; x_wconf 79' lang='lat' dir='ltr'>nostri</span> <span class='ocrx_word' id='word_1_84' title='bbox 725 1280 971 1346; x_wconf 86' lang='lat' dir='ltr'>cacodemooum</span> <span class='ocrx_word' id='word_1_85' title='bbox 1003 1281 1113 1364; x_wconf 81' lang='lat' dir='ltr'>litargi</span> <span class='ocrx_word' id='word_1_86' title='bbox 1145 1282 1224 1346; x_wconf 89' lang='lat' dir='ltr'>dant</span> <span class='ocrx_word' id='word_1_87' title='bbox 1257 1301 1386 1364; x_wconf 87' lang='lat' dir='ltr'>operam</span> <span class='ocrx_word' id='word_1_88' title='bbox 1415 1281 1537 1363; x_wconf 75' lang='lat' dir='ltr'>gulosis</span> <span class='ocrx_word' id='word_1_89' title='bbox 1563 1293 1597 1350; x_wconf 88' lang='lat' dir='ltr'>et</span> 
     </span>
     <span class='ocr_line' id='line_1_11' title="bbox 286 1383 1596 1468; baseline 0.001 -19"><span class='ocrx_word' id='word_1_90' title='bbox 286 1384 435 1468; x_wconf 85' lang='lat' dir='ltr'>ganeatis</span> <span class='ocrx_word' id='word_1_91' title='bbox 456 1383 623 1448; x_wconf 85' lang='lat' dir='ltr'>ientaculie</span> <span class='ocrx_word' id='word_1_92' title='bbox 643 1383 786 1448; x_wconf 90' lang='lat' dir='ltr'>umbram</span> <span class='ocrx_word' id='word_1_93' title='bbox 808 1383 980 1467; x_wconf 77' lang='lat' dir='ltr'><strong>aspergine</strong></span> <span class='ocrx_word' id='word_1_94' title='bbox 997 1402 1079 1464; x_wconf 87' lang='lat' dir='ltr'>aque</span> <span class='ocrx_word' id='word_1_95' title='bbox 1091 1383 1360 1466; x_wconf 89' lang='lat' dir='ltr'>circumrorantes,</span> <span class='ocrx_word' id='word_1_96' title='bbox 1384 1402 1419 1448; x_wconf 90' lang='lat' dir='ltr'>se</span> <span class='ocrx_word' id='word_1_97' title='bbox 1434 1403 1508 1451; x_wconf 89' lang='lat' dir='ltr'>vero</span> <span class='ocrx_word' id='word_1_98' title='bbox 1530 1386 1596 1457; x_wconf 86' lang='lat' dir='ltr'>riui</span> 
     </span>
     <span class='ocr_line' id='line_1_12' title="bbox 287 1484 1598 1566; baseline 0.001 -14"><span class='ocrx_word' id='word_1_99' title='bbox 287 1485 416 1552; x_wconf 88' lang='lat' dir='ltr'>madore</span> <span class='ocrx_word' id='word_1_100' title='bbox 436 1485 598 1550; x_wconf 69' lang='lat' dir='ltr'>latissimis</span> <span class='ocrx_word' id='word_1_101' title='bbox 620 1484 785 1549; x_wconf 87' lang='lat' dir='ltr'>haustibus</span> <span class='ocrx_word' id='word_1_102' title='bbox 796 1485 1021 1564; x_wconf 82' lang='lat' dir='ltr'>nradetaeiuut,</span> <span class='ocrx_word' id='word_1_103' title='bbox 1042 1493 1194 1566; x_wconf 64' lang='lat' dir='ltr'>anquam</span> <span class='ocrx_word' id='word_1_104' title='bbox 1214 1485 1295 1550; x_wconf 91' lang='lat' dir='ltr'>uilril</span> <span class='ocrx_word' id='word_1_105' title='bbox 1314 1493 1424 1550; x_wconf 89' lang='lat' dir='ltr'>curent</span> <span class='ocrx_word' id='word_1_106' title='bbox 1444 1495 1598 1553; x_wconf 89' lang='lat' dir='ltr'>nocturna</span> 
     </span>
     <span class='ocr_line' id='line_1_13' title="bbox 195 1581 1597 1670; baseline 0 -18"><span class='ocrx_word' id='word_1_107' title='bbox 195 1581 205 1604; x_wconf 77' lang='lat'><strong>⁹</strong></span> <span class='ocrx_word' id='word_1_108' title='bbox 288 1587 543 1652; x_wconf 80' lang='lat' dir='ltr'>terriculamenta</span> <span class='ocrx_word' id='word_1_109' title='bbox 570 1595 602 1652; x_wconf 93' lang='lat' dir='ltr'>et</span> <span class='ocrx_word' id='word_1_110' title='bbox 630 1585 789 1652; x_wconf 90' lang='lat' dir='ltr'>bustorum</span> <span class='ocrx_word' id='word_1_111' title='bbox 816 1585 1040 1652; x_wconf 85' lang='lat' dir='ltr'>t&#39;ormirlamiua</span> <span class='ocrx_word' id='word_1_112' title='bbox 1066 1596 1099 1652; x_wconf 89' lang='lat' dir='ltr'>et</span> <span class='ocrx_word' id='word_1_113' title='bbox 1129 1586 1365 1670; x_wconf 73' lang='lat' dir='ltr'>sepulchrorum</span> <span class='ocrx_word' id='word_1_114' title='bbox 1393 1588 1597 1653; x_wconf 75' lang='lat' dir='ltr'>oraursaoula</span> 
     </span>
     <span class='ocr_line' id='line_1_14' title="bbox 288 1687 1598 1774; baseline -0.001 -19"><span class='ocrx_word' id='word_1_115' title='bbox 288 1699 320 1755; x_wconf 90' lang='lat' dir='ltr'>et</span> <span class='ocrx_word' id='word_1_116' title='bbox 340 1689 444 1774; x_wconf 91' lang='lat' dir='ltr'>plebis</span> <span class='ocrx_word' id='word_1_117' title='bbox 464 1689 571 1754; x_wconf 88' lang='lat' dir='ltr'>larvas</span> <span class='ocrx_word' id='word_1_118' title='bbox 592 1698 622 1753; x_wconf 92' lang='lat' dir='ltr'>et</span> <span class='ocrx_word' id='word_1_119' title='bbox 644 1687 787 1754; x_wconf 87' lang='lat' dir='ltr'>lemures.</span> <span class='ocrx_word' id='word_1_120' title='bbox 830 1689 880 1753; x_wconf 90' lang='lat' dir='ltr'>lta</span> <span class='ocrx_word' id='word_1_121' title='bbox 897 1708 1007 1754; x_wconf 90' lang='lat' dir='ltr'>secure</span> <span class='ocrx_word' id='word_1_122' title='bbox 1018 1687 1185 1770; x_wconf 85' lang='lat' dir='ltr'>indulgent</span> <span class='ocrx_word' id='word_1_123' title='bbox 1203 1688 1308 1771; x_wconf 84' lang='lat' dir='ltr'>genio,</span> <span class='ocrx_word' id='word_1_124' title='bbox 1330 1689 1377 1752; x_wconf 87' lang='lat' dir='ltr'>ita</span> <span class='ocrx_word' id='word_1_125' title='bbox 1397 1690 1598 1773; x_wconf 89' lang='lat' dir='ltr'>impudenter</span> 
     </span>
     <span class='ocr_line' id='line_1_15' title="bbox 287 1790 1598 1876; baseline 0.001 -21"><span class='ocrx_word' id='word_1_126' title='bbox 287 1801 358 1876; x_wconf 92' lang='lat' dir='ltr'>post</span> <span class='ocrx_word' id='word_1_127' title='bbox 387 1791 673 1874; x_wconf 80' lang='lat' dir='ltr'>ingurgitationem·</span> <span class='ocrx_word' id='word_1_128' title='bbox 693 1790 883 1874; x_wconf 80' lang='lat' dir='ltr'>lapsabundi</span> <span class='ocrx_word' id='word_1_129' title='bbox 911 1792 1115 1876; x_wconf 87' lang='lat' dir='ltr'>implicantur</span> <span class='ocrx_word' id='word_1_130' title='bbox 1148 1790 1312 1856; x_wconf 88' lang='lat' dir='ltr'>nrulierum</span> <span class='ocrx_word' id='word_1_131' title='bbox 1339 1792 1539 1876; x_wconf 86' lang='lat' dir='ltr'>amplexibus</span> <span class='ocrx_word' id='word_1_132' title='bbox 1566 1802 1598 1856; x_wconf 93' lang='lat' dir='ltr'>et</span> 
     </span>
     <span class='ocr_line' id='line_1_16' title="bbox 286 1892 1598 1978; baseline 0.001 -19"><span class='ocrx_word' id='word_1_133' title='bbox 286 1894 380 1959; x_wconf 85' lang='lat' dir='ltr'>nudis</span> <span class='ocrx_word' id='word_1_134' title='bbox 401 1892 550 1958; x_wconf 88' lang='lat' dir='ltr'>membris</span> <span class='ocrx_word' id='word_1_135' title='bbox 571 1899 603 1956; x_wconf 91' lang='lat' dir='ltr'>et</span> <span class='ocrx_word' id='word_1_136' title='bbox 624 1901 791 1978; x_wconf 83' lang='lat' dir='ltr'>spumante</span> <span class='ocrx_word' id='word_1_137' title='bbox 819 1894 940 1959; x_wconf 90' lang='lat' dir='ltr'>mutino</span> <span class='ocrx_word' id='word_1_138' title='bbox 965 1894 1098 1972; x_wconf 85' lang='lat' dir='ltr'>saltant,</span> <span class='ocrx_word' id='word_1_139' title='bbox 1125 1893 1210 1974; x_wconf 85' lang='lat' dir='ltr'>quod</span> <span class='ocrx_word' id='word_1_140' title='bbox 1235 1893 1309 1958; x_wconf 88' lang='lat' dir='ltr'>aliis</span> <span class='ocrx_word' id='word_1_141' title='bbox 1337 1914 1399 1958; x_wconf 91' lang='lat' dir='ltr'>uon</span> <span class='ocrx_word' id='word_1_142' title='bbox 1420 1893 1521 1960; x_wconf 83' lang='lat' dir='ltr'>solur&#39;u</span> <span class='ocrx_word' id='word_1_143' title='bbox 1549 1903 1598 1960; x_wconf 89' lang='lat' dir='ltr'>est</span> 
     </span>
     <span class='ocr_line' id='line_1_17' title="bbox 252 1994 1597 2084; baseline -0.003 -23"><span class='ocrx_word' id='word_1_144' title='bbox 252 2004 259 2017; x_wconf 87' lang='grc'><strong>’</strong></span> <span class='ocrx_word' id='word_1_145' title='bbox 286 1994 512 2061; x_wconf 89' lang='lat' dir='ltr'>suscitabulum</span> <span class='ocrx_word' id='word_1_146' title='bbox 546 1994 682 2079; x_wconf 90' lang='lat' dir='ltr'>proluvii</span> <span class='ocrx_word' id='word_1_147' title='bbox 711 1995 846 2074; x_wconf 82' lang='lat' dir='ltr'>venerii,</span> <span class='ocrx_word' id='word_1_148' title='bbox 878 1994 936 2060; x_wconf 76' lang='lat' dir='ltr'>secl</span> <span class='ocrx_word' id='word_1_149' title='bbox 963 1995 1064 2084; x_wconf 81' lang='lat' dir='ltr'>eciam</span> <span class='ocrx_word' id='word_1_150' title='bbox 1095 1996 1205 2078; x_wconf 88' lang='lat' dir='ltr'>peiora</span> <span class='ocrx_word' id='word_1_151' title='bbox 1237 1995 1377 2060; x_wconf 87' lang='lat' dir='ltr'>audendi</span> <span class='ocrx_word' id='word_1_152' title='bbox 1408 1996 1597 2077; x_wconf 82' lang='lat' dir='ltr'>exemplum.</span> 
     </span>
     <span class='ocr_line' id='line_1_18' title="bbox 285 2096 1597 2181; baseline -0.002 -17"><span class='ocrx_word' id='word_1_153' title='bbox 285 2099 341 2164; x_wconf 82' lang='lat' dir='ltr'>etc</span> <span class='ocrx_word' id='word_1_154' title='bbox 365 2098 449 2163; x_wconf 91' lang='lat' dir='ltr'>euim</span> <span class='ocrx_word' id='word_1_155' title='bbox 476 2099 602 2180; x_wconf 80' lang='lat' dir='ltr'>vulgus:</span> <span class='ocrx_word' id='word_1_156' title='bbox 636 2097 670 2162; x_wconf 78' lang='lat' dir='ltr'>si</span> <span class='ocrx_word' id='word_1_157' title='bbox 693 2104 835 2181; x_wconf 88' lang='lat' dir='ltr'>pastores</span> <span class='ocrx_word' id='word_1_158' title='bbox 856 2098 954 2162; x_wconf 92' lang='lat' dir='ltr'>nostri</span> <span class='ocrx_word' id='word_1_159' title='bbox 976 2105 1042 2162; x_wconf 88' lang='lat' dir='ltr'>tam</span> <span class='ocrx_word' id='word_1_160' title='bbox 1063 2096 1196 2181; x_wconf 83' lang='lat' dir='ltr'>turpiter</span> <span class='ocrx_word' id='word_1_161' title='bbox 1217 2097 1402 2175; x_wconf 86' lang='lat' dir='ltr'>lasciviunt,</span> <span class='ocrx_word' id='word_1_162' title='bbox 1428 2096 1538 2162; x_wconf 87' lang='lat' dir='ltr'>licebit</span> <span class='ocrx_word' id='word_1_163' title='bbox 1564 2105 1597 2162; x_wconf 90' lang='lat' dir='ltr'>et</span> 
     </span>
     <span class='ocr_line' id='line_1_19' title="bbox 285 2199 1595 2282; baseline -0.003 -16"><span class='ocrx_word' id='word_1_164' title='bbox 285 2200 377 2266; x_wconf 87' lang='lat' dir='ltr'>nobis</span> <span class='ocrx_word' id='word_1_165' title='bbox 408 2199 595 2264; x_wconf 89' lang='lat' dir='ltr'>hallucinari</span> <span class='ocrx_word' id='word_1_166' title='bbox 628 2207 660 2263; x_wconf 88' lang='lat' dir='ltr'>et</span> <span class='ocrx_word' id='word_1_167' title='bbox 691 2199 856 2264; x_wconf 82' lang='lat' dir='ltr'>innumere.</span> <span class='ocrx_word' id='word_1_168' title='bbox 914 2199 1082 2265; x_wconf 84' lang='lat' dir='ltr'>Continere</span> <span class='ocrx_word' id='word_1_169' title='bbox 1114 2199 1220 2265; x_wconf 89' lang='lat' dir='ltr'>stilum</span> <span class='ocrx_word' id='word_1_170' title='bbox 1247 2202 1316 2276; x_wconf 60' lang='lat' dir='ltr'>finon</span> <span class='ocrx_word' id='word_1_171' title='bbox 1349 2219 1490 2282; x_wconf 71' lang='lat' dir='ltr'>russum,</span> <span class='ocrx_word' id='word_1_172' title='bbox 1520 2219 1595 2282; x_wconf 73' lang='lat' dir='ltr'>quir-</span> 
     </span>
     <span class='ocr_line' id='line_1_20' title="bbox 285 2301 1595 2386; baseline -0.002 -18"><span class='ocrx_word' id='word_1_173' title='bbox 285 2303 390 2368; x_wconf 87' lang='lat' dir='ltr'>nrinus</span> <span class='ocrx_word' id='word_1_174' title='bbox 420 2303 485 2368; x_wconf 90' lang='lat' dir='ltr'>stili</span> <span class='ocrx_word' id='word_1_175' title='bbox 514 2302 615 2366; x_wconf 90' lang='lat' dir='ltr'>aciem</span> <span class='ocrx_word' id='word_1_176' title='bbox 649 2322 687 2366; x_wconf 82' lang='lat' dir='ltr'>ex</span> <span class='ocrx_word' id='word_1_177' title='bbox 722 2303 862 2386; x_wconf 80' lang='lat' dir='ltr'>professo</span> <span class='ocrx_word' id='word_1_178' title='bbox 889 2303 1026 2382; x_wconf 80' lang='lat' dir='ltr'>dirigam</span> <span class='ocrx_word' id='word_1_179' title='bbox 1060 2304 1091 2366; x_wconf 90' lang='lat' dir='ltr'>in</span> <span class='ocrx_word' id='word_1_180' title='bbox 1112 2302 1333 2386; x_wconf 85' lang='lat' dir='ltr'>spurcissimos</span> <span class='ocrx_word' id='word_1_181' title='bbox 1364 2303 1469 2366; x_wconf 86' lang='lat' dir='ltr'>salios.</span> <span class='ocrx_word' id='word_1_182' title='bbox 1511 2301 1595 2380; x_wconf 83' lang='lat' dir='ltr'>Qum</span> 
     </span>
     <span class='ocr_line' id='line_1_21' title="bbox 288 2403 1597 2488; baseline 0.001 -20"><span class='ocrx_word' id='word_1_183' title='bbox 288 2405 410 2470; x_wconf 76' lang='lat' dir='ltr'>iaciunt</span> <span class='ocrx_word' id='word_1_184' title='bbox 431 2404 463 2467; x_wconf 90' lang='lat' dir='ltr'>iu</span> <span class='ocrx_word' id='word_1_185' title='bbox 485 2403 612 2486; x_wconf 84' lang='lat' dir='ltr'>templis</span> <span class='ocrx_word' id='word_1_186' title='bbox 624 2403 807 2488; x_wconf 75' lang='lat' dir='ltr'>nymphea?</span> <span class='ocrx_word' id='word_1_187' title='bbox 847 2404 932 2482; x_wconf 83' lang='lat' dir='ltr'>Quid</span> <span class='ocrx_word' id='word_1_188' title='bbox 949 2405 1009 2469; x_wconf 84' lang='lat' dir='ltr'>t&#39;uit</span> <span class='ocrx_word' id='word_1_189' title='bbox 1021 2405 1273 2485; x_wconf 89' lang='lat' dir='ltr'>olirucastracio,</span> <span class='ocrx_word' id='word_1_190' title='bbox 1292 2403 1370 2485; x_wconf 79' lang='lat' dir='ltr'>quid</span> <span class='ocrx_word' id='word_1_191' title='bbox 1384 2406 1597 2470; x_wconf 73' lang='lat' dir='ltr'>castimonia?</span> 
     </span>
     <span class='ocr_line' id='line_1_22' title="bbox 288 2506 1646 2591; baseline 0.001 -20"><span class='ocrx_word' id='word_1_192' title='bbox 288 2507 413 2572; x_wconf 87' lang='lat' dir='ltr'>Marcus</span> <span class='ocrx_word' id='word_1_193' title='bbox 435 2506 559 2572; x_wconf 89' lang='lat' dir='ltr'>Tullius</span> <span class='ocrx_word' id='word_1_194' title='bbox 588 2507 757 2591; x_wconf 77' lang='lat' dir='ltr'>precipit3,</span> <span class='ocrx_word' id='word_1_195' title='bbox 784 2513 817 2569; x_wconf 87' lang='lat' dir='ltr'>ut</span> <span class='ocrx_word' id='word_1_196' title='bbox 844 2507 926 2571; x_wconf 87' lang='lat' dir='ltr'>casti</span> <span class='ocrx_word' id='word_1_197' title='bbox 949 2506 1042 2571; x_wconf 87' lang='lat' dir='ltr'>divos</span> <span class='ocrx_word' id='word_1_198' title='bbox 1065 2507 1217 2571; x_wconf 88' lang='lat' dir='ltr'>adeamus</span> <span class='ocrx_word' id='word_1_199' title='bbox 1244 2519 1278 2572; x_wconf 89' lang='lat' dir='ltr'>et</span> <span class='ocrx_word' id='word_1_200' title='bbox 1304 2507 1488 2590; x_wconf 84' lang='lat' dir='ltr'>aspersione</span> <span class='ocrx_word' id='word_1_201' title='bbox 1514 2526 1596 2589; x_wconf 85' lang='lat' dir='ltr'>aque</span> <span class='ocrx_word' id='word_1_202' title='bbox 1642 2508 1646 2516; x_wconf 90' lang='lat'>&#39;</span> 
     </span>
     <span class='ocr_line' id='line_1_23' title="bbox 285 2608 1596 2693; baseline -0.001 -20"><span class='ocrx_word' id='word_1_203' title='bbox 285 2608 375 2674; x_wconf 87' lang='lat' dir='ltr'>labes</span> <span class='ocrx_word' id='word_1_204' title='bbox 397 2608 547 2674; x_wconf 87' lang='lat' dir='ltr'>eluamus.</span> <span class='ocrx_word' id='word_1_205' title='bbox 600 2608 682 2672; x_wconf 90' lang='lat' dir='ltr'>Nam</span> <span class='ocrx_word' id='word_1_206' title='bbox 710 2627 749 2674; x_wconf 86' lang='lat' dir='ltr'>ex</span> <span class='ocrx_word' id='word_1_207' title='bbox 779 2608 923 2675; x_wconf 88' lang='lat' dir='ltr'>instituto</span> <span class='ocrx_word' id='word_1_208' title='bbox 951 2609 1123 2693; x_wconf 88' lang='lat' dir='ltr'>priscorum</span> <span class='ocrx_word' id='word_1_209' title='bbox 1149 2608 1213 2673; x_wconf 91' lang='lat' dir='ltr'>diis</span> <span class='ocrx_word' id='word_1_210' title='bbox 1239 2609 1364 2692; x_wconf 85' lang='lat' dir='ltr'>superis</span> <span class='ocrx_word' id='word_1_211' title='bbox 1389 2609 1596 2674; x_wconf 82' lang='lat' dir='ltr'>sacrificaturi</span> 
     </span>
     <span class='ocr_line' id='line_1_24' title="bbox 286 2696 1597 2794; baseline 0 -18"><span class='ocrx_word' id='word_1_212' title='bbox 286 2713 426 2794; x_wconf 89' lang='lat' dir='ltr'>eorporis</span> <span class='ocrx_word' id='word_1_213' title='bbox 440 2711 603 2776; x_wconf 88' lang='lat' dir='ltr'>ablutione</span> <span class='ocrx_word' id='word_1_214' title='bbox 615 2711 839 2794; x_wconf 80' lang='lat' dir='ltr'>purgabantur.</span> <span class='ocrx_word' id='word_1_215' title='bbox 872 2696 964 2776; x_wconf 84' lang='lat' dir='ltr'>Unde</span> <span class='ocrx_word' id='word_1_216' title='bbox 974 2710 1175 2793; x_wconf 85' lang='lat' dir='ltr'>Vergilianus</span> <span class='ocrx_word' id='word_1_217' title='bbox 1186 2711 1308 2776; x_wconf 60' lang='lat' dir='ltr'>uocas*</span> <span class='ocrx_word' id='word_1_218' title='bbox 1321 2711 1441 2794; x_wconf 88' lang='lat' dir='ltr'>inquit:</span> <span class='ocrx_word' id='word_1_219' title='bbox 1459 2761 1478 2792; x_wconf 88' lang='lat'>‚,</span> <span class='ocrx_word' id='word_1_220' title='bbox 1488 2711 1597 2776; x_wconf 77' lang='lat' dir='ltr'>lionec</span> 
     </span>
     <span class='ocr_line' id='line_1_25' title="bbox 287 2805 1596 2906; baseline 0.002 -28"><span class='ocrx_word' id='word_1_221' title='bbox 287 2831 338 2878; x_wconf 91' lang='lat' dir='ltr'>me</span> <span class='ocrx_word' id='word_1_222' title='bbox 361 2811 486 2877; x_wconf 89' lang='lat' dir='ltr'>llumine</span> <span class='ocrx_word' id='word_1_223' title='bbox 508 2815 582 2877; x_wconf 88' lang='lat' dir='ltr'>viro</span> <span class='ocrx_word' id='word_1_224' title='bbox 603 2814 761 2906; x_wconf 74' lang='lat' dir='ltr'>abluero.“</span> <span class='ocrx_word' id='word_1_225' title='bbox 810 2815 887 2878; x_wconf 85' lang='lat' dir='ltr'>Cum</span> <span class='ocrx_word' id='word_1_226' title='bbox 906 2805 991 2877; x_wconf 74' lang='lat' dir='ltr'>&#39;vero</span> <span class='ocrx_word' id='word_1_227' title='bbox 1011 2814 1121 2879; x_wconf 87' lang='lat' dir='ltr'>inferis</span> <span class='ocrx_word' id='word_1_228' title='bbox 1142 2813 1297 2878; x_wconf 85' lang='lat' dir='ltr'>litandum</span> <span class='ocrx_word' id='word_1_229' title='bbox 1319 2821 1383 2895; x_wconf 85' lang='lat' dir='ltr'>est,</span> <span class='ocrx_word' id='word_1_230' title='bbox 1411 2805 1596 2898; x_wconf 83' lang='lat' dir='ltr'>aspersione</span> 
     </span>
     <span class='ocr_line' id='line_1_26' title="bbox 286 2913 1482 2995; baseline 0 -16"><span class='ocrx_word' id='word_1_231' title='bbox 286 2915 462 2980; x_wconf 87' lang='lat' dir='ltr'>utebantur.</span> <span class='ocrx_word' id='word_1_232' title='bbox 505 2915 559 2980; x_wconf 73' lang='lat' dir='ltr'>Sic</span> <span class='ocrx_word' id='word_1_233' title='bbox 583 2914 675 2994; x_wconf 84' lang='lat' dir='ltr'>Dido,</span> <span class='ocrx_word' id='word_1_234' title='bbox 696 2934 765 2979; x_wconf 91' lang='lat' dir='ltr'>curu</span> <span class='ocrx_word' id='word_1_235' title='bbox 785 2933 877 2980; x_wconf 89' lang='lat' dir='ltr'>sacra</span> <span class='ocrx_word' id='word_1_236' title='bbox 898 2913 962 2980; x_wconf 79' lang='lat' dir='ltr'>uiis</span> <span class='ocrx_word' id='word_1_237' title='bbox 983 2915 1131 2995; x_wconf 87' lang='lat' dir='ltr'>instituit,</span> <span class='ocrx_word' id='word_1_238' title='bbox 1153 2917 1237 2980; x_wconf 76' lang='lat' dir='ltr'>ait⁵z</span> <span class='ocrx_word' id='word_1_239' title='bbox 1480 2918 1482 2922; x_wconf 82' lang='grc'><strong>’</strong></span> 
     </span>
    </p>
   </div>
   <div class='ocr_carea' id='block_1_3' title="bbox 498 3013 1378 3120">
    <p class='ocr_par' dir='ltr' id='par_1_3' title="bbox 498 3013 1378 3120">
     <span class='ocr_line' id='line_1_27' title="bbox 498 3013 1378 3120; baseline 0.002 -24"><span class='ocrx_word' id='word_1_240' title='bbox 498 3034 579 3114; x_wconf 85' lang='lat' dir='ltr'>„Dic</span> <span class='ocrx_word' id='word_1_241' title='bbox 600 3052 715 3118; x_wconf 89' lang='lat' dir='ltr'>corpus</span> <span class='ocrx_word' id='word_1_242' title='bbox 738 3045 884 3117; x_wconf 85' lang='lat' dir='ltr'>properet</span> <span class='ocrx_word' id='word_1_243' title='bbox 905 3033 1028 3099; x_wconf 88' lang='lat' dir='ltr'>tluviali</span> <span class='ocrx_word' id='word_1_244' title='bbox 1050 3054 1201 3118; x_wconf 82' lang='lat' dir='ltr'>spargere</span> <span class='ocrx_word' id='word_1_245' title='bbox 1220 3013 1378 3120; x_wconf 77' lang='lat' dir='ltr'>lymplra“.</span> 
     </span>
    </p>
   </div>
   <div class='ocr_carea' id='block_1_4' title="bbox 284 3158 1596 3430">
    <p class='ocr_par' dir='ltr' id='par_1_4' title="bbox 284 3158 1596 3430">
     <span class='ocr_line' id='line_1_28' title="bbox 366 3158 1596 3244; baseline 0.003 -22"><span class='ocrx_word' id='word_1_246' title='bbox 366 3158 430 3222; x_wconf 80' lang='lat' dir='ltr'>Sed</span> <span class='ocrx_word' id='word_1_247' title='bbox 452 3159 479 3224; x_wconf 87' lang='lat' dir='ltr'>si</span> <span class='ocrx_word' id='word_1_248' title='bbox 501 3159 684 3239; x_wconf 89' lang='lat' dir='ltr'>aspersione</span> <span class='ocrx_word' id='word_1_249' title='bbox 706 3177 788 3240; x_wconf 83' lang='lat' dir='ltr'>aque</span> <span class='ocrx_word' id='word_1_250' title='bbox 810 3158 900 3223; x_wconf 84' lang='lat' dir='ltr'>labes</span> <span class='ocrx_word' id='word_1_251' title='bbox 923 3178 1072 3243; x_wconf 88' lang='lat' dir='ltr'>corporea</span> <span class='ocrx_word' id='word_1_252' title='bbox 1094 3158 1224 3239; x_wconf 89' lang='lat' dir='ltr'>tollitur,</span> <span class='ocrx_word' id='word_1_253' title='bbox 1245 3179 1365 3224; x_wconf 89' lang='lat' dir='ltr'>oceano</span> <span class='ocrx_word' id='word_1_254' title='bbox 1384 3181 1464 3244; x_wconf 92' lang='lat' dir='ltr'>opus</span> <span class='ocrx_word' id='word_1_255' title='bbox 1485 3167 1542 3239; x_wconf 89' lang='lat' dir='ltr'>est,</span> <span class='ocrx_word' id='word_1_256' title='bbox 1563 3169 1596 3226; x_wconf 91' lang='lat' dir='ltr'>ut</span> 
     </span>
     <span class='ocr_line' id='line_1_29' title="bbox 284 3261 1596 3346; baseline 0.002 -22"><span class='ocrx_word' id='word_1_257' title='bbox 284 3261 385 3325; x_wconf 90' lang='lat' dir='ltr'>animi</span> <span class='ocrx_word' id='word_1_258' title='bbox 412 3261 521 3326; x_wconf 87' lang='lat' dir='ltr'>sordes</span> <span class='ocrx_word' id='word_1_259' title='bbox 541 3261 769 3340; x_wconf 86' lang='lat' dir='ltr'>emaoulemus,</span> <span class='ocrx_word' id='word_1_260' title='bbox 795 3265 856 3343; x_wconf 86' lang='lat' dir='ltr'>qiro</span> <span class='ocrx_word' id='word_1_261' title='bbox 877 3263 959 3326; x_wconf 85' lang='lat' dir='ltr'>casti</span> <span class='ocrx_word' id='word_1_262' title='bbox 979 3261 1085 3326; x_wconf 90' lang='lat' dir='ltr'>animo</span> <span class='ocrx_word' id='word_1_263' title='bbox 1107 3269 1140 3326; x_wconf 90' lang='lat' dir='ltr'>et</span> <span class='ocrx_word' id='word_1_264' title='bbox 1160 3281 1291 3346; x_wconf 87' lang='lat' dir='ltr'>corpore</span> <span class='ocrx_word' id='word_1_265' title='bbox 1312 3263 1463 3327; x_wconf 78' lang='lat' dir='ltr'>obeamm</span> <span class='ocrx_word' id='word_1_266' title='bbox 1484 3263 1596 3326; x_wconf 82' lang='lat' dir='ltr'>divina</span> 
     </span>
     <span class='ocr_line' id='line_1_30' title="bbox 338 3378 496 3430; baseline 0.006 -1"><span class='ocrx_word' id='word_1_267' title='bbox 338 3378 350 3406; x_wconf 83' lang='lat'><em>²</em></span> <span class='ocrx_word' id='word_1_268' title='bbox 369 3386 394 3429; x_wconf 83' lang='lat' dir='ltr'>r·</span> <span class='ocrx_word' id='word_1_269' title='bbox 407 3384 496 3430; x_wconf 81' lang='lat' dir='ltr'>xuni.</span> 
     </span>
    </p>
   </div>
   <div class='ocr_carea' id='block_1_5' title="bbox 284 3593 1595 4312">
    <p class='ocr_par' dir='ltr' id='par_1_5' title="bbox 286 3593 1592 3748">
     <span class='ocr_line' id='line_1_31' title="bbox 352 3593 1592 3671; baseline 0.006 -23"><span class='ocrx_word' id='word_1_270' title='bbox 352 3593 558 3668; x_wconf 78' lang='lat' dir='ltr'>¹&#39;Anspieluug</span> <span class='ocrx_word' id='word_1_271' title='bbox 580 3597 631 3651; x_wconf 85' lang='lat' dir='ltr'>arrl</span> <span class='ocrx_word' id='word_1_272' title='bbox 651 3597 759 3652; x_wconf 81' lang='lat' dir='ltr'>blartial</span> <span class='ocrx_word' id='word_1_273' title='bbox 775 3597 883 3667; x_wconf 75' lang='lat' dir='ltr'>Xl,27.</span> <span class='ocrx_word' id='word_1_274' title='bbox 899 3599 929 3652; x_wconf 76' lang='lat' dir='ltr'>i:</span> <span class='ocrx_word' id='word_1_275' title='bbox 960 3599 1016 3653; x_wconf 75' lang='lat' dir='ltr'>Aut</span> <span class='ocrx_word' id='word_1_276' title='bbox 1041 3617 1103 3653; x_wconf 87' lang='lat' dir='ltr'>curn</span> <span class='ocrx_word' id='word_1_277' title='bbox 1127 3600 1273 3670; x_wconf 81' lang='lat' dir='ltr'>perfricuit</span> <span class='ocrx_word' id='word_1_278' title='bbox 1299 3601 1417 3654; x_wconf 82' lang='lat' dir='ltr'>frorrtem</span> <span class='ocrx_word' id='word_1_279' title='bbox 1445 3602 1592 3671; x_wconf 81' lang='lat' dir='ltr'>posuitque</span> 
     </span>
     <span class='ocr_line' id='line_1_32' title="bbox 286 3679 427 3748; baseline 0 -18"><span class='ocrx_word' id='word_1_280' title='bbox 286 3679 427 3748; x_wconf 86' lang='lat' dir='ltr'>pudorem.</span> 
     </span>
    </p>

    <p class='ocr_par' dir='ltr' id='par_1_6' title="bbox 284 3753 1595 4066">
     <span class='ocr_line' id='line_1_33' title="bbox 348 3753 1593 3834; baseline 0.007 -26"><span class='ocrx_word' id='word_1_281' title='bbox 348 3753 493 3811; x_wconf 78' lang='lat' dir='ltr'>‘²Decreti</span> <span class='ocrx_word' id='word_1_282' title='bbox 517 3757 606 3828; x_wconf 88' lang='lat' dir='ltr'>prima</span> <span class='ocrx_word' id='word_1_283' title='bbox 626 3775 695 3827; x_wconf 84' lang='lat' dir='ltr'>pars.</span> <span class='ocrx_word' id='word_1_284' title='bbox 736 3759 887 3814; x_wconf 87' lang='lat' dir='ltr'>Distinctio</span> <span class='ocrx_word' id='word_1_285' title='bbox 902 3759 1006 3828; x_wconf 82' lang='lat' dir='ltr'>XLIV,</span> <span class='ocrx_word' id='word_1_286' title='bbox 1028 3777 1050 3813; x_wconf 89' lang='lat' dir='ltr'>e.</span> <span class='ocrx_word' id='word_1_287' title='bbox 1064 3757 1096 3812; x_wconf 74' lang='grc' dir='ltr'>ἵε</span> <span class='ocrx_word' id='word_1_288' title='bbox 1118 3758 1218 3814; x_wconf 84' lang='lat' dir='ltr'>Nu&#39;lus</span> <span class='ocrx_word' id='word_1_289' title='bbox 1236 3759 1460 3834; x_wconf 78' lang='lat' dir='ltr'>presbitrorrrrn,</span> <span class='ocrx_word' id='word_1_290' title='bbox 1482 3763 1593 3831; x_wconf 85' lang='lat' dir='ltr'>qrrarulo</span> 
     </span>
     <span class='ocr_line' id='line_1_34' title="bbox 286 3836 1595 3912; baseline 0.005 -22"><span class='ocrx_word' id='word_1_291' title='bbox 286 3837 319 3890; x_wconf 79' lang='lat' dir='ltr'>arl</span> <span class='ocrx_word' id='word_1_292' title='bbox 341 3836 556 3891; x_wconf 86' lang='lat' dir='ltr'>anniversarium</span> <span class='ocrx_word' id='word_1_293' title='bbox 577 3838 664 3906; x_wconf 86' lang='lat' dir='ltr'>diem,</span> <span class='ocrx_word' id='word_1_294' title='bbox 690 3838 862 3910; x_wconf 85' lang='lat' dir='ltr'>trigesimum</span> <span class='ocrx_word' id='word_1_295' title='bbox 884 3848 932 3893; x_wconf 87' lang='lat' dir='ltr'>aut</span> <span class='ocrx_word' id='word_1_296' title='bbox 955 3840 1103 3909; x_wconf 87' lang='lat' dir='ltr'>septimum</span> <span class='ocrx_word' id='word_1_297' title='bbox 1124 3841 1167 3892; x_wconf 87' lang='lat' dir='ltr'>vel</span> <span class='ocrx_word' id='word_1_298' title='bbox 1189 3841 1300 3893; x_wconf 84' lang='lat' dir='ltr'>tertium</span> <span class='ocrx_word' id='word_1_299' title='bbox 1321 3839 1595 3912; x_wconf 83' lang='lat' dir='ltr'>alicuiusdeluneti,</span> 
     </span>
     <span class='ocr_line' id='line_1_35' title="bbox 284 3917 1592 3991; baseline 0.005 -21"><span class='ocrx_word' id='word_1_300' title='bbox 284 3925 332 3970; x_wconf 87' lang='lat' dir='ltr'>aut</span> <span class='ocrx_word' id='word_1_301' title='bbox 353 3933 518 3986; x_wconf 78' lang='lat' dir='ltr'>quaerunque</span> <span class='ocrx_word' id='word_1_302' title='bbox 541 3917 684 3972; x_wconf 84' lang='lat' dir='ltr'>vocatione</span> <span class='ocrx_word' id='word_1_303' title='bbox 705 3919 738 3972; x_wconf 82' lang='lat' dir='ltr'>arl</span> <span class='ocrx_word' id='word_1_304' title='bbox 766 3919 912 3974; x_wconf 85' lang='lat' dir='ltr'>collectam</span> <span class='ocrx_word' id='word_1_305' title='bbox 941 3919 1086 3991; x_wconf 84' lang='lat' dir='ltr'>presbiteri</span> <span class='ocrx_word' id='word_1_306' title='bbox 1110 3920 1285 3985; x_wconf 85' lang='lat' dir='ltr'>convenerit,</span> <span class='ocrx_word' id='word_1_307' title='bbox 1316 3938 1344 3974; x_wconf 85' lang='lat' dir='ltr'>so</span> <span class='ocrx_word' id='word_1_308' title='bbox 1366 3921 1504 3976; x_wconf 88' lang='lat' dir='ltr'>inebriare</span> <span class='ocrx_word' id='word_1_309' title='bbox 1526 3924 1592 3978; x_wconf 90' lang='lat' dir='ltr'>ulla·</span> 
     </span>
     <span class='ocr_line' id='line_1_36' title="bbox 286 4004 972 4066; baseline 0.004 -16"><span class='ocrx_word' id='word_1_310' title='bbox 286 4004 366 4052; x_wconf 84' lang='lat' dir='ltr'>tenus</span> <span class='ocrx_word' id='word_1_311' title='bbox 387 4005 534 4066; x_wconf 88' lang='lat' dir='ltr'>presumat.</span> <span class='ocrx_word' id='word_1_312' title='bbox 968 4043 972 4053; x_wconf 93' lang='lat'>.</span> 
     </span>
    </p>

    <p class='ocr_par' dir='ltr' id='par_1_7' title="bbox 287 4072 1595 4312">
     <span class='ocr_line' id='line_1_37' title="bbox 346 4072 1593 4148; baseline 0.007 -18"><span class='ocrx_word' id='word_1_313' title='bbox 346 4072 486 4142; x_wconf 85' lang='lat' dir='ltr'>³Cieero,</span> <span class='ocrx_word' id='word_1_314' title='bbox 513 4077 555 4130; x_wconf 83' lang='lat' dir='ltr'>lle</span> <span class='ocrx_word' id='word_1_315' title='bbox 576 4078 685 4148; x_wconf 78' lang='lat' dir='ltr'>legibus</span> <span class='ocrx_word' id='word_1_316' title='bbox 701 4079 734 4141; x_wconf 88' lang='lat' dir='ltr'>ll,</span> <span class='ocrx_word' id='word_1_317' title='bbox 751 4079 801 4132; x_wconf 83' lang='lat' dir='ltr'>lli:</span> <span class='ocrx_word' id='word_1_318' title='bbox 823 4077 904 4134; x_wconf 83' lang='lat' dir='ltr'>Casto</span> <span class='ocrx_word' id='word_1_319' title='bbox 924 4079 1001 4133; x_wconf 86' lang='lat' dir='ltr'>iubet</span> <span class='ocrx_word' id='word_1_320' title='bbox 1023 4079 1066 4132; x_wconf 82' lang='lat' dir='ltr'>lex</span> <span class='ocrx_word' id='word_1_321' title='bbox 1087 4079 1162 4134; x_wconf 79' lang='lat' dir='ltr'>arlirc</span> <span class='ocrx_word' id='word_1_322' title='bbox 1183 4081 1218 4134; x_wconf 89' lang='lat' dir='ltr'>arl</span> <span class='ocrx_word' id='word_1_323' title='bbox 1238 4081 1322 4148; x_wconf 86' lang='lat' dir='ltr'>deos,</span> <span class='ocrx_word' id='word_1_324' title='bbox 1349 4081 1443 4136; x_wconf 86' lang='lat' dir='ltr'>arriuro</span> <span class='ocrx_word' id='word_1_325' title='bbox 1462 4083 1593 4139; x_wconf 83' lang='lat' dir='ltr'>rirlolicet</span> 
     </span>
     <span class='ocr_line' id='line_1_38' title="bbox 287 4157 1592 4235; baseline 0.008 -27"><span class='ocrx_word' id='word_1_326' title='bbox 287 4157 313 4210; x_wconf 91' lang='lat' dir='ltr'>iu</span> <span class='ocrx_word' id='word_1_327' title='bbox 334 4173 389 4227; x_wconf 85' lang='lat' dir='ltr'>quo</span> <span class='ocrx_word' id='word_1_328' title='bbox 411 4165 474 4210; x_wconf 90' lang='lat' dir='ltr'>sunt</span> <span class='ocrx_word' id='word_1_329' title='bbox 494 4157 593 4211; x_wconf 87' lang='lat' dir='ltr'>orruriu.</span> <span class='ocrx_word' id='word_1_330' title='bbox 636 4157 694 4212; x_wconf 79' lang='lat' dir='ltr'>Nec</span> <span class='ocrx_word' id='word_1_331' title='bbox 715 4158 787 4211; x_wconf 86' lang='lat' dir='ltr'>tollit</span> <span class='ocrx_word' id='word_1_332' title='bbox 808 4159 999 4212; x_wconf 80' lang='lat' dir='ltr'>castimoniam</span> <span class='ocrx_word' id='word_1_333' title='bbox 1022 4160 1160 4229; x_wconf 81' lang='lat' dir='ltr'>corporis:</span> <span class='ocrx_word' id='word_1_334' title='bbox 1181 4162 1228 4214; x_wconf 84' lang='lat' dir='ltr'>sed</span> <span class='ocrx_word' id='word_1_335' title='bbox 1249 4162 1303 4216; x_wconf 86' lang='lat' dir='ltr'>hoo</span> <span class='ocrx_word' id='word_1_336' title='bbox 1327 4169 1437 4231; x_wconf 88' lang='lat' dir='ltr'>oportet</span> <span class='ocrx_word' id='word_1_337' title='bbox 1458 4162 1592 4235; x_wconf 77' lang='lat' dir='ltr'>intellegi,</span> 
     </span>
     <span class='ocr_line' id='line_1_39' title="bbox 289 4237 1595 4312; baseline 0.006 -24"><span class='ocrx_word' id='word_1_338' title='bbox 289 4255 372 4306; x_wconf 71' lang='lat' dir='ltr'>&lt;purum</span> <span class='ocrx_word' id='word_1_339' title='bbox 394 4237 510 4290; x_wconf 87' lang='lat' dir='ltr'>multum</span> <span class='ocrx_word' id='word_1_340' title='bbox 532 4237 641 4290; x_wconf 88' lang='lat' dir='ltr'>unimus.</span> <span class='ocrx_word' id='word_1_341' title='bbox 655 4238 762 4308; x_wconf 87' lang='lat' dir='ltr'>corpori</span> <span class='ocrx_word' id='word_1_342' title='bbox 775 4247 894 4307; x_wconf 84' lang='lat' dir='ltr'>praestet</span> <span class='ocrx_word' id='word_1_343' title='bbox 914 4239 1138 4310; x_wconf 77' lang='lat' dir='ltr'>observaturque,</span> <span class='ocrx_word' id='word_1_344' title='bbox 1160 4248 1191 4294; x_wconf 89' lang='lat' dir='ltr'>ut</span> <span class='ocrx_word' id='word_1_345' title='bbox 1211 4248 1286 4294; x_wconf 75' lang='lat' dir='ltr'>rasta</span> <span class='ocrx_word' id='word_1_346' title='bbox 1308 4260 1426 4312; x_wconf 86' lang='lat' dir='ltr'>corpora</span> <span class='ocrx_word' id='word_1_347' title='bbox 1444 4244 1595 4298; x_wconf 85' lang='lat' dir='ltr'>adhibean-</span> 
     </span>
    </p>
   </div>
   <div class='ocr_carea' id='block_1_6' title="bbox 290 4317 1594 4452">
    <p class='ocr_par' dir='ltr' id='par_1_8' title="bbox 290 4317 1594 4452">
     <span class='ocr_line' id='line_1_40' title="bbox 291 4317 1594 4396; baseline 0.007 -25"><span class='ocrx_word' id='word_1_348' title='bbox 291 4327 344 4390; x_wconf 84' lang='lat' dir='ltr'>tur,</span> <span class='ocrx_word' id='word_1_349' title='bbox 367 4317 454 4371; x_wconf 86' lang='lat' dir='ltr'>multo</span> <span class='ocrx_word' id='word_1_350' title='bbox 476 4335 534 4371; x_wconf 87' lang='lat' dir='ltr'>esse</span> <span class='ocrx_word' id='word_1_351' title='bbox 554 4317 582 4369; x_wconf 90' lang='lat' dir='ltr'>in</span> <span class='ocrx_word' id='word_1_352' title='bbox 603 4318 703 4372; x_wconf 88' lang='lat' dir='ltr'>animis</span> <span class='ocrx_word' id='word_1_353' title='bbox 716 4319 744 4371; x_wconf 78' lang='lat' dir='ltr'>iel</span> <span class='ocrx_word' id='word_1_354' title='bbox 766 4320 928 4372; x_wconf 86' lang='lat' dir='ltr'>servandum</span> <span class='ocrx_word' id='word_1_355' title='bbox 948 4319 1044 4390; x_wconf 74' lang='lat' dir='ltr'>tnagis.</span> <span class='ocrx_word' id='word_1_356' title='bbox 1086 4318 1156 4374; x_wconf 79' lang='lat' dir='ltr'>Nam</span> <span class='ocrx_word' id='word_1_357' title='bbox 1173 4321 1296 4377; x_wconf 80' lang='lat' dir='ltr'>illudrel</span> <span class='ocrx_word' id='word_1_358' title='bbox 1310 4323 1488 4394; x_wconf 84' lang='lat' dir='ltr'>adspersione</span> <span class='ocrx_word' id='word_1_359' title='bbox 1506 4342 1594 4396; x_wconf 86' lang='lat' dir='ltr'>aquae</span> 
     </span>
     <span class='ocr_line' id='line_1_41' title="bbox 290 4397 734 4452; baseline 0.005 -2"><span class='ocrx_word' id='word_1_360' title='bbox 290 4399 333 4452; x_wconf 88' lang='lat' dir='ltr'>vel</span> <span class='ocrx_word' id='word_1_361' title='bbox 353 4397 459 4452; x_wconf 88' lang='lat' dir='ltr'>dierum</span> <span class='ocrx_word' id='word_1_362' title='bbox 484 4415 598 4450; x_wconf 88' lang='lat' dir='ltr'>nurnero</span> <span class='ocrx_word' id='word_1_363' title='bbox 618 4397 734 4452; x_wconf 88' lang='lat' dir='ltr'>tollitur.</span> 
     </span>
    </p>
   </div>
   <div class='ocr_carea' id='block_1_7' title="bbox 350 4473 869 4634">
    <p class='ocr_par' dir='ltr' id='par_1_9' title="bbox 350 4473 869 4634">
     <span class='ocr_line' id='line_1_42' title="bbox 350 4473 869 4548; baseline -0.002 -17"><span class='ocrx_word' id='word_1_364' title='bbox 350 4473 363 4516; x_wconf 76' lang='lat'><strong>⁴</strong></span> <span class='ocrx_word' id='word_1_365' title='bbox 385 4476 491 4548; x_wconf 81' lang='lat' dir='ltr'>Vergil,</span> <span class='ocrx_word' id='word_1_366' title='bbox 511 4475 614 4531; x_wconf 85' lang='lat' dir='ltr'>Aeneis</span> <span class='ocrx_word' id='word_1_367' title='bbox 635 4478 671 4544; x_wconf 90' lang='lat' dir='ltr'>ll,</span> <span class='ocrx_word' id='word_1_368' title='bbox 693 4477 869 4536; x_wconf 76' lang='lat' dir='ltr'>rte-tau.</span> 
     </span>
     <span class='ocr_line' id='line_1_43' title="bbox 350 4553 759 4634; baseline 0 -22"><span class='ocrx_word' id='word_1_369' title='bbox 350 4553 491 4634; x_wconf 60' lang='lat' dir='ltr'>Uergil,</span> <span class='ocrx_word' id='word_1_370' title='bbox 513 4556 615 4612; x_wconf 83' lang='lat' dir='ltr'>Aeneis</span> <span class='ocrx_word' id='word_1_371' title='bbox 633 4557 683 4624; x_wconf 83' lang='lat' dir='ltr'>lv,</span> <span class='ocrx_word' id='word_1_372' title='bbox 695 4557 759 4612; x_wconf 75' lang='lat'>635.</span> 
     </span>
    </p>
   </div>
   <div class='ocr_carea' id='block_1_8' title="bbox 0 0 1818 5192">
    <p class='ocr_par' dir='ltr' id='par_1_10' title="bbox 0 0 1818 5192">
     <span class='ocr_line' id='line_1_44' title="bbox 0 0 1818 5192; baseline 0 0"><span class='ocrx_word' id='word_1_373' title='bbox 0 0 1818 5192; x_wconf 95' lang='lat' dir='ltr'> </span> 
     </span>
    </p>
   </div>
  </div>
 </body>
</html>
