3625 5192
674 347 762 403 Bricle
781 347 902 402 llintians
921 349 982 400 392.
1001 347 1062 400 393.
1487 348 1521 400 53

217 498 339 582 posuit,
368 497 408 562 ub
437 499 469 563 id
500 505 605 562 tannen
634 495 830 576 laridandus,
864 497 946 576 quoti
976 494 1147 575 diligenter
1173 494 1315 576 collegit,
1345 515 1407 578 que
1433 515 1527 560 nosse

217 601 327 681 quivit.
372 600 485 664 Verum
502 601 532 664 in
550 599 628 684 ipsis
650 618 773 682 (puroque
795 597 1001 663 collectaneis
1017 617 1078 662 non
1094 598 1172 661 lacit
1188 597 1264 661 stibi
1289 599 1376 662 satis.
1415 598 1526 662 Enem-

217 703 262 785 pli
279 703 403 783 gratia‚
425 707 458 766 ut
480 721 582 786 patrea
602 703 642 766 dc
663 701 769 765 multis
791 701 970 764 ostendam:
993 698 1150 764 Gallicum
1174 699 1359 783 psalterium
1380 702 1427 766 sie
1447 702 1527 783 legit

218 804 453 868 truncversum:
476 802 865 883 „Danobisauxiliunnde
880 801 1098 881 tribulacione,
1118 802 1196 883 quia
1216 821 1300 865 vana
1321 803 1407 866 salus
1429 802 1526 868 bomi—
1639 817 1644 824 ·

217 906 295 971 nis.“
337 907 497 970 Romanus
510 908 606 971 lector
619 904 678 969 boe
690 905 795 970 modo:
820 904 977 984 „Etvana
996 905 1083 968 salus
1102 903 1269 969 bominis.“
1310 904 1469 970 Hebraiea
1481 907 1527 971 iu·

218 1009 812 1093 terpretaciotesteHieronynrobabet:
831 1007 1004 1089 „Vanaest
1017 1005 1428 1072 enimsaiusabhomine.“¹
1465 1007 1527 1072 Hic

218 1111 420 1194 stapulensis
441 1110 632 1193 elegantiam
653 1112 804 1192 ignorans
818 1110 949 1176 latinam
966 1110 1061 1173 dicit:
1084 1109 1208 1190 „Quare
1227 1109 1279 1174 bic
1291 1129 1400 1174 versus
1413 1108 1527 1175 decen·

218 1214 280 1278 tius
301 1212 476 1294 legeretur:
499 1213 550 1276 lla
571 1213 665 1278 nobis
685 1213 837 1278 auxilium
859 1213 898 1278 de
921 1211 1142 1291 tribulacione,
1164 1211 1240 1293 quia
1261 1231 1346 1277 vana
1366 1212 1453 1276 salus
1474 1212 1526 1275 lto

219 1316 321 1381 minis.
360 1315 477 1398 Aptius
495 1316 600 1380 enim⁸
621 1314 673 1380 hic
692 1315 807 1396 „quia“
827 1334 921 1396 quam
944 1315 1014 1393 „et“
1036 1332 1180 1378 sermone
1197 1313 1336 1395 pariterb
1358 1321 1392 1380 et
1411 1313 1526 1378 intelli-

217 1419 327 1500 gentia
349 1418 504 1482 meliore.“
547 1417 647 1482 Multa
674 1424 706 1482 tu
732 1417 860 1499 quidem
882 1417 980 1496 (licis,
1006 1415 1260 1500 oStapuleusis,
1287 1417 1344 1481 sed
1376 1417 1435 1482 tibi
1464 1437 1524 1481 non

218 1519 320 1585 credo.
363 1519 486 1598 Nescis,
509 1521 650 1602 proiecto
672 1521 775 1584 nescis
796 1518 906 1584 eodem
929 1517 1108 1600 significatu
1129 1518 1232 1601 accipi
1253 1519 1343 1600 qnia,
1365 1527 1409 1591 et,
1430 1519 1525 1583 enim.

219 1623 288 1686 Non
312 1623 417 1704 legisti
441 1623 557 1687 latinos
578 1621 752 1688 authores‘.
793 1621 879 1704 Lege
898 1620 1035 1684 Fabium
1055 1619 1286 1697 Quintilianum
1307 1621 1388 1686 libro
1401 1621 1526 1705 prirnot

218 1726 448 1790 institutionum
476 1724 698 1790 oratoriarum:
727 1725 829 1805 „Ante
856 1723 965 1788 omnia
991 1742 1031 1786 ne
1059 1723 1100 1787 sit
1119 1723 1257 1787 niciosus
1275 1743 1377 1788 sermo
1398 1724 1525 1788 nutrici·

219 1827 285 1899 bus,
306 1847 402 1909 quas,
423 1828 450 1892 si
472 1825 538 1891 lieri
564 1834 688 1911 posset,
709 1825 871 1910 sapientes
892 1824 1091 1909 Chrysippus
1111 1827 1249 1909 optavit,
1271 1833 1355 1891 certe
1373 1834 1525 1908 quantum

218 1949 268 1992 res
284 1935 451 2011 pateretur,
474 1929 612 2010 optimas
631 1928 727 2010 eligid
745 1927 850 1992 voluit
892 1927 934 1990 Et
947 1947 1066 1992 morum
1078 1926 1205 2010 quidem
1218 1928 1249 1991 in
1268 1928 1318 1993 bis
1333 1927 1527 1994 hauddubie

219 2032 305 2114 prior
327 2031 409 2095 ratio
426 2040 482 2102 est,
505 2038 588 2096 recte
610 2039 715 2095 tamen
736 2031 831 2094 etiam
854 2029 1031 2110 loquantur.
1073 2029 1139 2094 Has
1160 2031 1294 2114 primum
1311 2030 1420 2095 audiet
1439 2050 1527 2114 puer,

219 2132 328 2197 harum
352 2134 450 2198 verba
478 2131 628 2214 effingere
652 2129 804 2196 imitando
827 2131 992 2195 certabitur
1014 2137 1045 2198 et
1066 2138 1180 2196 natura
1202 2131 1397 2196 tenacissimi
1418 2151 1526 2198 sumus

218 2256 339 2316 corum,
370 2255 431 2316 que
453 2235 582 2300 rudibus
603 2235 698 2300 annis
727 2233 965 2318 pereepinrus,⁰
994 2239 1029 2297 ut
1053 2253 1164 2316 sapor,
1187 2252 1251 2315 quo
1277 2253 1361 2298 nova
1391 2234 1525 2316 imbuas,

217 2339 336 2402 durat“
381 2337 477 2402 Vides
506 2337 564 2402 hoc
586 2338 655 2401 loeo
677 2343 733 2418 „et
755 2337 892 2400 natura“
916 2338 1052 2419 positum
1074 2355 1144 2400 esse
1166 2355 1222 2420 pro
1243 2337 1366 2418 ,‚quia.“
1408 2337 1525 2402 Notum

219 2439 297 2504 illud
309 2440 556 2521 Ver-gilianuml:
579 2439 757 2520 „audieras
774 2447 806 2502 ct
826 2439 913 2503 fama
928 2437 1017 2502 t'uit.“
1057 2437 1155 2502 Nulla
1175 2445 1224 2502 est
1245 2438 1342 2520 igitur
1360 2437 1528 2521 dissensio,

219 2539 274 2604 sed
298 2541 377 2606 mira
399 2541 563 2606 consensio
585 2541 616 2604 in
635 2541 827 2606 istis.t1·ibus
839 2541 993 2605 versibus.
1036 2540 1172 2622 „Diligit
1185 2539 1347 2606 Urbanum
1358 2541 1528 2622 Mutianus,

146 2685 148 2689 -
218 2645 294 2724 quia
308 2645 457 2709 bonorum
468 2644 635 2726 sciptorunt
647 2653 694 2708 est
705 2644 835 2724 ensurius,
851 2643 1006 2708 ineundus
1017 2651 1049 2707 et
1060 2661 1151 2707 carus
1161 2650 1210 2707 cst
1221 2642 1527 2723 Muttanotroanus,

217 2752 266 2809 est
286 2745 369 2809 enim
399 2744 558 2810 studiosus
586 2753 736 2810 veterum.
786 2745 833 2809 Te
858 2763 930 2808 amo
956 2752 988 2810 et
1015 2752 1046 2808 tu
1073 2763 1124 2840 me
1150 2763 1240 2809 arnas
1267 2754 1300 2809 ct
1326 2746 1526 2828 antiquitatis

219 2847 368 2912 noticiam
391 2847 499 2912 babes.
542 2847 603 2912 Sed
628 2847 779 2912 haetenus
801 2847 840 2912 de
861 2845 985 2912 studiis.

298 2949 376 3013 Iussi
394 2947 524 3014 Publius
543 2956 574 3014 et
591 2949 712 3015 Drusus
734 2970 768 3014 se
787 2951 991 3014 exercerent
1013 2949 1180 3014 scribendo
1201 2957 1233 3014 et
1254 2958 1339 3014 tuum
1360 2953 1528 3033 nopotem⁵
1562 3036 1565 3040 ι

222 3052 420 3116 stimularent
442 3060 721 3134 provocarcntque.
765 3051 890 3116 Tattius
913 3064 961 3114 cst
982 3059 1014 3116 et
1035 3052 1133 3114 crassi
1160 3052 1281 3133 ingenii
1298 3053 1442 3132 Publius,
1470 3053 1526 3118 sed

219 3154 339 3218 Drusus
348 3156 498 3234 omniunt,
518 3173 595 3235 quos
609 3173 745 3235 unquam
761 3153 838 3224 virli,
860 3153 1068 3218 tardissimus.
1110 3153 1217 3218 Libuit
1238 3163 1342 3218 tamen
1364 3157 1528 3240 φιλοσοφεῖν

219 3264 250 3320 ct
275 3255 354 3320 nibil
383 3256 507 3338 agendo
532 3257 644 3321 saltem
672 3255 705 3320 id
734 3276 838 3338 agere.
888 3256 1097 3319 Herculaneum
1129 3253 1277 3319 tabellam
1310 3255 1383 3319 huic
1409 3257 1526 3323 trades.

218 3359 361 3422 lieteram
389 3378 451 3421 non
480 3359 596 3442 pictanr
618 3359 769 3440 gratiani,
803 3358 859 3422 secl
880 3357 1047 3440 gravidam
1069 3357 1276 3422 Osimnneot.
1318 3358 1526 3440 Triumphum

219 3459 358 3525 Neobii⁷
380 3467 411 3526 et
437 3459 627 3544 epistolam8
654 3462 694 3525 ad
716 3461 898 3542 Agricolam
925 3462 1066 3525 restitue.
1107 3461 1142 3524 Si
1168 3459 1254 3523 illum
1282 3459 1527 3539 abalienamus,

287 3585 352 3630 ‘Ta
373 3585 412 3630 bic
432 3585 506 3634 enim.
579 3568 683 3632 bl'ohlt
710 3586 735 3630 b.
756 3586 796 3632 Te.
868 3577 936 3630 “Ta
954 3589 1064 3630 autores.
1083 3545 1095 3568 ο
1136 3567 1193 3629 ‘¹1'
1211 3583 1283 3644 elegi,
1355 3577 1412 3629 '³1¹'
1425 3585 1476 3630 israel
1493 3585 1527 3630 Ta

218 3656 376 3718 percipimus.

281 3865 292 3907 ¹
314 3869 407 3924 Psalrn
431 3868 478 3942 60,
501 3868 537 3921 13
559 3869 616 3921 und
638 3867 703 3938 108,
728 3866 775 3921 13.

276 3947 290 3988 ²
312 3950 373 4006 Lib.
396 3949 455 4018 1,1.
475 3947 578 4001 4-5.

277 4025 291 4070 3
313 4029 410 4102 Eklog.
433 4029 482 4084 IX.
507 4028 551 4085 ll.

277 4105 290 4149 4
315 4110 400 4165 Beirlc
422 4109 482 4164 sind
510 4110 572 4164 dem
594 4108 710 4163 Befehle
737 4108 986 4180 nachgelronnnen.
1029 4109 1112 4164 Siche
1140 4110 1184 4163 die
1203 4109 1338 4181 Bcilagen
1365 4127 1399 4163 zu
1421 4111 1525 4166 diesem

216 4190 316 4246 Briefc.

277 4267 292 4308 5
312 4271 437 4324 Andreas
451 4269 630 4340 Nepotianus,
650 4270 768 4324 wotene·
782 4271 851 4324 ruach
864 4271 978 4324 Brcslau
987 4271 1015 4323 in
1025 4271 1069 4324 (lie
1080 4270 1181 4326 Schule
1192 4271 1240 4323 ries
1250 4269 1383 4324 Matthias
1392 4271 1527 4327 Kaumler

217 4370 266 4405 vor
287 4351 396 4422 cirrigen
421 4350 551 4402 Morintcn
573 4353 689 4420 gestandi
706 4351 815 4404 conten
839 4370 899 4404 wau.

279 4427 292 4470 6
315 4431 378 4502 vgt.
402 4429 446 4483 Br.
468 4428 526 4481 242
549 4429 576 4487 S.
599 4431 656 4482 318
681 4431 762 4485 Αηιη.
785 4431 811 4484 3.

279 4507 291 4550 7
312 4511 375 4582 vgt.
397 4509 478 4564 Bricf
491 4507 548 4563 387
571 4509 599 4564 S.
614 4509 651 4564 48
672 4511 757 4566 Anm.
771 4509 804 4566 4..

278 4585 376 4664 ssvgt.
396 4592 449 4646 den
471 4592 586 4664 vorigen
609 4591 696 4647 Brief.
