3625 5192
332 314 386 367 330
682 313 940 383 Geschichtsquellen
960 317 1008 369 der
1028 314 1137 369 Prurinz
1158 316 1280 369 Sacbsen.

332 480 394 526 nou
424 482 550 544 possum
578 464 716 528 scribere
743 469 775 527 et
801 462 914 528 Crotns
941 482 1029 527 meus
1058 461 1262 533 excandescit
1286 464 1487 529 vehementer
1513 466 1554 528 ob
1580 466 1637 530 iui-

332 564 516 645 quissimnm
544 566 695 629 iudicinm
705 567 726 641 ¹,
760 584 821 645 qno
854 566 904 628 vir
931 564 1029 629 bouus
1059 571 1091 629 et
1122 564 1233 629 ductus
1263 565 1433 629 crudeliter
1460 575 1491 629 et
1519 567 1639 632 nefarie

317 665 562 730 circumventus
596 674 651 730 est.
702 664 868 748 iugulandi
903 666 1009 747 potius
1038 675 1143 731 essent
1177 666 1366 747 theologiste
1395 680 1517 732 orassa²
1548 669 1637 733 obliti

332 766 490 836 barbaria.
531 767 594 832 Sed
617 775 718 847 taceo,
737 786 777 831 ue
797 766 909 831 videar
929 768 1054 831 irritare
1077 767 1160 831 velle
1182 768 1359 832 crabrones.

410 868 502 945 Quod
523 869 564 933 ad
585 870 676 932 lani2
694 888 759 932 rem
779 868 903 945 attinet,
926 888 1016 933 cures
1037 868 1141 949 velim,
1162 877 1195 933 ut
1216 870 1343 945 cisiario
1366 870 1416 933 vel
1438 872 1550 936 saltem
1571 891 1637 935 car-

331 970 461 1035 bonario
489 971 602 1035 cistam
628 974 674 1035 tui
697 969 834 1033 tradant.
881 969 1079 1051 Quamquam
1107 970 1306 1052 Nepotianus
1329 971 1427 1051 desit,
1457 983 1639 1054 procurator
1699 988 1704 993 ·
1799 958 1803 975 “

330 1072 440 1136 talium
466 1073 667 1154 negociorum
694 1071 892 1136 lectissimus.
941 1070 1024 1148 Quid
1052 1072 1150 1137 babes
1178 1072 1218 1137 de
1240 1072 1430 1155 spalatino?
1472 1073 1554 1151 Quid
1583 1076 1637 1139 tu?

330 1173 414 1250 Quid
434 1176 533 1239 nostri
554 1175 675 1257 agunt?
716 1174 751 1237 Si
771 1172 848 1255 quid
868 1176 1008 1237 tacturus
1029 1193 1063 1238 es
1084 1194 1134 1237 me
1158 1184 1298 1257 petente,
1327 1173 1375 1254 id,
1398 1195 1510 1257 queso,
1532 1177 1637 1256 facito,

257 1346 259 1351 ,
330 1283 365 1343 ut
391 1274 469 1338 mibi
493 1295 589 1357 quam
610 1274 855 1357 diligentissime
881 1274 1045 1339 rescribas.
1087 1275 1157 1357 Ego
1178 1283 1208 1339 te
1231 1294 1301 1341 amo
1323 1284 1354 1339 et
1375 1277 1458 1341 scias
1479 1278 1635 1343 Petreium

329 1385 361 1441 et
382 1376 599 1442 Herebordum
621 1398 643 1442 a
662 1397 713 1441 me
734 1378 845 1442 amari.
887 1376 976 1441 Vale.
1425 1381 1428 1386 '

399 1500 580 1547 Bandschriltl.
600 1499 685 1547 F266
706 1501 746 1547 tol.
764 1500 958 1547 lviv-raas.
1013 1500 1088 1546 Gedr.
1108 1500 1131 1547 b.
1150 1500 1184 1545 Τι
1204 1502 1226 1548 S.
1247 1497 1388 1549 tue-139
1414 1518 1459 1548 ron
1477 1502 1636 1549 Horebordus

329 1569 399 1629 piger
420 1569 455 1616 bia
472 1572 539 1616 velle
558 1571 698 1617 crabrones.

399 1668 449 1720 'F
467 1675 517 1721 errsd
536 1676 569 1721 Ta
587 1676 670 1723 crassi.

883 1766 1083 1773 ———-.———..

329 1878 696 1950 251.M.anUrban.
1129 1878 1259 1959 (Sotira
1272 1878 1368 1979 1513.
1400 1878 1633 1967 Endellllrz.)
1685 1912 1686 1916 ¹

398 2005 459 2074 ldnt.
480 2006 545 2063 zeigt
562 2006 615 2051 sich
635 2006 672 2050 als
691 2004 794 2061 aifrigan
813 2004 970 2063 Verteidiger
988 2004 1137 2064 Rerrcblina‚
1157 2006 1227 2050 kurrn
1246 2005 1307 2051 aber
1325 2004 1394 2050 nicht
1413 2005 1512 2065 umbin,
1534 2006 1634 2065 Einiges

327 2074 355 2121 in
373 2075 468 2121 seiuem
488 2074 669 2134 Augenspiegol
686 2075 739 2121 uurd
757 2075 785 2120 in
803 2075 885 2121 sainct·
899 2074 1017 2121 llefunsio
1036 2075 1197 2121 erttscbiodeu
1216 2090 1245 2120 nu
1264 2074 1424 2133 misbilligen.
1462 2076 1524 2122 Eine
1541 2077 1634 2123 kaiser-

329 2146 394 2191 liche
414 2146 599 2203 Vardaminung
617 2146 703 2191 kbrrue
721 2160 748 2191 er
765 2145 818 2191 sich
836 2146 901 2190 wohl
921 2145 1044 2195 orkldren,

407 2241 544 2306 Henrico
568 2240 724 2305 Urbano
745 2240 906 2305 Matienus
928 2241 1036 2305 Rui'us

408 2342 507 2407 Salus.
550 2342 604 2405 Dii
632 2342 720 2406 boni!
750 2343 811 2405 nisi
837 2362 946 2406 omues
971 2350 1075 2406 motus
1096 2343 1216 2406 fortune
1239 2344 1509 2429 mutacionemque
1531 2364 1631 2412 rerum

326 2465 365 2509 ac
388 2445 489 2509 levem
517 2465 556 2509 ac
582 2443 772 2508 imbecillem
797 2444 957 2507 bominum
986 2444 1084 2508 vitam
1110 2464 1226 2526 magno
1248 2446 1353 2508 animo
1377 2454 1542 2528 erectoque
1563 2448 1631 2512 des-

327 2548 517 2631 piceremus‚
543 2546 629 2608 nullo
660 2546 725 2609 i'ere
752 2545 804 2609 die
830 2564 970 2609 essemus
996 2545 1066 2610 sine
1096 2546 1187 2609 iustis
1214 2546 1365 2628 querelis,
1391 2558 1426 2611 ut
1450 2568 1524 2612 vere
1546 2548 1632 2614 dicat

325 2647 473 2714 Ovidius:
493 2647 635 2728 „lltqnis
646 2667 708 2711 non
720 2666 834 2711 causas
844 2647 931 2711 mille
942 2644 1060 2711 doloris
1071 2646 1235 2710 habet?“³
1277 2648 1384 2730 ltaque
1397 2650 1539 2731 perbeati
1555 2652 1631 2716 mibi

325 2750 429 2815 videri
451 2751 562 2829 solent,
584 2749 696 2831 quibus
718 2749 824 2813 aliena
844 2750 923 2829 vitai
932 2749 1087 2829 magistra
1107 2755 1162 2812 est.
1196 2751 1308 2831 Atque,
1332 2758 1365 2815 ut
1387 2771 1406 2813 a
1425 2754 1522 2835 stirpe
1545 2774 1631 2837 repe-

324 2860 408 2917 tatur
429 2853 521 2916 huius
542 2852 698 2915 sententie
720 2851 913 2924 autoritatis,
938 2851 1048 2914 scribit
1068 2850 1231 2915 Plautus42
1255 2852 1432 2931 „l'elicitcr
1454 2855 1555 2938 sapit,
1577 2857 1629 2937 qui

323 2954 463 3037 periculo
480 2954 584 3018 alieno
600 2954 713 3037 sapit.“
745 2953 890 3016 Pliniusi
904 2953 936 3015 in
955 2952 1111 3035 epistolis:
1134 2949 1412 3036 „Optin1u111est“,
1434 2956 1545 3038 inquit,
1567 2978 1630 3035 „ex

324 3056 456 3119 aliorum
485 3056 578 3119 malis
606 3056 808 3135 stulticiaque
835 3056 1029 3137 voluptatem
1056 3060 1088 3119 et
1108 3055 1305 3119 commodum
1327 3060 1471 3139 capere.“
1514 3058 1630 3123 Notum

324 3165 372 3222 est
386 3177 527 3221 carmen:
551 3156 672 3238 ,perra
694 3176 786 3238 quem
803 3156 924 3220 iaciunt
945 3157 1052 3220 aliena
1072 3157 1215 3239 pericula
1227 3159 1404 3222 cautum.“⁰
1447 3158 1630 3225 Lucretiusi

324 3260 383 3325 ait:
411 3259 540 3339 „Suave
568 3259 647 3322 mari
674 3278 789 3339 magno
816 3258 1017 3323 turbantibus
1044 3277 1162 3339 equora
1190 3258 1292 3339 ventis
1324 3279 1342 3322 e
1370 3268 1452 3323 terra
1480 3282 1630 3343 maguum

323 3361 453 3431 alterius
473 3368 617 3445 spectare
638 3359 806 3423 laborem.“
848 3360 968 3435 Oratus,
992 3360 1041 3445 vir
1062 3359 1244 3441 cumprimis
1267 3360 1416 3441 eruditus,
1439 3382 1496 3445 pro
1518 3374 1574 3439 suo
1597 3364 1629 3427 in

387 3577 398 3618 1
413 3579 469 3634 Die
480 3580 586 3634 Kiilner
600 3580 697 3634 hatten
706 3596 796 3650 gagen
809 3578 862 3633 den
874 3574 1004 3634 Ver-kaus
1012 3596 1064 3633 von
1080 3578 1232 3632 Reucblius
1248 3578 1453 3649 Augenspiegel
1472 3578 1516 3633 ein
1528 3580 1629 3635 kaiser-

324 3660 411 3715 licbea
424 3660 539 3713 Mandat
553 3660 673 3729 erwirkt,
685 3660 805 3713 daurom
819 3658 845 3713 7.
858 3657 983 3713 Oktober
996 3658 1183 3712 reiectanea
1195 3660 1249 3711 nini
1261 3676 1322 3712 vom
1335 3659 1441 3713 Klilner
1451 3658 1629 3715 Erebischofe

323 3758 369 3795 arn
391 3740 437 3792 27.
458 3739 528 3794 Nov.
549 3740 711 3809 publiciert,
731 3740 839 3793 auden
859 3738 1041 3793 Frankfurter
1061 3738 1115 3793 Rat
1137 3739 1241 3808 jcdoch
1262 3745 1318 3792 emt
1336 3756 1380 3793 am
1403 3738 1627 3795 santernum

323 3820 487 3890 abgegeben
515 3820 573 3873 sein
603 3820 662 3874 soll.
711 3819 776 3895 vgl.
796 3818 907 3890 Geiger,
927 3819 1065 3873 Reuchlin
1086 3818 1112 3874 S.
1136 3818 1201 3871 269.
1252 3818 1311 3873 Der
1337 3818 1409 3873 Text
1442 3820 1491 3873 des
1519 3820 1628 3876 kaiserl.

324 3899 451 3953 Mandata
466 3917 494 3955 u.
511 3917 534 3952 a
556 3899 584 3952 in
606 3900 654 3954 der
667 3897 801 3953 Defensio
819 3905 916 3953 contra
934 3898 1061 3958 famosas.
1102 3898 1489 3967 Hutt.0p.Snppl.l,12718.
1522 3900 1628 3972 Kamp-

323 3980 432 4033 schulta
462 3978 498 4048 (Ι,
521 3978 576 4031 183
605 3978 679 4032 Anrn
707 3976 735 4049 1)
768 3978 856 4033 denkt
890 3980 942 4032 mit
975 3978 1101 4034 Unrecht
1131 3996 1165 4032 an
1200 3977 1261 4031 eine
1292 3980 1393 4033 andere
1422 3978 1629 4053 Verdanrmung

322 4059 483 4115 Reuchlins.
1281 4098 1284 4103 .
1635 4086 1641 4097 ·

384 4134 398 4177 ²
419 4139 507 4194 danus
527 4138 656 4195 Urbicus.
698 4139 762 4210 vgl.
783 4140 837 4192 den
856 4138 970 4209 rotigen
991 4136 1075 4193 Brief.

383 4213 398 4258 ³
417 4218 530 4273 Remed.
540 4236 596 4272 am.
612 4218 676 4271 572.

363 4294 396 4376 ,⁴
417 4299 560 4353 Mercator.
601 4299 664 4369 Vgl.
685 4298 822 4364 Erasmus,
843 4297 951 4368 Adagia
971 4316 997 4367 p.
1019 4297 1066 4353 34.

378 4374 393 4418 ⁵
413 4379 466 4432 Ein
487 4379 597 4433 solcher
618 4378 779 4447 Ausspruch
799 4376 886 4440 findet
905 4378 965 4431 sich
983 4378 1029 4431 bei
1048 4376 1156 4431 Penius
1177 4376 1262 4431 nicht.

382 4454 396 4498 ⁶
413 4457 528 4514 Catonis
545 4457 674 4512 Disticha
690 4458 729 4526 11,
751 4456 796 4510 28.

384 4534 530 4609 ⁷Lucrez,
553 4538 597 4593 De
615 4556 707 4593 rerum
729 4543 827 4592 natura
846 4536 1001 4611 11,1-2.
