3625 5192
323 352 373 407 108
733 352 994 423 Gesclrichtsqucllen
1013 356 1061 409 der
1079 356 1152 410 Pror.
1173 356 1296 411 Sachsen.

321 499 511 584 turpitudini
544 501 702 576 censebit,
734 504 827 583 quasi
847 502 1012 569 moderata
1038 523 1107 568 oum
1131 504 1268 586 vigiliis,
1293 503 1418 586 inedia,
1439 508 1628 589 precationi-

321 603 379 668 bus
397 604 556 686 virgarum
568 605 720 670 eorrectio
742 625 805 670 non
825 605 868 671 sit
888 606 968 671 satis
989 607 1031 671 ad
1050 605 1233 672 diluendam
1255 606 1381 673 labem?
1422 608 1520 674 Dolor
1540 628 1629 693 puer-

322 708 401 791 perii
425 726 576 792 penarum
599 714 647 773 est
668 709 816 773 maxima.
857 708 941 785 Quot
969 715 1110 774 matrone
1134 709 1277 774 abortum
1305 710 1399 775 enixe
1421 712 1528 776 statim
1555 731 1628 776 exa-

320 810 493 875 nimantur!
534 810 593 890 Et,
614 810 723 892 credo,
743 811 807 875 iam
829 811 947 876 misera
967 812 1097 877 clamat:
1126 812 1230 893 „Iuno
1251 813 1385 893 Lucina,
1408 814 1454 878 fer·
1474 815 1628 897 opem¹l“

213 922 216 926 ’
320 912 529 995 Hieronymus
540 914 634 977 trium
645 912 809 978 criminum
821 932 893 979 reas
903 932 974 979 esso
984 913 1628 995 eleganter*traditteminasClrristianas,

226 1073 229 1082 .
321 1034 382 1096 que
403 1008 599 1098 ἐκτρώματαε
622 1015 780 1093 abortum,
799 1016 992 1081 meditantur
1013 1035 1067 1082 seu
1093 1016 1271 1082 abortivum
1297 1024 1329 1082 et
1354 1017 1533 1099 frequenter
1559 1019 1629 1101 ipse

320 1118 513 1182 cumabortn
529 1117 711 1183 moriuntur.
753 1120 852 1198 „Sunt
873 1120 988 1201 enim“,
1010 1120 1113 1201 inquit
1135 1118 1318 1199 „homicide
1328 1118 1387 1201 sui,
1412 1119 1530 1185 Christi
1542 1120 1629 1185 adul-

320 1226 402 1298 tere,
428 1219 561 1284 necdum
586 1219 733 1284 natifilii
760 1219 950 1303 parricidc.“
998 1221 1108 1287 Cicero
1136 1222 1169 1286 in
1198 1222 1339 1287 oratione
1369 1242 1425 1305 pro
1452 1222 1595 1288 Cluentio
1605 1225 1628 1303 2,

319 1322 403 1402 quod
429 1321 462 1385 in
497 1321 587 1388 libris
615 1322 816 1404 Digestorum
852 1324 943 1390 titulo
974 1324 1015 1389 de
1044 1324 1160 1408 penis³
1188 1324 1355 1407 repetitum
1381 1331 1442 1404 est,
1469 1323 1626 1390 Milesiam

319 1422 479 1505 quandam
495 1423 543 1488 ait
563 1424 608 1487 rei
630 1424 859 1507 capitalisesse
872 1424 1066 1506 damnatam,
1088 1425 1171 1507 quod
1192 1432 1326 1509 accepta
1348 1428 1482 1509 pecunia
1503 1434 1625 1510 partum

319 1525 382 1589 sibi
412 1526 484 1607 ipsa
505 1525 746 1591 medicamentis
771 1527 941 1610 abegisset.
994 1528 1106 1593 Verum
1134 1548 1226 1593 nemo
1252 1534 1344 1611 coget
1370 1528 1506 1593 amicam
1530 1535 1627 1607 tuam,

321 1625 465 1709 Urbane,
499 1636 684 1712 conceptum
712 1647 733 1691 a
761 1649 795 1695 sc
820 1629 960 1712 abigere.
1007 1631 1156 1695 Solvatur
1182 1631 1278 1695 vulva
1304 1631 1336 1695 in
1366 1632 1493 1695 nomine
1518 1638 1628 1697 sancte

320 1729 466 1808 lunonis,
493 1750 565 1794 mox
594 1730 777 1814 imploretur
803 1730 881 1797 diva
907 1731 1048 1814 Cuuina,
1079 1753 1141 1815 que
1167 1732 1305 1799 infantes
1332 1740 1435 1798 tuetur
1465 1732 1497 1798 in
1527 1733 1627 1798 cunis.
1657 1753 1660 1760 ·

319 1830 435 1895 Adsint
465 1833 566 1898 eciam
598 1833 780 1910 Statilium,
818 1836 985 1916 Statanns,
1019 1834 1208 1910 Fabulinus,
1232 1834 1424 1917 vagituum,
1464 1834 1626 1914 Pilunnus,

320 1933 494 2017 Picunuus,
516 1936 660 2017 Levana,
680 1936 831 2016 Rumina,
858 1936 1008 2018 Edulica,
1036 1938 1150 2002 Potina
1174 1944 1206 2002 et
1227 1938 1341 2003 Darne.
1390 1937 1475 2001 Dent
1498 1938 1625 2001 veniam

320 2038 493 2121 prrerpereb
510 2044 646 2121 quatuor
664 2038 720 2103 ille
740 2039 842 2123 prime
861 2040 1005 2105 Vestales
1026 2060 1047 2104 a
1067 2040 1172 2105 Numa
1194 2038 1294 2105 electe
1304 2039 1460 2121 Gegania,
1483 2039 1625 2116 Berenia,

320 2138 478 2215 Camillia,
499 2140 648 2225 Tarpeia.

572 2265 756 2345 „Inclusam
778 2266 912 2331 Danaen
935 2266 1030 2333 turris
1051 2266 1174 2332 ahenea

576 2367 777 2451 Robusteque
798 2369 881 2434 tbres
902 2374 934 2435 et
956 2368 1088 2450 vigilum
1111 2388 1223 2440 canum

570 2468 692 2535 Tristes
712 2470 846 2535 excubie
868 2470 1047 2536 munierant
1069 2470 1149 2537 satis

571 2572 742 2637 Nocturnis
763 2574 806 2637 ab
821 2572 985 2653 adulteris,

571 2674 689 2739 Sinon
711 2675 868 2741 Acrisium
889 2675 1025 2760 virginis
1048 2674 1158 2742 abdite

563 2776 740 2850 ¹Custodem
769 2776 921 2862 pavidum
947 2779 1066 2862 iupiter
1092 2784 1124 2843 et
1141 2778 1249 2844 Venus

571 2878 777 2973 Risissentlf‘
897 2916 902 2923 ·

319 3000 390 3077 Qua
420 3018 454 3063 re
491 2999 578 3063 nulla
605 3000 734 3084 prodest
763 2999 909 3066 custodia
939 3000 1041 3066 severi
1073 3000 1240 3085 prepositi,
1277 3002 1437 3083 quamvis,
1465 3009 1499 3068 ut
1527 3000 1630 3083 inquit

322 3101 518 3185 vergilium:

472 3217 694 3298 „Vestibulum
715 3227 790 3283 ante
811 3219 915 3305 ipsum
937 3220 1110 3302 primisque
1131 3220 1162 3284 in
1185 3218 1328 3283 lancibus
1348 3218 1421 3285 Orci

471 3320 587 3386 Lurctns
608 3331 639 3387 et
659 3322 788 3387 ultrices
809 3341 942 3405 posuere
964 3321 1083 3387 cubilia
1103 3324 1205 3386 oure.“

401 3445 535 3509 Preterit
562 3446 646 3511 eninr
673 3447 815 3511 curiosus
845 3454 968 3510 amator
991 3444 1066 3511 edes
1095 3446 1240 3511 ianitoris
1268 3464 1392 3529 semper
1426 3444 1565 3526 lugentis
1598 3451 1630 3509 ct

319 3547 451 3612 assidua
471 3566 547 3613 cura
566 3548 701 3631 primum
721 3547 843 3613 aditum
859 3550 1067 3621 observantis,
1092 3548 1207 3629 quibus
1229 3548 1391 3629 preteritis
1412 3546 1554 3629 subrepit
1575 3566 1631 3630 per

320 3649 509 3732 posticulum
530 3650 620 3715 iuxta
639 3650 732 3716 illuri:
754 3651 868 3732 „Atria
890 3659 1068 3715 servantem
1092 3650 1213 3731 postico
1234 3649 1520 3715 lalleolieotenr⁶.“
1563 3647 1628 3713 Sed

321 3770 468 3833 quorsom
491 3751 574 3818 hec?
616 3753 659 3817 Ut
679 3754 834 3837 operirem
856 3753 914 3817 tibi
937 3753 1034 3833 vium,
1056 3772 1148 3835 quam
1173 3760 1203 3815 tn
1223 3754 1336 3818 melius
1350 3752 1432 3817 nosti
1446 3771 1540 3834 qnam
1559 3770 1629 3832 ego,

321 3854 381 3918 boc
394 3861 450 3925 est,
464 3861 497 3917 ut
510 3855 736 3921 consolationis
746 3854 886 3919 remedio
894 3874 987 3938 opem
1000 3856 1121 3921 terrem.
1152 3855 1360 3921 Recreabcris
1371 3854 1454 3919 enim
1468 3873 1488 3917 a
1500 3871 1630 3933 merore,

321 3958 348 4020 si
369 3957 568 4040 perspexeris
588 3957 700 4021 abesse
721 3958 856 4039 rigorem
878 3956 1000 4038 antiqui
1022 3956 1099 4020 iuris
1120 3956 1289 4040 pontificii,
1312 3958 1343 4020 in
1365 3975 1427 4039 quo
1448 3954 1628 4036 legebatur:

321 4058 497 4139 „incestum
511 4058 674 4143 pontifices
689 4078 834 4143 supremo
849 4059 1007 4143 supplicio
1020 4060 1251 4124 sanciuntow‘
1291 4057 1400 4122 Eciam
1413 4057 1500 4139 leges
1521 4057 1566 4121 uti
1576 4057 1631 4121 ho-

320 4160 421 4227 mines
442 4169 609 4227 senescunt
630 4169 662 4227 et
682 4163 883 4227 emoriuntur.
926 4162 1053 4226 Testem
1076 4160 1177 4226 babeo
1199 4160 1377 4244 Baptistam
1399 4158 1618 4223 Mantuanum:

391 4265 403 4291 ‘¹
424 4271 446 4314 Ι«1
459 4283 513 4316 reas
532 4270 660 4328 eleganter
678 4282 740 4315 osse.
814 4252 825 4287 ¹¹
843 4269 868 4312 1⁷¹
882 4282 1016 4327 puerpura.
1087 4260 1097 4289 ⁶
1116 4268 1141 4312 1¹¹
1154 4266 1290 4315 sauciuuto.

385 4422 395 4465 ¹
418 4426 525 4481 Terent
543 4424 681 4495 Adelpboi
696 4424 747 4494 111,
760 4424 784 4477 5.
797 4422 844 4476 41.
887 4418 1017 4478 2Ονειῐὶο
1045 4441 1096 4494 pro
1125 4420 1254 4477 Cluentio
1275 4422 1379 4477 Habito
1401 4418 1500 4475 X132.
1542 4413 1557 4458 ὅ
1580 4418 1629 4472 Di-

322 4514 399 4579 gesta
410 4506 602 4576 XXXXVIH,
617 4506 659 4560 19.
671 4505 719 4560 39.
762 4501 776 4542 ⁴
798 4504 898 4563 floran.
909 4502 986 4558 Oden
998 4502 1041 4557 111
1055 4502 1099 4556 16.
1114 4504 1175 4555 1-
1186 4502 1209 4556 7.
1251 4497 1265 4541 ⁵
1286 4500 1390 4557 Aeneis
1402 4501 1452 4572 vt,
1463 4500 1552 4555 273-
1564 4498 1630 4555 274.

322 4582 336 4627 θ
356 4587 455 4645 Horae,
478 4586 603 4660 Epistcln
620 4586 642 4658 1,
659 4584 685 4642 b.
696 4585 743 4643 31.
787 4580 799 4625 ⁷
820 4582 925 4643 Cicero.
965 4584 1009 4641 De
1030 4584 1140 4659 legibus
1154 4583 1190 4640 11.
1203 4583 1230 4657 9,
1241 4582 1286 4637 22.
