<?xml version="1.0" encoding="UTF-8"?>
<!DOCTYPE html PUBLIC "-//W3C//DTD XHTML 1.0 Transitional//EN"
    "http://www.w3.org/TR/xhtml1/DTD/xhtml1-transitional.dtd">
<html xmlns="http://www.w3.org/1999/xhtml" xml:lang="en" lang="en">
 <head>
  <title>
</title>
<meta http-equiv="Content-Type" content="text/html;charset=utf-8" />
  <meta name='ocr-system' content='tesseract 3.04.00' />
  <meta name='ocr-capabilities' content='ocr_page ocr_carea ocr_par ocr_line ocrx_word'/>
</head>
<body>
  <div class='ocr_page' id='page_1' title='image "./derbriefwechsel00sachgoog_0317.png"; bbox 0 0 3625 5192; ppageno 0'>
   <div class='ocr_carea' id='block_1_1' title="bbox 299 349 1246 420">
    <p class='ocr_par' dir='ltr' id='par_1_1' title="bbox 299 349 1246 420">
     <span class='ocr_line' id='line_1_1' title="bbox 299 349 1246 420; baseline -0.004 -14"><span class='ocrx_word' id='word_1_1' title='bbox 299 353 352 406; x_wconf 80' lang='lat'>248</span> <span class='ocrx_word' id='word_1_2' title='bbox 683 349 943 420; x_wconf 86' lang='lat' dir='ltr'>Gcsehichtsquellen</span> <span class='ocrx_word' id='word_1_3' title='bbox 953 351 1010 406; x_wconf 81' lang='lat' dir='ltr'>der</span> <span class='ocrx_word' id='word_1_4' title='bbox 1027 349 1102 406; x_wconf 83' lang='lat' dir='ltr'>Pron.</span> <span class='ocrx_word' id='word_1_5' title='bbox 1115 349 1246 405; x_wconf 65' lang='lat' dir='ltr'>‘Seobsen</span> 
     </span>
    </p>
   </div>
   <div class='ocr_carea' id='block_1_2' title="bbox 300 475 1607 886">
    <p class='ocr_par' dir='ltr' id='par_1_2' title="bbox 300 475 1607 886">
     <span class='ocr_line' id='line_1_2' title="bbox 301 475 1606 583; baseline -0.002 -19"><span class='ocrx_word' id='word_1_6' title='bbox 301 501 340 564; x_wconf 80' lang='lat' dir='ltr'>Si</span> <span class='ocrx_word' id='word_1_7' title='bbox 366 501 448 565; x_wconf 93' lang='lat' dir='ltr'>enim</span> <span class='ocrx_word' id='word_1_8' title='bbox 471 508 501 564; x_wconf 88' lang='lat' dir='ltr'>te</span> <span class='ocrx_word' id='word_1_9' title='bbox 523 475 693 581; x_wconf 75' lang='lat' dir='ltr'>lantopere</span> <span class='ocrx_word' id='word_1_10' title='bbox 719 499 857 565; x_wconf 86' lang='lat' dir='ltr'>delectat</span> <span class='ocrx_word' id='word_1_11' title='bbox 881 501 953 583; x_wconf 84' lang='lat' dir='ltr'>ipsa</span> <span class='ocrx_word' id='word_1_12' title='bbox 974 507 1071 579; x_wconf 89' lang='lat' dir='ltr'>terra,</span> <span class='ocrx_word' id='word_1_13' title='bbox 1096 499 1261 580; x_wconf 86' lang='lat' dir='ltr'>permittas</span> <span class='ocrx_word' id='word_1_14' title='bbox 1282 498 1356 564; x_wconf 87' lang='lat' dir='ltr'>aliis</span> <span class='ocrx_word' id='word_1_15' title='bbox 1379 499 1479 563; x_wconf 90' lang='lat' dir='ltr'>celum</span> <span class='ocrx_word' id='word_1_16' title='bbox 1505 497 1606 581; x_wconf 85' lang='lat' dir='ltr'>suspi-</span> 
     </span>
     <span class='ocr_line' id='line_1_3' title="bbox 300 600 1607 686; baseline -0.002 -20"><span class='ocrx_word' id='word_1_17' title='bbox 300 621 372 667; x_wconf 85' lang='lat' dir='ltr'>cere</span> <span class='ocrx_word' id='word_1_18' title='bbox 399 611 431 667; x_wconf 90' lang='lat' dir='ltr'>et</span> <span class='ocrx_word' id='word_1_19' title='bbox 457 603 520 686; x_wconf 92' lang='lat' dir='ltr'>piis</span> <span class='ocrx_word' id='word_1_20' title='bbox 542 603 658 667; x_wconf 82' lang='lat' dir='ltr'>fabulis</span> <span class='ocrx_word' id='word_1_21' title='bbox 676 603 746 665; x_wconf 84' lang='lat' dir='ltr'>niti.</span> <span class='ocrx_word' id='word_1_22' title='bbox 794 602 877 666; x_wconf 87' lang='lat' dir='ltr'>Nam</span> <span class='ocrx_word' id='word_1_23' title='bbox 902 603 1019 682; x_wconf 86' lang='lat' dir='ltr'>recepti</span> <span class='ocrx_word' id='word_1_24' title='bbox 1048 619 1154 665; x_wconf 85' lang='lat' dir='ltr'>sunrus</span> <span class='ocrx_word' id='word_1_25' title='bbox 1181 603 1215 665; x_wconf 93' lang='lat' dir='ltr'>in</span> <span class='ocrx_word' id='word_1_26' title='bbox 1236 601 1365 665; x_wconf 84' lang='lat' dir='ltr'>tutelam</span> <span class='ocrx_word' id='word_1_27' title='bbox 1384 601 1445 664; x_wconf 89' lang='lat' dir='ltr'>Dei</span> <span class='ocrx_word' id='word_1_28' title='bbox 1469 600 1607 665; x_wconf 87' lang='lat' dir='ltr'>viventis</span> 
     </span>
     <span class='ocr_line' id='line_1_4' title="bbox 302 702 1607 787; baseline -0.003 -19"><span class='ocrx_word' id='word_1_29' title='bbox 302 712 333 768; x_wconf 87' lang='lat' dir='ltr'>et</span> <span class='ocrx_word' id='word_1_30' title='bbox 365 706 498 768; x_wconf 87' lang='lat' dir='ltr'>latemur</span> <span class='ocrx_word' id='word_1_31' title='bbox 533 725 601 768; x_wconf 90' lang='lat' dir='ltr'>cum</span> <span class='ocrx_word' id='word_1_32' title='bbox 624 705 767 787; x_wconf 83' lang='lat' dir='ltr'>apostolo</span> <span class='ocrx_word' id='word_1_33' title='bbox 800 706 964 787; x_wconf 88' lang='lat' dir='ltr'>peccatum</span> <span class='ocrx_word' id='word_1_34' title='bbox 997 720 1082 781; x_wconf 86' lang='lat' dir='ltr'>esse,</span> <span class='ocrx_word' id='word_1_35' title='bbox 1113 702 1263 783; x_wconf 82' lang='lat' dir='ltr'>quicquid</span> <span class='ocrx_word' id='word_1_36' title='bbox 1291 710 1382 767; x_wconf 86' lang='lat' dir='ltr'>extra</span> <span class='ocrx_word' id='word_1_37' title='bbox 1409 702 1503 766; x_wconf 86' lang='lat' dir='ltr'>lidem</span> <span class='ocrx_word' id='word_1_38' title='bbox 1529 704 1607 786; x_wconf 57' lang='lat' dir='ltr'>cell,</span> 
     </span>
     <span class='ocr_line' id='line_1_5' title="bbox 300 804 1606 886; baseline -0.003 -16"><span class='ocrx_word' id='word_1_39' title='bbox 300 805 412 872; x_wconf 82' lang='lat' dir='ltr'><strong>Fidem</strong></span> <span class='ocrx_word' id='word_1_40' title='bbox 432 807 567 871; x_wconf 79' lang='lat' dir='ltr'>dicimus</span> <span class='ocrx_word' id='word_1_41' title='bbox 586 825 647 870; x_wconf 92' lang='lat' dir='ltr'>non</span> <span class='ocrx_word' id='word_1_42' title='bbox 670 805 755 868; x_wconf 92' lang='lat' dir='ltr'>illam</span> <span class='ocrx_word' id='word_1_43' title='bbox 777 806 932 869; x_wconf 84' lang='lat' dir='ltr'>dictorum</span> <span class='ocrx_word' id='word_1_44' title='bbox 953 804 1167 886; x_wconf 86' lang='lat' dir='ltr'>factorumque</span> <span class='ocrx_word' id='word_1_45' title='bbox 1187 805 1411 884; x_wconf 73' lang='lat' dir='ltr'>constanciam,</span> <span class='ocrx_word' id='word_1_46' title='bbox 1433 804 1488 869; x_wconf 88' lang='lat' dir='ltr'>sed</span> <span class='ocrx_word' id='word_1_47' title='bbox 1505 804 1606 886; x_wconf 90' lang='lat' dir='ltr'>opini-</span> 
     </span>
    </p>
   </div>
   <div class='ocr_carea' id='block_1_3' title="bbox 170 881 1607 993">
    <p class='ocr_par' dir='ltr' id='par_1_3' title="bbox 170 881 1607 993">
     <span class='ocr_line' id='line_1_6' title="bbox 170 881 1607 993; baseline -0.004 -20"><span class='ocrx_word' id='word_1_48' title='bbox 170 881 173 888; x_wconf 33' lang='lat'><strong><em>¹</em></strong></span> <span class='ocrx_word' id='word_1_49' title='bbox 228 988 231 993; x_wconf 21' lang='grc' dir='ltr'>Ι</span> <span class='ocrx_word' id='word_1_50' title='bbox 301 929 392 974; x_wconf 86' lang='lat' dir='ltr'>onem</span> <span class='ocrx_word' id='word_1_51' title='bbox 413 905 453 972; x_wconf 91' lang='lat' dir='ltr'>de</span> <span class='ocrx_word' id='word_1_52' title='bbox 474 909 568 973; x_wconf 89' lang='lat' dir='ltr'>rebus</span> <span class='ocrx_word' id='word_1_53' title='bbox 588 905 717 986; x_wconf 88' lang='lat' dir='ltr'>divinis,</span> <span class='ocrx_word' id='word_1_54' title='bbox 739 907 831 988; x_wconf 89' lang='lat' dir='ltr'>quasi</span> <span class='ocrx_word' id='word_1_55' title='bbox 851 907 1012 989; x_wconf 86' lang='lat' dir='ltr'>quandam</span> <span class='ocrx_word' id='word_1_56' title='bbox 1035 907 1195 990; x_wconf 80' lang='lat' dir='ltr'>publicam</span> <span class='ocrx_word' id='word_1_57' title='bbox 1211 905 1435 972; x_wconf 85' lang='lat' dir='ltr'>credulitatem·</span> <span class='ocrx_word' id='word_1_58' title='bbox 1447 913 1480 970; x_wconf 93' lang='lat' dir='ltr'>et</span> <span class='ocrx_word' id='word_1_59' title='bbox 1493 908 1607 970; x_wconf 72' lang='lat' dir='ltr'>noctu-</span> 
     </span>
    </p>
   </div>
   <div class='ocr_carea' id='block_1_4' title="bbox 300 1003 1609 1603">
    <p class='ocr_par' dir='ltr' id='par_1_4' title="bbox 300 1003 1609 1603">
     <span class='ocr_line' id='line_1_7' title="bbox 301 1003 1608 1093; baseline -0.003 -19"><span class='ocrx_word' id='word_1_60' title='bbox 301 1029 387 1074; x_wconf 87' lang='lat' dir='ltr'>0sam</span> <span class='ocrx_word' id='word_1_61' title='bbox 409 1011 653 1093; x_wconf 83' lang='lat' dir='ltr'>persuasionem.</span> <span class='ocrx_word' id='word_1_62' title='bbox 697 1009 743 1074; x_wconf 81' lang='lat' dir='ltr'>Ea</span> <span class='ocrx_word' id='word_1_63' title='bbox 756 1003 874 1072; x_wconf 73' lang='lat' dir='ltr'>tastum</span> <span class='ocrx_word' id='word_1_64' title='bbox 897 1007 1101 1092; x_wconf 73' lang='lat' dir='ltr'>pollet‘apnd</span> <span class='ocrx_word' id='word_1_65' title='bbox 1123 1008 1245 1073; x_wconf 80' lang='lat' dir='ltr'>omnis·</span> <span class='ocrx_word' id='word_1_66' title='bbox 1265 1015 1386 1088; x_wconf 83' lang='lat' dir='ltr'>gentes,</span> <span class='ocrx_word' id='word_1_67' title='bbox 1408 1016 1442 1071; x_wconf 90' lang='lat' dir='ltr'>ut</span> <span class='ocrx_word' id='word_1_68' title='bbox 1461 1006 1608 1072; x_wconf 88' lang='lat' dir='ltr'>credatur</span> 
     </span>
     <span class='ocr_line' id='line_1_8' title="bbox 300 1096 1608 1194; baseline 0 -20"><span class='ocrx_word' id='word_1_69' title='bbox 300 1112 396 1194; x_wconf 85' lang='lat' dir='ltr'>vulgo</span> <span class='ocrx_word' id='word_1_70' title='bbox 422 1113 514 1177; x_wconf 89' lang='lat' dir='ltr'>nobis</span> <span class='ocrx_word' id='word_1_71' title='bbox 540 1112 634 1176; x_wconf 84' lang='lat' dir='ltr'>datas</span> <span class='ocrx_word' id='word_1_72' title='bbox 662 1132 731 1176; x_wconf 87' lang='lat' dir='ltr'>esse</span> <span class='ocrx_word' id='word_1_73' title='bbox 758 1113 865 1175; x_wconf 86' lang='lat' dir='ltr'>claves</span> <span class='ocrx_word' id='word_1_74' title='bbox 893 1111 983 1192; x_wconf 85' lang='lat' dir='ltr'>regni</span> <span class='ocrx_word' id='word_1_75' title='bbox 1013 1111 1157 1175; x_wconf 88' lang='lat' dir='ltr'>celorum.</span> <span class='ocrx_word' id='word_1_76' title='bbox 1195 1096 1355 1191; x_wconf 73' lang='lat' dir='ltr'>‘Quisquis</span> <span class='ocrx_word' id='word_1_77' title='bbox 1382 1111 1481 1192; x_wconf 82' lang='lat' dir='ltr'>igitur</span> <span class='ocrx_word' id='word_1_78' title='bbox 1501 1109 1608 1174; x_wconf 85' lang='lat' dir='ltr'>claves</span> 
     </span>
     <span class='ocr_line' id='line_1_9' title="bbox 300 1210 1608 1298; baseline -0.002 -20"><span class='ocrx_word' id='word_1_79' title='bbox 300 1221 425 1278; x_wconf 85' lang='lat' dir='ltr'>nostras</span> <span class='ocrx_word' id='word_1_80' title='bbox 445 1215 696 1298; x_wconf 65' lang='lat' dir='ltr'>contempseritb,</span> <span class='ocrx_word' id='word_1_81' title='bbox 718 1214 885 1278; x_wconf 83' lang='lat' dir='ltr'>clavum&#39;et</span> <span class='ocrx_word' id='word_1_82' title='bbox 901 1214 1025 1277; x_wconf 87' lang='lat' dir='ltr'>clavam</span> <span class='ocrx_word' id='word_1_83' title='bbox 1040 1213 1172 1280; x_wconf 83' lang='lat' dir='ltr'>sentiet¹</span> <span class='ocrx_word' id='word_1_84' title='bbox 1199 1212 1363 1277; x_wconf 78' lang='lat' dir='ltr'>Cornelius</span> <span class='ocrx_word' id='word_1_85' title='bbox 1374 1211 1483 1296; x_wconf 81' lang='lat' dir='ltr'><strong>Nepos</strong></span> <span class='ocrx_word' id='word_1_86' title='bbox 1497 1210 1608 1276; x_wconf 83' lang='lat' dir='ltr'><strong>author</strong></span> 
     </span>
     <span class='ocr_line' id='line_1_10' title="bbox 300 1312 1609 1398; baseline -0.004 -18"><span class='ocrx_word' id='word_1_87' title='bbox 300 1323 349 1380; x_wconf 89' lang='lat' dir='ltr'>est</span> <span class='ocrx_word' id='word_1_88' title='bbox 378 1317 550 1398; x_wconf 90' lang='lat' dir='ltr'>Pomponio</span> <span class='ocrx_word' id='word_1_89' title='bbox 572 1316 677 1379; x_wconf 83' lang='lat' dir='ltr'>Attico</span> <span class='ocrx_word' id='word_1_90' title='bbox 700 1322 807 1379; x_wconf 89' lang='lat' dir='ltr'>natum</span> <span class='ocrx_word' id='word_1_91' title='bbox 834 1315 931 1380; x_wconf 87' lang='lat' dir='ltr'>fuisse</span> <span class='ocrx_word' id='word_1_92' title='bbox 958 1315 1100 1378; x_wconf 77' lang='lat' dir='ltr'>clavum⁰</span> <span class='ocrx_word' id='word_1_93' title='bbox 1126 1314 1363 1379; x_wconf 64' lang='lat' dir='ltr'>insanabilem.</span> <span class='ocrx_word' id='word_1_94' title='bbox 1405 1312 1549 1377; x_wconf 86' lang='lat' dir='ltr'>Herculis</span> <span class='ocrx_word' id='word_1_95' title='bbox 1577 1318 1609 1375; x_wconf 90' lang='lat' dir='ltr'>et</span> 
     </span>
     <span class='ocr_line' id='line_1_11' title="bbox 302 1414 1608 1499; baseline -0.004 -19"><span class='ocrx_word' id='word_1_96' title='bbox 302 1418 457 1496; x_wconf 72' lang='lat' dir='ltr'>Diogenis</span> <span class='ocrx_word' id='word_1_97' title='bbox 485 1418 607 1481; x_wconf 89' lang='lat' dir='ltr'>clavam</span> <span class='ocrx_word' id='word_1_98' title='bbox 634 1417 754 1481; x_wconf 90' lang='lat' dir='ltr'>vidisti.</span> <span class='ocrx_word' id='word_1_99' title='bbox 808 1417 874 1480; x_wconf 90' lang='lat' dir='ltr'>Nos</span> <span class='ocrx_word' id='word_1_100' title='bbox 902 1417 1000 1499; x_wconf 84' lang='lat' dir='ltr'>igitur</span> <span class='ocrx_word' id='word_1_101' title='bbox 1031 1423 1175 1499; x_wconf 84' lang='lat' dir='ltr'>pastores</span> <span class='ocrx_word' id='word_1_102' title='bbox 1199 1423 1233 1480; x_wconf 92' lang='lat' dir='ltr'>et</span> <span class='ocrx_word' id='word_1_103' title='bbox 1260 1414 1402 1498; x_wconf 83' lang='lat' dir='ltr'>episcopi</span> <span class='ocrx_word' id='word_1_104' title='bbox 1432 1414 1608 1497; x_wconf 87' lang='lat' dir='ltr'>(presbyter</span> 
     </span>
     <span class='ocr_line' id='line_1_12' title="bbox 300 1517 1608 1603; baseline -0.002 -20"><span class='ocrx_word' id='word_1_105' title='bbox 300 1520 384 1583; x_wconf 88' lang='lat' dir='ltr'>enirn</span> <span class='ocrx_word' id='word_1_106' title='bbox 399 1526 430 1584; x_wconf 91' lang='lat' dir='ltr'>et</span> <span class='ocrx_word' id='word_1_107' title='bbox 450 1520 619 1603; x_wconf 89' lang='lat' dir='ltr'>episcopus</span> <span class='ocrx_word' id='word_1_108' title='bbox 639 1519 671 1582; x_wconf 93' lang='lat' dir='ltr'>in</span> <span class='ocrx_word' id='word_1_109' title='bbox 693 1518 888 1583; x_wconf 82' lang='lat' dir='ltr'>multislocis</span> <span class='ocrx_word' id='word_1_110' title='bbox 905 1538 1063 1583; x_wconf 86' lang='lat' dir='ltr'>sacrarum</span> <span class='ocrx_word' id='word_1_111' title='bbox 1075 1519 1235 1583; x_wconf 86' lang='lat' dir='ltr'>literarum</span> <span class='ocrx_word' id='word_1_112' title='bbox 1247 1518 1333 1582; x_wconf 90' lang='lat' dir='ltr'>idem</span> <span class='ocrx_word' id='word_1_113' title='bbox 1344 1518 1430 1598; x_wconf 81' lang='lat' dir='ltr'>sunt)</span> <span class='ocrx_word' id='word_1_114' title='bbox 1451 1517 1564 1599; x_wconf 83' lang='lat' dir='ltr'>grandi</span> <span class='ocrx_word' id='word_1_115' title='bbox 1577 1524 1608 1580; x_wconf 90' lang='lat' dir='ltr'>te</span> 
     </span>
    </p>
   </div>
   <div class='ocr_carea' id='block_1_5' title="bbox 201 1618 1607 1702">
    <p class='ocr_par' dir='ltr' id='par_1_5' title="bbox 201 1618 1607 1702">
     <span class='ocr_line' id='line_1_13' title="bbox 201 1618 1607 1702; baseline -0.004 -18"><span class='ocrx_word' id='word_1_116' title='bbox 201 1665 204 1669; x_wconf 89' lang='lat'><em>-</em></span> <span class='ocrx_word' id='word_1_117' title='bbox 301 1621 392 1684; x_wconf 83' lang='lat' dir='ltr'>clava</span> <span class='ocrx_word' id='word_1_118' title='bbox 414 1621 664 1699; x_wconf 87' lang='lat' dir='ltr'>verberabimus,</span> <span class='ocrx_word' id='word_1_119' title='bbox 696 1622 757 1684; x_wconf 90' lang='lat' dir='ltr'>nisi</span> <span class='ocrx_word' id='word_1_120' title='bbox 778 1621 938 1685; x_wconf 88' lang='lat' dir='ltr'>mandatis</span> <span class='ocrx_word' id='word_1_121' title='bbox 959 1620 1075 1684; x_wconf 83' lang='lat' dir='ltr'>nostris</span> <span class='ocrx_word' id='word_1_122' title='bbox 1096 1621 1162 1683; x_wconf 86' lang='lat' dir='ltr'>zelo</span> <span class='ocrx_word' id='word_1_123' title='bbox 1183 1620 1310 1702; x_wconf 90' lang='lat' dir='ltr'>publico</span> <span class='ocrx_word' id='word_1_124' title='bbox 1330 1618 1607 1702; x_wconf 79' lang='lat' dir='ltr'>obtemperaveris.</span> 
     </span>
    </p>
   </div>
   <div class='ocr_carea' id='block_1_6' title="bbox 300 1721 1609 2210">
    <p class='ocr_par' dir='ltr' id='par_1_6' title="bbox 300 1721 1609 2210">
     <span class='ocr_line' id='line_1_14' title="bbox 301 1721 1608 1807; baseline -0.004 -20"><span class='ocrx_word' id='word_1_125' title='bbox 301 1722 520 1788; x_wconf 74' lang='lat' dir='ltr'>contradices:</span> <span class='ocrx_word' id='word_1_126' title='bbox 542 1723 683 1788; x_wconf 77' lang='lat' dir='ltr'>Clericus</span> <span class='ocrx_word' id='word_1_127' title='bbox 697 1729 827 1807; x_wconf 89' lang='lat' dir='ltr'>portans</span> <span class='ocrx_word' id='word_1_128' title='bbox 838 1743 928 1786; x_wconf 87' lang='lat' dir='ltr'>arma</span> <span class='ocrx_word' id='word_1_129' title='bbox 938 1723 1230 1786; x_wconf 76' lang='lat' dir='ltr'>exmmmuni‘cetur.</span> <span class='ocrx_word' id='word_1_130' title='bbox 1273 1723 1368 1785; x_wconf 90' lang='lat' dir='ltr'>ltem:</span> <span class='ocrx_word' id='word_1_131' title='bbox 1391 1721 1460 1784; x_wconf 91' lang='lat' dir='ltr'>Non</span> <span class='ocrx_word' id='word_1_132' title='bbox 1483 1721 1525 1784; x_wconf 89' lang='lat' dir='ltr'>sit</span> <span class='ocrx_word' id='word_1_133' title='bbox 1538 1738 1608 1804; x_wconf 89' lang='lat' dir='ltr'>per-</span> 
     </span>
     <span class='ocr_line' id='line_1_15' title="bbox 300 1822 1608 1906; baseline -0.004 -17"><span class='ocrx_word' id='word_1_134' title='bbox 300 1844 409 1889; x_wconf 87' lang='lat' dir='ltr'>cussor</span> <span class='ocrx_word' id='word_1_135' title='bbox 437 1825 536 1889; x_wconf 90' lang='lat' dir='ltr'>bonus</span> <span class='ocrx_word' id='word_1_136' title='bbox 566 1824 722 1890; x_wconf 85' lang='lat' dir='ltr'>sacerdos.</span> <span class='ocrx_word' id='word_1_137' title='bbox 774 1824 903 1889; x_wconf 75' lang='lat' dir='ltr'>Frustra</span> <span class='ocrx_word' id='word_1_138' title='bbox 933 1825 1030 1906; x_wconf 85' lang='lat' dir='ltr'>igitur</span> <span class='ocrx_word' id='word_1_139' title='bbox 1051 1823 1146 1889; x_wconf 89' lang='lat' dir='ltr'>minis</span> <span class='ocrx_word' id='word_1_140' title='bbox 1174 1845 1223 1887; x_wconf 91' lang='lat' dir='ltr'>me</span> <span class='ocrx_word' id='word_1_141' title='bbox 1249 1824 1381 1888; x_wconf 87' lang='lat' dir='ltr'>terretis.</span> <span class='ocrx_word' id='word_1_142' title='bbox 1424 1824 1466 1887; x_wconf 80' lang='lat' dir='ltr'>nt</span> <span class='ocrx_word' id='word_1_143' title='bbox 1494 1822 1608 1900; x_wconf 91' lang='lat' dir='ltr'>nescis,</span> 
     </span>
     <span class='ocr_line' id='line_1_16' title="bbox 301 1923 1609 2009; baseline -0.001 -20"><span class='ocrx_word' id='word_1_144' title='bbox 301 1946 362 2006; x_wconf 83' lang='lat' dir='ltr'>oue</span> <span class='ocrx_word' id='word_1_145' title='bbox 383 1926 446 1990; x_wconf 93' lang='lat' dir='ltr'>sint</span> <span class='ocrx_word' id='word_1_146' title='bbox 468 1945 556 1990; x_wconf 86' lang='lat' dir='ltr'>arma</span> <span class='ocrx_word' id='word_1_147' title='bbox 576 1927 701 1992; x_wconf 87' lang='lat' dir='ltr'>detonsi</span> <span class='ocrx_word' id='word_1_148' title='bbox 723 1934 755 1990; x_wconf 91' lang='lat' dir='ltr'>et</span> <span class='ocrx_word' id='word_1_149' title='bbox 775 1927 861 1990; x_wconf 89' lang='lat' dir='ltr'>uncti</span> <span class='ocrx_word' id='word_1_150' title='bbox 883 1927 999 2006; x_wconf 80' lang='lat' dir='ltr'>gregis.</span> <span class='ocrx_word' id='word_1_151' title='bbox 1040 1926 1230 2009; x_wconf 78' lang='lat' dir='ltr'>Accepimus</span> <span class='ocrx_word' id='word_1_152' title='bbox 1247 1926 1287 1990; x_wconf 90' lang='lat' dir='ltr'>de</span> <span class='ocrx_word' id='word_1_153' title='bbox 1306 1933 1430 2008; x_wconf 84' lang='lat' dir='ltr'>pectore</span> <span class='ocrx_word' id='word_1_154' title='bbox 1443 1923 1609 2007; x_wconf 81' lang='lat' dir='ltr'>Serapidis</span> 
     </span>
     <span class='ocr_line' id='line_1_17' title="bbox 301 2024 1609 2108; baseline -0.003 -18"><span class='ocrx_word' id='word_1_155' title='bbox 301 2029 458 2108; x_wconf 80' lang='lat' dir='ltr'>magicum</span> <span class='ocrx_word' id='word_1_156' title='bbox 480 2029 701 2108; x_wconf 88' lang='lat' dir='ltr'>characterem,</span> <span class='ocrx_word' id='word_1_157' title='bbox 724 2029 775 2092; x_wconf 89' lang='lat' dir='ltr'>cui</span> <span class='ocrx_word' id='word_1_158' title='bbox 797 2028 884 2091; x_wconf 83' lang='lat' dir='ltr'>lesus</span> <span class='ocrx_word' id='word_1_159' title='bbox 907 2029 1281 2092; x_wconf 85' lang='lat' dir='ltr'>Galileusnuctoritatem</span> <span class='ocrx_word' id='word_1_160' title='bbox 1297 2026 1396 2092; x_wconf 87' lang='lat' dir='ltr'>dedit.</span> <span class='ocrx_word' id='word_1_161' title='bbox 1430 2025 1487 2089; x_wconf 85' lang='lat' dir='ltr'>llla</span> <span class='ocrx_word' id='word_1_162' title='bbox 1507 2024 1609 2106; x_wconf 76' lang='lat' dir='ltr'>ligura</span> 
     </span>
     <span class='ocr_line' id='line_1_18' title="bbox 301 2130 1608 2210; baseline -0.005 -17"><span class='ocrx_word' id='word_1_163' title='bbox 301 2131 447 2209; x_wconf 82' lang='lat' dir='ltr'>fugamus</span> <span class='ocrx_word' id='word_1_164' title='bbox 473 2130 591 2204; x_wconf 74' lang='lat' dir='ltr'>bosteS,</span> <span class='ocrx_word' id='word_1_165' title='bbox 622 2131 779 2194; x_wconf 85' lang='lat' dir='ltr'>allicimus</span> <span class='ocrx_word' id='word_1_166' title='bbox 802 2132 975 2210; x_wconf 71' lang='lat' dir='ltr'>nummosl,</span> <span class='ocrx_word' id='word_1_167' title='bbox 1002 2130 1102 2192; x_wconf 85' lang='lat' dir='ltr'>Deum</span> <span class='ocrx_word' id='word_1_168' title='bbox 1123 2147 1358 2207; x_wconf 87' lang='lat' dir='ltr'>consecramus,</span> <span class='ocrx_word' id='word_1_169' title='bbox 1390 2135 1509 2191; x_wconf 86' lang='lat' dir='ltr'>tartara</span> <span class='ocrx_word' id='word_1_170' title='bbox 1536 2145 1608 2190; x_wconf 86' lang='lat' dir='ltr'>oon-</span> 
     </span>
    </p>
   </div>
   <div class='ocr_carea' id='block_1_7' title="bbox 289 2227 1696 2310">
    <p class='ocr_par' dir='ltr' id='par_1_7' title="bbox 289 2227 1696 2310">
     <span class='ocr_line' id='line_1_19' title="bbox 289 2227 1696 2310; baseline -0.004 -15"><span class='ocrx_word' id='word_1_171' title='bbox 289 2232 436 2296; x_wconf 89' lang='lat' dir='ltr'>·cutimus</span> <span class='ocrx_word' id='word_1_172' title='bbox 451 2240 483 2296; x_wconf 92' lang='lat' dir='ltr'>et</span> <span class='ocrx_word' id='word_1_173' title='bbox 509 2231 642 2297; x_wconf 87' lang='lat' dir='ltr'>facimus</span> <span class='ocrx_word' id='word_1_174' title='bbox 663 2231 824 2296; x_wconf 85' lang='lat' dir='ltr'>mirabilia</span> <span class='ocrx_word' id='word_1_175' title='bbox 844 2233 913 2296; x_wconf 88' lang='lat' dir='ltr'>sive</span> <span class='ocrx_word' id='word_1_176' title='bbox 935 2233 1067 2296; x_wconf 89' lang='lat' dir='ltr'>celestes</span> <span class='ocrx_word' id='word_1_177' title='bbox 1088 2231 1157 2294; x_wconf 88' lang='lat' dir='ltr'>sive</span> <span class='ocrx_word' id='word_1_178' title='bbox 1180 2230 1343 2310; x_wconf 87' lang='lat' dir='ltr'>scelestes,</span> <span class='ocrx_word' id='word_1_179' title='bbox 1370 2230 1448 2294; x_wconf 88' lang='lat' dir='ltr'>nihil</span> <span class='ocrx_word' id='word_1_180' title='bbox 1471 2230 1512 2291; x_wconf 86' lang='lat' dir='ltr'>ad</span> <span class='ocrx_word' id='word_1_181' title='bbox 1535 2249 1608 2307; x_wconf 86' lang='lat' dir='ltr'>rem,</span> <span class='ocrx_word' id='word_1_182' title='bbox 1691 2227 1696 2234; x_wconf 92' lang='grc'><strong>’</strong></span> 
     </span>
    </p>
   </div>
   <div class='ocr_carea' id='block_1_8' title="bbox 302 2332 1527 2500">
    <p class='ocr_par' dir='ltr' id='par_1_8' title="bbox 302 2332 1527 2500">
     <span class='ocr_line' id='line_1_20' title="bbox 302 2332 1113 2417; baseline 0.001 -22"><span class='ocrx_word' id='word_1_183' title='bbox 302 2332 470 2398; x_wconf 90' lang='lat' dir='ltr'>dummodo</span> <span class='ocrx_word' id='word_1_184' title='bbox 491 2333 588 2397; x_wconf 89' lang='lat' dir='ltr'>simus</span> <span class='ocrx_word' id='word_1_185' title='bbox 611 2335 694 2398; x_wconf 82' lang='lat' dir='ltr'>beati</span> <span class='ocrx_word' id='word_1_186' title='bbox 719 2333 802 2399; x_wconf 87' lang='lat' dir='ltr'>lovis</span> <span class='ocrx_word' id='word_1_187' title='bbox 823 2335 982 2417; x_wconf 88' lang='lat' dir='ltr'>epulones.</span> <span class='ocrx_word' id='word_1_188' title='bbox 1025 2333 1113 2397; x_wconf 85' lang='lat' dir='ltr'>Vale.</span> 
     </span>
     <span class='ocr_line' id='line_1_21' title="bbox 879 2434 1527 2500; baseline -0.008 0"><span class='ocrx_word' id='word_1_189' title='bbox 879 2437 992 2500; x_wconf 84' lang='lat' dir='ltr'>Senior</span> <span class='ocrx_word' id='word_1_190' title='bbox 1013 2435 1172 2499; x_wconf 88' lang='lat' dir='ltr'>Mutianns</span> <span class='ocrx_word' id='word_1_191' title='bbox 1193 2441 1225 2498; x_wconf 89' lang='lat' dir='ltr'>et</span> <span class='ocrx_word' id='word_1_192' title='bbox 1245 2434 1393 2499; x_wconf 87' lang='lat' dir='ltr'>Urbanus</span> <span class='ocrx_word' id='word_1_193' title='bbox 1414 2434 1527 2498; x_wconf 89' lang='lat' dir='ltr'>senior.</span> 
     </span>
    </p>
   </div>
   <div class='ocr_carea' id='block_1_9' title="bbox 303 2557 1608 2688">
    <p class='ocr_par' dir='ltr' id='par_1_9' title="bbox 303 2557 1608 2688">
     <span class='ocr_line' id='line_1_22' title="bbox 373 2557 1608 2617; baseline -0.002 -13"><span class='ocrx_word' id='word_1_194' title='bbox 373 2559 553 2608; x_wconf 74' lang='lat' dir='ltr'>llondsebrit‘tl.</span> <span class='ocrx_word' id='word_1_195' title='bbox 572 2561 592 2606; x_wconf 82' lang='lat' dir='ltr'>F</span> <span class='ocrx_word' id='word_1_196' title='bbox 613 2559 661 2607; x_wconf 76' lang='lat'>148</span> <span class='ocrx_word' id='word_1_197' title='bbox 686 2562 726 2608; x_wconf 87' lang='lat' dir='ltr'>lol.</span> <span class='ocrx_word' id='word_1_198' title='bbox 741 2561 934 2608; x_wconf 81' lang='lat' dir='ltr'>ll3r-ll3v,</span> <span class='ocrx_word' id='word_1_199' title='bbox 978 2559 1053 2606; x_wconf 84' lang='lat' dir='ltr'>Gedr.</span> <span class='ocrx_word' id='word_1_200' title='bbox 1073 2559 1099 2605; x_wconf 92' lang='lat' dir='ltr'>b.</span> <span class='ocrx_word' id='word_1_201' title='bbox 1117 2559 1150 2604; x_wconf 70' lang='lat' dir='ltr'>Te</span> <span class='ocrx_word' id='word_1_202' title='bbox 1168 2560 1191 2606; x_wconf 86' lang='lat' dir='ltr'>S.</span> <span class='ocrx_word' id='word_1_203' title='bbox 1205 2557 1253 2605; x_wconf 85' lang='grc'>106</span> <span class='ocrx_word' id='word_1_204' title='bbox 1277 2574 1323 2605; x_wconf 85' lang='lat' dir='ltr'>sco</span> <span class='ocrx_word' id='word_1_205' title='bbox 1340 2557 1444 2617; x_wconf 85' lang='lat' dir='ltr'>Recepti</span> <span class='ocrx_word' id='word_1_206' title='bbox 1467 2571 1550 2602; x_wconf 83' lang='lat' dir='ltr'>sumus</span> <span class='ocrx_word' id='word_1_207' title='bbox 1572 2557 1608 2602; x_wconf 76' lang='lat' dir='ltr'>bic</span> 
     </span>
     <span class='ocr_line' id='line_1_23' title="bbox 303 2628 513 2688; baseline 0.019 -15"><span class='ocrx_word' id='word_1_208' title='bbox 303 2628 370 2675; x_wconf 84' lang='lat' dir='ltr'>lovis</span> <span class='ocrx_word' id='word_1_209' title='bbox 389 2631 513 2688; x_wconf 84' lang='lat' dir='ltr'>epulones.</span> 
     </span>
    </p>
   </div>
   <div class='ocr_carea' id='block_1_10' title="bbox 373 2717 1552 2784">
    <p class='ocr_par' dir='ltr' id='par_1_10' title="bbox 373 2717 1552 2784">
     <span class='ocr_line' id='line_1_24' title="bbox 373 2717 1552 2784; baseline -0.001 -3"><span class='ocrx_word' id='word_1_210' title='bbox 373 2728 437 2781; x_wconf 72' lang='lat' dir='ltr'>&#39;rs</span> <span class='ocrx_word' id='word_1_211' title='bbox 455 2750 551 2782; x_wconf 84' lang='lat' dir='ltr'>ornnes.</span> <span class='ocrx_word' id='word_1_212' title='bbox 607 2719 670 2782; x_wconf 67' lang='lat' dir='ltr'>bYs</span> <span class='ocrx_word' id='word_1_213' title='bbox 690 2737 857 2784; x_wconf 79' lang='lat' dir='ltr'>contemserit.</span> <span class='ocrx_word' id='word_1_214' title='bbox 921 2730 985 2781; x_wconf 66' lang='grc' dir='ltr'>οΤκ</span> <span class='ocrx_word' id='word_1_215' title='bbox 1003 2741 1089 2781; x_wconf 80' lang='lat' dir='ltr'>natum</span> <span class='ocrx_word' id='word_1_216' title='bbox 1109 2737 1206 2781; x_wconf 79' lang='lat' dir='ltr'>clavum</span> <span class='ocrx_word' id='word_1_217' title='bbox 1226 2735 1307 2780; x_wconf 80' lang='lat' dir='ltr'>fuisse.</span> <span class='ocrx_word' id='word_1_218' title='bbox 1373 2717 1438 2779; x_wconf 66' lang='lat' dir='ltr'>“Tc</span> <span class='ocrx_word' id='word_1_219' title='bbox 1459 2748 1552 2780; x_wconf 83' lang='lat' dir='ltr'>numos.</span> 
     </span>
    </p>
   </div>
   <div class='ocr_carea' id='block_1_11' title="bbox 304 2958 1605 3044">
    <p class='ocr_par' dir='ltr' id='par_1_11' title="bbox 304 2958 1605 3044">
     <span class='ocr_line' id='line_1_25' title="bbox 304 2958 1605 3044; baseline 0.001 -17"><span class='ocrx_word' id='word_1_220' title='bbox 304 2961 377 3028; x_wconf 73' lang='lat'>176.</span> <span class='ocrx_word' id='word_1_221' title='bbox 401 2961 442 3027; x_wconf 86' lang='lat' dir='ltr'>ll.</span> <span class='ocrx_word' id='word_1_222' title='bbox 465 2981 509 3028; x_wconf 86' lang='lat' dir='ltr'>an</span> <span class='ocrx_word' id='word_1_223' title='bbox 531 2961 715 3030; x_wconf 85' lang='lat' dir='ltr'>llorcbord</span> <span class='ocrx_word' id='word_1_224' title='bbox 738 2961 818 3032; x_wconf 69' lang='lat' dir='ltr'>nd.</span> <span class='ocrx_word' id='word_1_225' title='bbox 836 2959 1010 3026; x_wconf 74' lang='lat' dir='ltr'>liert-bon.</span> <span class='ocrx_word' id='word_1_226' title='bbox 1203 2958 1320 3026; x_wconf 79' lang='lat' dir='ltr'>Gotho</span> <span class='ocrx_word' id='word_1_227' title='bbox 1341 2960 1605 3044; x_wconf 70' lang='lat' dir='ltr'>(lbos-1510.)</span> 
     </span>
    </p>
   </div>
   <div class='ocr_carea' id='block_1_12' title="bbox 372 3083 1604 3142">
    <p class='ocr_par' dir='ltr' id='par_1_12' title="bbox 372 3083 1604 3142">
     <span class='ocr_line' id='line_1_26' title="bbox 372 3083 1604 3142; baseline 0.004 -14"><span class='ocrx_word' id='word_1_228' title='bbox 372 3084 433 3132; x_wconf 90' lang='lat' dir='ltr'>lllut.</span> <span class='ocrx_word' id='word_1_229' title='bbox 453 3085 577 3132; x_wconf 82' lang='lat' dir='ltr'>bericlrtet</span> <span class='ocrx_word' id='word_1_230' title='bbox 596 3087 652 3132; x_wconf 89' lang='lat' dir='ltr'>dem</span> <span class='ocrx_word' id='word_1_231' title='bbox 670 3085 799 3132; x_wconf 83' lang='lat' dir='ltr'>Herobord</span> <span class='ocrx_word' id='word_1_232' title='bbox 820 3099 843 3130; x_wconf 85' lang='lat' dir='ltr'>v.</span> <span class='ocrx_word' id='word_1_233' title='bbox 855 3083 870 3128; x_wconf 82' lang='grc'>(1</span> <span class='ocrx_word' id='word_1_234' title='bbox 887 3083 1004 3128; x_wconf 82' lang='lat' dir='ltr'>lllarthsn</span> <span class='ocrx_word' id='word_1_235' title='bbox 1030 3083 1093 3128; x_wconf 87' lang='lat' dir='ltr'>iiber</span> <span class='ocrx_word' id='word_1_236' title='bbox 1118 3083 1159 3128; x_wconf 85' lang='lat' dir='ltr'>die</span> <span class='ocrx_word' id='word_1_237' title='bbox 1185 3083 1308 3141; x_wconf 78' lang='lat' dir='ltr'>damaligo</span> <span class='ocrx_word' id='word_1_238' title='bbox 1327 3084 1395 3142; x_wconf 69' lang='lat' dir='ltr'>Lago</span> <span class='ocrx_word' id='word_1_239' title='bbox 1418 3084 1500 3131; x_wconf 87' lang='lat' dir='ltr'>selner</span> <span class='ocrx_word' id='word_1_240' title='bbox 1517 3086 1604 3132; x_wconf 82' lang='lat' dir='ltr'>Vater-</span> 
     </span>
    </p>
   </div>
   <div class='ocr_carea' id='block_1_13' title="bbox 303 3153 1604 3272">
    <p class='ocr_par' dir='ltr' id='par_1_13' title="bbox 303 3153 1604 3272">
     <span class='ocr_line' id='line_1_27' title="bbox 303 3153 1604 3203; baseline 0.004 -5"><span class='ocrx_word' id='word_1_241' title='bbox 303 3153 370 3199; x_wconf 84' lang='lat' dir='ltr'>sludt</span> <span class='ocrx_word' id='word_1_242' title='bbox 393 3155 445 3200; x_wconf 90' lang='lat' dir='ltr'>und</span> <span class='ocrx_word' id='word_1_243' title='bbox 468 3155 571 3202; x_wconf 86' lang='lat' dir='ltr'>erbittct</span> <span class='ocrx_word' id='word_1_244' title='bbox 598 3156 651 3202; x_wconf 79' lang='lat' dir='ltr'>sich</span> <span class='ocrx_word' id='word_1_245' title='bbox 669 3156 794 3200; x_wconf 75' lang='lat' dir='ltr'>Auslrunlt</span> <span class='ocrx_word' id='word_1_246' title='bbox 823 3153 885 3200; x_wconf 84' lang='lat' dir='ltr'>iiber</span> <span class='ocrx_word' id='word_1_247' title='bbox 903 3153 959 3198; x_wconf 84' lang='lat' dir='ltr'>cino</span> <span class='ocrx_word' id='word_1_248' title='bbox 976 3154 1052 3200; x_wconf 75' lang='lat' dir='ltr'>sssllc</span> <span class='ocrx_word' id='word_1_249' title='bbox 1074 3153 1108 3198; x_wconf 90' lang='lat' dir='ltr'>im</span> <span class='ocrx_word' id='word_1_250' title='bbox 1136 3153 1176 3198; x_wconf 80' lang='lat' dir='ltr'>lus</span> <span class='ocrx_word' id='word_1_251' title='bbox 1193 3153 1341 3199; x_wconf 78' lang='lat' dir='ltr'>canonicum</span> <span class='ocrx_word' id='word_1_252' title='bbox 1363 3155 1415 3200; x_wconf 90' lang='lat' dir='ltr'>und</span> <span class='ocrx_word' id='word_1_253' title='bbox 1438 3155 1493 3201; x_wconf 88' lang='lat' dir='ltr'>cine</span> <span class='ocrx_word' id='word_1_254' title='bbox 1511 3156 1604 3203; x_wconf 84' lang='lat' dir='ltr'>undere</span> 
     </span>
     <span class='ocr_line' id='line_1_28' title="bbox 303 3223 452 3272; baseline 0.02 -3"><span class='ocrx_word' id='word_1_255' title='bbox 303 3223 344 3269; x_wconf 89' lang='lat' dir='ltr'>bei</span> <span class='ocrx_word' id='word_1_256' title='bbox 362 3225 452 3272; x_wconf 84' lang='lat' dir='ltr'>Tibull:</span> 
     </span>
    </p>
   </div>
   <div class='ocr_carea' id='block_1_14' title="bbox 301 3319 1650 3710">
    <p class='ocr_par' dir='ltr' id='par_1_14' title="bbox 383 3319 1091 3402">
     <span class='ocr_line' id='line_1_29' title="bbox 383 3319 1091 3402; baseline -0.003 -19"><span class='ocrx_word' id='word_1_257' title='bbox 383 3319 544 3385; x_wconf 88' lang='lat' dir='ltr'>Herebord</span> <span class='ocrx_word' id='word_1_258' title='bbox 567 3321 784 3402; x_wconf 82' lang='lat' dir='ltr'>Margarito</span> <span class='ocrx_word' id='word_1_259' title='bbox 807 3321 966 3386; x_wconf 90' lang='lat' dir='ltr'>lllutianus</span> <span class='ocrx_word' id='word_1_260' title='bbox 985 3319 1091 3384; x_wconf 84' lang='lat' dir='ltr'>Rufus.</span> 
     </span>
    </p>

    <p class='ocr_par' dir='ltr' id='par_1_15' title="bbox 301 3422 1650 3710">
     <span class='ocr_line' id='line_1_30' title="bbox 383 3422 1623 3504; baseline 0.002 -18"><span class='ocrx_word' id='word_1_261' title='bbox 383 3423 414 3486; x_wconf 85' lang='lat' dir='ltr'>S.</span> <span class='ocrx_word' id='word_1_262' title='bbox 457 3422 541 3500; x_wconf 83' lang='lat' dir='ltr'>Quid</span> <span class='ocrx_word' id='word_1_263' title='bbox 561 3443 640 3504; x_wconf 85' lang='lat' dir='ltr'>opus</span> <span class='ocrx_word' id='word_1_264' title='bbox 667 3430 715 3487; x_wconf 86' lang='lat' dir='ltr'>est</span> <span class='ocrx_word' id='word_1_265' title='bbox 743 3423 871 3487; x_wconf 82' lang='lat' dir='ltr'>verbis?</span> <span class='ocrx_word' id='word_1_266' title='bbox 916 3424 996 3486; x_wconf 80' lang='lat' dir='ltr'>Amo</span> <span class='ocrx_word' id='word_1_267' title='bbox 1022 3430 1053 3486; x_wconf 92' lang='lat' dir='ltr'>te</span> <span class='ocrx_word' id='word_1_268' title='bbox 1079 3429 1113 3485; x_wconf 90' lang='lat' dir='ltr'>ut</span> <span class='ocrx_word' id='word_1_269' title='bbox 1141 3423 1255 3487; x_wconf 90' lang='lat' dir='ltr'>bonum</span> <span class='ocrx_word' id='word_1_270' title='bbox 1283 3424 1428 3486; x_wconf 85' lang='lat' dir='ltr'>iuvenem</span> <span class='ocrx_word' id='word_1_271' title='bbox 1459 3433 1490 3487; x_wconf 81' lang='lat' dir='ltr'>st</span> <span class='ocrx_word' id='word_1_272' title='bbox 1517 3424 1623 3488; x_wconf 80' lang='lat' dir='ltr'>bonis-</span> 
     </span>
     <span class='ocr_line' id='line_1_31' title="bbox 301 3524 1606 3608; baseline 0.002 -22"><span class='ocrx_word' id='word_1_273' title='bbox 301 3524 402 3588; x_wconf 84' lang='lat' dir='ltr'>literis</span> <span class='ocrx_word' id='word_1_274' title='bbox 421 3524 586 3589; x_wconf 88' lang='lat' dir='ltr'>eruditum.</span> <span class='ocrx_word' id='word_1_275' title='bbox 630 3525 767 3606; x_wconf 85' lang='lat' dir='ltr'>Negotia</span> <span class='ocrx_word' id='word_1_276' title='bbox 788 3524 916 3608; x_wconf 87' lang='lat' dir='ltr'>publica</span> <span class='ocrx_word' id='word_1_277' title='bbox 941 3527 988 3588; x_wconf 92' lang='lat' dir='ltr'>sic</span> <span class='ocrx_word' id='word_1_278' title='bbox 1010 3525 1144 3588; x_wconf 88' lang='lat' dir='ltr'>habent:</span> <span class='ocrx_word' id='word_1_279' title='bbox 1176 3524 1327 3606; x_wconf 65' lang='lat' dir='ltr'>nonnose</span> <span class='ocrx_word' id='word_1_280' title='bbox 1355 3526 1453 3590; x_wconf 90' lang='lat' dir='ltr'>nostri</span> <span class='ocrx_word' id='word_1_281' title='bbox 1477 3527 1606 3590; x_wconf 85' lang='lat' dir='ltr'>circum-</span> 
     </span>
     <span class='ocr_line' id='line_1_32' title="bbox 301 3611 1650 3710; baseline 0.001 -20"><span class='ocrx_word' id='word_1_282' title='bbox 301 3627 474 3692; x_wconf 87' lang='lat' dir='ltr'>volantdie</span> <span class='ocrx_word' id='word_1_283' title='bbox 486 3635 649 3708; x_wconf 86' lang='lat' dir='ltr'>noctuque.</span> <span class='ocrx_word' id='word_1_284' title='bbox 691 3627 925 3692; x_wconf 70' lang='lat' dir='ltr'>octoviroruno</span> <span class='ocrx_word' id='word_1_285' title='bbox 944 3611 1123 3692; x_wconf 84' lang='lat' dir='ltr'>dominacio</span> <span class='ocrx_word' id='word_1_286' title='bbox 1144 3645 1297 3710; x_wconf 85' lang='lat' dir='ltr'>oppressa</span> <span class='ocrx_word' id='word_1_287' title='bbox 1311 3627 1423 3691; x_wconf 92' lang='lat' dir='ltr'>iterum</span> <span class='ocrx_word' id='word_1_288' title='bbox 1436 3628 1605 3710; x_wconf 89' lang='lat' dir='ltr'>conspirat.</span> <span class='ocrx_word' id='word_1_289' title='bbox 1646 3695 1650 3704; x_wconf 71' lang='grc'><em>,</em></span> 
     </span>
    </p>
   </div>
   <div class='ocr_carea' id='block_1_15' title="bbox 268 3853 1606 4650">
    <p class='ocr_par' dir='ltr' id='par_1_16' title="bbox 268 3853 1606 4410">
     <span class='ocr_line' id='line_1_33' title="bbox 364 3853 1403 3930; baseline 0 -19"><span class='ocrx_word' id='word_1_290' title='bbox 364 3853 500 3912; x_wconf 81' lang='lat' dir='ltr'>¹Rlirner</span> <span class='ocrx_word' id='word_1_291' title='bbox 521 3856 567 3927; x_wconf 86' lang='lat'>14,</span> <span class='ocrx_word' id='word_1_292' title='bbox 588 3857 634 3913; x_wconf 75' lang='lat'>23.</span> <span class='ocrx_word' id='word_1_293' title='bbox 1394 3917 1403 3930; x_wconf 26' lang='grc' dir='ltr'><em>β</em></span> 
     </span>
     <span class='ocr_line' id='line_1_34' title="bbox 268 3931 1606 4009; baseline 0.001 -18"><span class='ocrx_word' id='word_1_294' title='bbox 268 3939 271 3944; x_wconf 81' lang='grc'><strong>“</strong></span> <span class='ocrx_word' id='word_1_295' title='bbox 362 3931 466 3992; x_wconf 76' lang='lat' dir='ltr'>²Hier</span> <span class='ocrx_word' id='word_1_296' title='bbox 494 3937 563 4009; x_wconf 83' lang='lat' dir='ltr'>liegt</span> <span class='ocrx_word' id='word_1_297' title='bbox 594 3938 639 3992; x_wconf 91' lang='lat' dir='ltr'>ein</span> <span class='ocrx_word' id='word_1_298' title='bbox 671 3938 913 3993; x_wconf 79' lang='lat' dir='ltr'>Misenensttindnis</span> <span class='ocrx_word' id='word_1_299' title='bbox 940 3937 1062 3992; x_wconf 86' lang='lat' dir='ltr'>Mutians</span> <span class='ocrx_word' id='word_1_300' title='bbox 1091 3955 1148 3993; x_wconf 90' lang='lat' dir='ltr'>vor.</span> <span class='ocrx_word' id='word_1_301' title='bbox 1200 3935 1344 3991; x_wconf 80' lang='lat' dir='ltr'>Cornelius</span> <span class='ocrx_word' id='word_1_302' title='bbox 1373 3938 1469 4009; x_wconf 86' lang='lat' dir='ltr'>Nepos</span> <span class='ocrx_word' id='word_1_303' title='bbox 1499 3939 1606 3993; x_wconf 82' lang='lat' dir='ltr'>eralihlt</span> 
     </span>
     <span class='ocr_line' id='line_1_35' title="bbox 302 4015 1604 4090; baseline 0.002 -20"><span class='ocrx_word' id='word_1_304' title='bbox 302 4015 424 4087; x_wconf 78' lang='lat' dir='ltr'>(Atticus</span> <span class='ocrx_word' id='word_1_305' title='bbox 437 4035 460 4072; x_wconf 89' lang='lat' dir='ltr'>c.</span> <span class='ocrx_word' id='word_1_306' title='bbox 474 4016 523 4082; x_wconf 67' lang='lat'>21)</span> <span class='ocrx_word' id='word_1_307' title='bbox 547 4019 700 4090; x_wconf 80' lang='lat' dir='ltr'>Folgendes</span> <span class='ocrx_word' id='word_1_308' title='bbox 720 4038 773 4074; x_wconf 88' lang='lat' dir='ltr'>von</span> <span class='ocrx_word' id='word_1_309' title='bbox 796 4020 844 4072; x_wconf 89' lang='lat' dir='ltr'>der</span> <span class='ocrx_word' id='word_1_310' title='bbox 864 4019 1036 4072; x_wconf 85' lang='lat' dir='ltr'>schliesslich</span> <span class='ocrx_word' id='word_1_311' title='bbox 1058 4017 1213 4072; x_wconf 85' lang='lat' dir='ltr'>tlidtlicben</span> <span class='ocrx_word' id='word_1_312' title='bbox 1228 4017 1386 4072; x_wconf 85' lang='lat' dir='ltr'>Kranlrheit</span> <span class='ocrx_word' id='word_1_313' title='bbox 1410 4019 1459 4072; x_wconf 87' lang='lat' dir='ltr'>des</span> <span class='ocrx_word' id='word_1_314' title='bbox 1479 4019 1604 4073; x_wconf 80' lang='lat' dir='ltr'>Atticus:</span> 
     </span>
     <span class='ocr_line' id='line_1_36' title="bbox 301 4097 1605 4169; baseline 0.002 -19"><span class='ocrx_word' id='word_1_315' title='bbox 301 4097 372 4151; x_wconf 85' lang='lat' dir='ltr'>Nam</span> <span class='ocrx_word' id='word_1_316' title='bbox 388 4105 521 4168; x_wconf 79' lang='lat' dir='ltr'>putarunt</span> <span class='ocrx_word' id='word_1_317' title='bbox 544 4097 695 4168; x_wconf 78' lang='lat' dir='ltr'>(morbum)</span> <span class='ocrx_word' id='word_1_318' title='bbox 717 4118 775 4155; x_wconf 84' lang='lat' dir='ltr'>esse</span> <span class='ocrx_word' id='word_1_319' title='bbox 797 4107 950 4165; x_wconf 83' lang='lat' dir='ltr'>tenesmon,</span> <span class='ocrx_word' id='word_1_320' title='bbox 970 4099 1016 4152; x_wconf 90' lang='lat' dir='ltr'>eui</span> <span class='ocrx_word' id='word_1_321' title='bbox 1036 4098 1159 4152; x_wconf 87' lang='lat' dir='ltr'>remedia</span> <span class='ocrx_word' id='word_1_322' title='bbox 1179 4098 1281 4152; x_wconf 84' lang='lat' dir='ltr'>celeria</span> <span class='ocrx_word' id='word_1_323' title='bbox 1298 4098 1449 4168; x_wconf 84' lang='lat' dir='ltr'>faciliaque</span> <span class='ocrx_word' id='word_1_324' title='bbox 1469 4116 1605 4169; x_wconf 89' lang='lat' dir='ltr'>propone·</span> 
     </span>
     <span class='ocr_line' id='line_1_37' title="bbox 300 4177 1605 4249; baseline 0.001 -18"><span class='ocrx_word' id='word_1_325' title='bbox 300 4177 409 4233; x_wconf 87' lang='lat' dir='ltr'>buntur.</span> <span class='ocrx_word' id='word_1_326' title='bbox 452 4178 485 4230; x_wconf 92' lang='lat' dir='ltr'>In</span> <span class='ocrx_word' id='word_1_327' title='bbox 513 4178 565 4232; x_wconf 90' lang='lat' dir='ltr'>hoc</span> <span class='ocrx_word' id='word_1_328' title='bbox 594 4195 657 4232; x_wconf 89' lang='lat' dir='ltr'>cum</span> <span class='ocrx_word' id='word_1_329' title='bbox 686 4186 742 4234; x_wconf 88' lang='lat' dir='ltr'>tres</span> <span class='ocrx_word' id='word_1_330' title='bbox 767 4197 875 4233; x_wconf 86' lang='lat' dir='ltr'>menses</span> <span class='ocrx_word' id='word_1_331' title='bbox 904 4179 963 4233; x_wconf 88' lang='lat' dir='ltr'>sine</span> <span class='ocrx_word' id='word_1_332' title='bbox 991 4178 1056 4231; x_wconf 90' lang='lat' dir='ltr'>ullis</span> <span class='ocrx_word' id='word_1_333' title='bbox 1080 4178 1234 4244; x_wconf 90' lang='lat' dir='ltr'>doloribus,</span> <span class='ocrx_word' id='word_1_334' title='bbox 1262 4185 1455 4248; x_wconf 78' lang='lat' dir='ltr'>praeterquam</span> <span class='ocrx_word' id='word_1_335' title='bbox 1475 4197 1545 4249; x_wconf 87' lang='lat' dir='ltr'>quos</span> <span class='ocrx_word' id='word_1_336' title='bbox 1572 4197 1605 4234; x_wconf 82' lang='lat' dir='ltr'>ex</span> 
     </span>
     <span class='ocr_line' id='line_1_38' title="bbox 301 4257 1603 4329; baseline 0.002 -19"><span class='ocrx_word' id='word_1_337' title='bbox 301 4257 442 4312; x_wconf 86' lang='lat' dir='ltr'>curatione</span> <span class='ocrx_word' id='word_1_338' title='bbox 464 4257 604 4326; x_wconf 83' lang='lat' dir='ltr'>cupiebat,</span> <span class='ocrx_word' id='word_1_339' title='bbox 625 4260 852 4329; x_wconf 86' lang='lat' dir='ltr'>consumpsisset,</span> <span class='ocrx_word' id='word_1_340' title='bbox 878 4259 971 4313; x_wconf 85' lang='lat' dir='ltr'>subito</span> <span class='ocrx_word' id='word_1_341' title='bbox 997 4257 1067 4312; x_wconf 85' lang='lat' dir='ltr'>tanti</span> <span class='ocrx_word' id='word_1_342' title='bbox 1088 4259 1130 4311; x_wconf 87' lang='lat' dir='ltr'>vis</span> <span class='ocrx_word' id='word_1_343' title='bbox 1155 4257 1245 4312; x_wconf 90' lang='lat' dir='ltr'>morbi</span> <span class='ocrx_word' id='word_1_344' title='bbox 1273 4259 1303 4312; x_wconf 93' lang='lat' dir='ltr'>in</span> <span class='ocrx_word' id='word_1_345' title='bbox 1329 4258 1415 4312; x_wconf 91' lang='lat' dir='ltr'>imum</span> <span class='ocrx_word' id='word_1_346' title='bbox 1442 4259 1603 4312; x_wconf 84' lang='lat' dir='ltr'>intestinum</span> 
     </span>
     <span class='ocr_line' id='line_1_39' title="bbox 300 4329 1519 4410; baseline 0.002 -21"><span class='ocrx_word' id='word_1_347' title='bbox 300 4338 435 4406; x_wconf 86' lang='lat' dir='ltr'>prorupit,</span> <span class='ocrx_word' id='word_1_348' title='bbox 457 4344 488 4390; x_wconf 89' lang='lat' dir='ltr'>ut</span> <span class='ocrx_word' id='word_1_349' title='bbox 507 4344 628 4392; x_wconf 86' lang='lat' dir='ltr'>extremo</span> <span class='ocrx_word' id='word_1_350' title='bbox 648 4345 774 4409; x_wconf 83' lang='lat' dir='ltr'>tompore</span> <span class='ocrx_word' id='word_1_351' title='bbox 793 4358 843 4410; x_wconf 88' lang='lat' dir='ltr'>per</span> <span class='ocrx_word' id='word_1_352' title='bbox 863 4339 974 4393; x_wconf 88' lang='lat' dir='ltr'>lumbos</span> <span class='ocrx_word' id='word_1_353' title='bbox 993 4337 1102 4393; x_wconf 83' lang='lat' dir='ltr'>fistulae</span> <span class='ocrx_word' id='word_1_354' title='bbox 1124 4338 1201 4408; x_wconf 87' lang='lat' dir='ltr'>puris</span> <span class='ocrx_word' id='word_1_355' title='bbox 1221 4339 1371 4408; x_wconf 88' lang='lat' dir='ltr'>eruperint.</span> <span class='ocrx_word' id='word_1_356' title='bbox 1516 4329 1519 4336; x_wconf 48' lang='lat'><strong>¹</strong></span> 
     </span>
    </p>

    <p class='ocr_par' dir='ltr' id='par_1_17' title="bbox 362 4413 822 4473">
     <span class='ocr_line' id='line_1_40' title="bbox 362 4413 822 4473; baseline 0.007 -3"><span class='ocrx_word' id='word_1_357' title='bbox 362 4413 373 4454; x_wconf 88' lang='lat'>¹</span> <span class='ocrx_word' id='word_1_358' title='bbox 396 4417 449 4472; x_wconf 90' lang='lat' dir='ltr'>Die</span> <span class='ocrx_word' id='word_1_359' title='bbox 469 4417 701 4472; x_wconf 78' lang='lat' dir='ltr'>kursllehsischen</span> <span class='ocrx_word' id='word_1_360' title='bbox 721 4419 822 4473; x_wconf 83' lang='lat' dir='ltr'>Reiter.</span> 
     </span>
    </p>

    <p class='ocr_par' dir='ltr' id='par_1_18' title="bbox 298 4491 1602 4650">
     <span class='ocr_line' id='line_1_41' title="bbox 362 4491 1602 4569; baseline 0.001 -19"><span class='ocrx_word' id='word_1_361' title='bbox 362 4491 451 4551; x_wconf 70' lang='grc' dir='ltr'>2Ι)1θ</span> <span class='ocrx_word' id='word_1_362' title='bbox 472 4497 598 4552; x_wconf 81' lang='lat' dir='ltr'>Erfurter</span> <span class='ocrx_word' id='word_1_363' title='bbox 619 4497 777 4552; x_wconf 86' lang='lat' dir='ltr'>Achtherrn</span> <span class='ocrx_word' id='word_1_364' title='bbox 798 4503 918 4552; x_wconf 81' lang='lat' dir='ltr'>wussten</span> <span class='ocrx_word' id='word_1_365' title='bbox 937 4498 1158 4569; x_wconf 79' lang='lat' dir='ltr'>Verbindungen</span> <span class='ocrx_word' id='word_1_366' title='bbox 1186 4498 1239 4551; x_wconf 88' lang='lat' dir='ltr'>mit</span> <span class='ocrx_word' id='word_1_367' title='bbox 1259 4496 1381 4553; x_wconf 84' lang='lat' dir='ltr'>Sacbsen</span> <span class='ocrx_word' id='word_1_368' title='bbox 1405 4497 1602 4569; x_wconf 81' lang='lat' dir='ltr'>ansukniipfen</span> 
     </span>
     <span class='ocr_line' id='line_1_42' title="bbox 298 4577 1530 4650; baseline 0.002 -20"><span class='ocrx_word' id='word_1_369' title='bbox 298 4577 355 4640; x_wconf 84' lang='lat' dir='ltr'>und</span> <span class='ocrx_word' id='word_1_370' title='bbox 375 4577 497 4637; x_wconf 82' lang='lat' dir='ltr'>dadurelu</span> <span class='ocrx_word' id='word_1_371' title='bbox 516 4578 579 4633; x_wconf 88' lang='lat' dir='ltr'>dem</span> <span class='ocrx_word' id='word_1_372' title='bbox 600 4577 827 4650; x_wconf 83' lang='lat' dir='ltr'>Volksrcgiment</span> <span class='ocrx_word' id='word_1_373' title='bbox 848 4577 1019 4632; x_wconf 83' lang='lat' dir='ltr'>maucherlei</span> <span class='ocrx_word' id='word_1_374' title='bbox 1039 4577 1325 4635; x_wconf 83' lang='lat' dir='ltr'>Unannehmlichkeit</span> <span class='ocrx_word' id='word_1_375' title='bbox 1343 4595 1378 4632; x_wconf 80' lang='lat' dir='ltr'>au</span> <span class='ocrx_word' id='word_1_376' title='bbox 1396 4578 1530 4636; x_wconf 84' lang='lat' dir='ltr'>bereiten.</span> 
     </span>
    </p>
   </div>
   <div class='ocr_carea' id='block_1_16' title="bbox 0 0 1819 5192">
    <p class='ocr_par' dir='ltr' id='par_1_19' title="bbox 0 0 1819 5192">
     <span class='ocr_line' id='line_1_43' title="bbox 0 0 1819 5192; baseline 0 0"><span class='ocrx_word' id='word_1_377' title='bbox 0 0 1819 5192; x_wconf 95' lang='lat' dir='ltr'> </span> 
     </span>
    </p>
   </div>
  </div>
 </body>
</html>
