3625 5192
652 388 741 443 Briefe
762 389 880 444 Mutinae
898 390 956 441 569.
976 390 1036 448 570,
1292 406 1296 411 ·
1447 390 1500 443 235

192 540 313 605 nitidus
334 545 381 603 cst
403 545 434 603 et
455 539 658 622 compositus,
680 538 759 603 satis
779 556 943 602 nervorum
962 537 1066 614 habet,
1087 538 1166 603 satis
1186 537 1262 602 itern
1274 537 1439 619 libertatis,
1462 559 1502 603 ue

192 643 296 706 dicam
325 641 520 704 austeritatis
547 648 578 705 et
604 641 695 705 aceti.
742 641 857 704 Verum
886 647 1010 703 amator
1035 642 1179 705 veritatis
1206 650 1238 705 et
1262 641 1381 706 Christi
1406 642 1500 706 disci-

193 743 286 825 pulus
312 741 428 806 offendi
452 761 513 806 uon
536 742 645 822 dehet,
669 743 695 805 si
719 742 793 823 quiid
817 744 933 807 acriter
953 750 1008 806 aut
1029 744 1170 807 severius
1191 744 1308 807 dictum
1331 744 1500 825 aspexerit.

191 848 272 909 Amo
295 844 520 927 Hieronymum
544 851 578 907 ut
599 844 814 909 doctissimum
836 864 1008 925 censorem,
1030 866 1101 909 amo
1117 844 1281 909 Erasmum
1303 853 1336 909 ut
1357 845 1500 910 criticum
1536 887 1547 905 .

193 946 498 1027 eloquentissimum,
522 955 652 1028 uterque
673 948 725 1029 pic
747 952 779 1010 et
798 946 956 1011 officiosus
976 947 1176 1012 venerandus
1195 957 1243 1013 est
1265 954 1298 1011 ut
1317 952 1501 1027 θαυμαστῆς

192 1041 375 1119 παιδεύσεως
392 1040 503 1130 ’avua'
553 1048 744 1131 Hieronymo
772 1050 906 1130 contigit
931 1049 1116 1113 emendator
1140 1056 1171 1112 et
1192 1047 1338 1114 laudator
1358 1050 1502 1112 eratissi-

192 1170 261 1215 mus
288 1148 352 1233 (l),
378 1151 441 1214 imo
469 1157 618 1232 patronus
645 1151 798 1215 adversus
818 1151 952 1215 Crinitil
980 1159 1014 1214 et
1036 1150 1185 1215 similium
1207 1150 1442 1231 cavillationes,
1469 1156 1502 1216 et

192 1252 342 1333 quoniam
365 1252 487 1315 Erasnri
514 1252 583 1316 laus
609 1273 671 1317 non
694 1260 766 1334 eget
794 1252 1009 1327 buccinatore,
1036 1254 1095 1329 <sic
1118 1254 1201 1317 enim
1223 1252 1350 1330 laudat,
1377 1260 1412 1316 ut
1431 1253 1502 1336 ipse

192 1352 431 1418 laudatissimus
453 1361 485 1417 et
505 1354 732 1418 disertissimus
752 1355 944 1436 Hieronymo
962 1355 1110 1419 disertior
1129 1374 1199 1420 esse
1216 1356 1389 1433 videatur,)
1410 1375 1430 1418 a
1450 1375 1501 1420 me

193 1464 299 1520 tamen
332 1456 471 1539 accipies
504 1462 538 1519 ut
568 1456 658 1520 horno
691 1456 767 1520 mihi
798 1458 1073 1523 coniunctissimus
1104 1477 1256 1521 summam
1289 1456 1398 1522 iudicii
1430 1458 1500 1522 mei.

193 1558 321 1621 Poterat
342 1556 464 1621 laudari
488 1559 598 1637 fusius,
619 1557 674 1622 sed
697 1578 844 1623 mensura
866 1560 1000 1643 epistole
1021 1579 1082 1623 non
1106 1561 1192 1643 capit
1214 1562 1459 1644 panegyricum:

275 1660 481 1724 instauratori
517 1660 766 1743 Hieronymiaue
804 1662 996 1727 bibliothece
1032 1682 1148 1743 magno
1182 1662 1313 1727 Erasmo
1361 1663 1501 1745 Burgun-

194 1761 281 1827 dioni
305 1764 465 1845 utriusque
490 1764 598 1845 lingue
619 1763 722 1845 gloria
741 1764 854 1827 illustri
876 1763 917 1828 dc
939 1765 1136 1846 evangelicis
1150 1773 1181 1829 et
1198 1765 1381 1847 apostolicis
1391 1765 1502 1840 literis,

195 1864 310 1929 nedum
333 1865 373 1929 de
394 1864 567 1949 prophanis
589 1872 620 1928 et
642 1886 714 1931 vere
734 1866 825 1930 bouis
845 1866 960 1931 studiis
980 1867 1099 1949 optime
1121 1868 1241 1946 merito,
1262 1868 1316 1949 qui
1338 1867 1501 1948 theologos

193 1986 302 2031 omnes
324 1976 357 2030 ut
378 1967 534 2031 industria
555 1968 710 2049 singulari
731 1974 776 2033 ita
797 1969 940 2033 Romana
965 1970 1128 2053 superavit
1148 1968 1343 2050 eloquentia,
1366 1968 1500 2033 studiosi

195 2074 227 2131 et
256 2067 375 2132 dociles
402 2071 545 2133 certatim
574 2070 719 2135 honorem
749 2071 879 2151 hahere,
909 2070 1025 2135 eruditi
1051 2077 1084 2135 et
1111 2072 1302 2136 excellentes
1333 2069 1500 2136 orthodoxi

194 2170 331 2234 cilicium
353 2191 443 2235 suum
466 2179 617 2255 prestare,
638 2175 740 2237 omnis
764 2181 841 2251 etas,
868 2193 972 2253 sexus,
992 2174 1078 2249 ordo,
1098 2174 1219 2254 gratias
1236 2192 1341 2254 agere,
1364 2171 1502 2253 denique

195 2272 395 2337 Christianus
418 2274 503 2338 orbis
525 2274 631 2339 l'avore
650 2276 752 2340 modis
773 2276 918 2342 omnihus
936 2282 1031 2357 atque
1052 2275 1219 2358 suffragari
1241 2275 1344 2339 dehet.

276 2375 393 2455 Habes,
413 2376 532 2459 Lange,
555 2397 658 2441 meum
679 2378 829 2443 iudicium
851 2386 882 2443 et
905 2386 991 2441 tuum
1006 2378 1229 2461 Hieronymum
1251 2397 1320 2441 cum
1343 2375 1502 2458 triplicato

194 2479 311 2543 tenore.
341 2478 421 2542 Huic
443 2478 562 2551 doctori
590 2480 707 2545 exinrio
733 2482 866 2563 primam
893 2482 926 2545 in
952 2480 1097 2544 Atheneo
1125 2487 1178 2545 tuo
1210 2479 1392 2544 cathedram
1426 2476 1502 2541 dato

196 2580 324 2644 semotis
347 2582 557 2645 contenciosis
577 2581 649 2660 illis,
671 2583 785 2663 quihus
807 2584 847 2646 ob
868 2581 1101 2657 scholasticam,
1123 2588 1291 2660 utvocant‚
1310 2580 1502 2660 theologiam

196 2688 228 2746 te
254 2701 311 2765 pro
339 2690 480 2765 tempore
508 2683 649 2748 dedicas.
699 2684 821 2749 Cedant
843 2684 1056 2767 Capreolus,2
1081 2683 1284 2749 Durandus3.
1334 2685 1446 2747 Scotus
1471 2687 1504 2745 et

195 2783 324 2864 Occam,
350 2784 445 2848 cadat
466 2806 484 2849 e
504 2805 598 2849 manu
622 2786 717 2866 hickl,
739 2786 867 2867 axckst,
888 2786 1061 2870 hr‘rlparte.b
1103 2786 1284 2852 Hebescuut
1304 2794 1336 2849 et
1357 2784 1502 2866 langues-

196 2891 271 2949 cunt
291 2886 432 2967 sophista
454 2888 560 2951 collati
583 2909 652 2953 eum
676 2889 806 2953 eruditis
829 2896 860 2954 et
871 2889 1101 2969 eloquentibus,
1124 2889 1248 2952 tametsi
1265 2888 1296 2951 iu
1313 2906 1371 2950 sua
1383 2886 1503 2950 harena

197 2987 268 3069 plus
289 3007 383 3070 quam
405 2989 597 3071 gladiatorio
619 2992 773 3057 dimicant
794 2994 907 3055 auimo.
1334 2988 1422 3053 Vale.

265 3112 447 3160 Handuehrlltl.
468 3114 529 3161 (loll.
550 3116 617 3161 Cam.
636 3114 703 3162 Mon.
723 3117 771 3162 vol.
782 3115 849 3163 vill.
870 3115 962 3175 epm.
992 3114 1140 3173 altrepa-oph.

267 3212 357 3266 'cos
378 3208 448 3281 ἅνηρ.
474 3218 478 3229 ’
520 3204 610 3268 leon.
630 3210 754 3281 nupera.

197 3438 276 3508 570.
299 3416 342 3508 hl.
365 3457 409 3505 an
430 3440 572 3507 lohann
594 3441 727 3524 hange.
998 3438 1132 3524 (Gotho
1147 3439 1244 3510 tolo.
1278 3438 1502 3518 hrenonrhcr.)

267 3562 328 3610 ntur.
348 3564 466 3611 bourteilt
485 3566 529 3611 clas
549 3566 626 3611 Wcrlr
646 3566 841 3611 doslsudovicus·
860 3564 959 3611 Caclius
980 3565 1133 3623 Rhodiginus
1155 3565 1205 3611 und
1225 3565 1309 3625 bitror,
1329 3563 1442 3611 dassulbe
1462 3563 1502 3609 hc-

197 3634 282 3679 haltcn
303 3648 332 3679 zu
352 3635 447 3682 diirlen.
485 3636 518 3680 Er
537 3636 625 3681 sondet
646 3635 737 3682 Grilsso
758 3651 790 3681 an
809 3635 922 3695 Staupitz
941 3636 992 3680 aud
1013 3636 1115 3682 Lulher.

277 3731 462 3797 Reverendo
484 3733 568 3815 patri
589 3732 700 3797 loauui
723 3732 848 3814 Lango,
877 3732 1024 3815 theologo
1046 3732 1214 3815 prestanti,
1248 3732 1346 3814 priori
1374 3733 1503 3816 optimo,

197 3832 300 3897 amico
322 3833 448 3898 selecto.

275 3932 469 4018 Ὑγιαίνειν.Ι
492 3935 576 4015 Heri,
599 3944 631 3999 ut
653 3942 822 4019 comparet,
843 3935 984 4000 exarasti
1005 3935 1113 4000 literas
1133 3935 1173 4000 de
1186 3935 1348 3999 stomacho
1364 3954 1503 4016 nasoque

197 4036 435 4116 Phariseorum,
460 4039 512 4120 qui
544 4044 576 4101 ut
602 4038 749 4102 familiari
773 4037 883 4102 habitu
906 4038 962 4101 tibi
986 4045 1175 4119 congruunt,
1202 4038 1248 4102 ita
1269 4038 1302 4101 in
1324 4036 1504 4120 disciplinis

269 4156 357 4207 ²Cod.
378 4152 485 4221 ὑγιαίειν,
943 4137 966 4166 ⁰

197 4286 397 4293 —n———n—

261 4370 272 4412 ¹
294 4375 359 4445 vgl.
380 4374 476 4428 Brea
498 4375 523 4431 S.
536 4374 573 4428 82
594 4372 718 4432 Anat.

261 4450 437 4510 2Johannes
458 4452 623 4526 Capreolus,
651 4454 901 4527 Prodigermh'neh,
928 4457 1003 4511 lchte
1033 4475 1082 4511 aur
1108 4457 1168 4511 Zcit
1193 4456 1293 4511 Kaisar
1320 4453 1502 4525 sigismunde.

199 4535 254 4607 vgr
283 4534 417 4590 Trithem.
440 4535 483 4589 De
505 4535 598 4605 script.
620 4536 717 4592 eccles.
739 4540 767 4589 in
789 4538 839 4606 Op.
861 4537 949 4591 Thith.
963 4538 984 4607 l,
1005 4556 1032 4608 p.
1047 4536 1116 4590 340.

260 4610 411 4671 ³Durand
431 4617 464 4674 oe
487 4615 524 4673 St.
547 4615 692 4693 Pourpaiu,
713 4618 731 4686 †
753 4616 839 4687 1333,
860 4636 916 4674 war
932 4618 981 4673 der
1002 4625 1073 4678 erstc
1093 4617 1286 4677 themistische
1307 4613 1481 4675 Nomiuulisl.
