3625 5192
686 337 776 394 Brlele
793 337 914 393 Mutians
935 340 993 392 365.

388 491 468 553 Sunt
490 488 542 570 qui
564 486 708 574 sydereis
729 487 870 554 tribuant
890 487 970 552 haee
991 487 1097 551 omnia
1120 485 1203 565 latis,

389 593 448 655 Ast
468 610 528 672 ego
550 593 683 670 fortune,
703 609 764 671 que
785 591 835 654 vis
856 591 1019 671 incognita
1043 587 1178 670 quedam

389 692 672 772 machometem
696 693 738 756 sit
759 692 846 757 Deus
864 693 934 776 ipse
957 693 1005 756 vel
1029 690 1131 754 altera
1153 693 1253 754 virtus

390 795 521 860 lnl'erior
542 795 685 859 subiecta
706 795 784 870 Deo,
806 795 855 860 eui
877 795 1008 860 cesserit
1029 797 1098 876 ipse

388 898 468 962 Tale
489 898 696 963 ministerium
721 898 863 979 tantique
884 897 1019 980 negocia
1040 897 1140 980 regni.

387 999 545 1082 Quicquid
565 1000 642 1080 agit,
665 1001 747 1063 iuste
767 999 833 1062 lieri
857 998 1114 1064 concredere-fas
1136 1007 1190 1063 eet

389 1102 451 1166 Sed
473 1122 528 1167 cur
548 1105 629 1167 scire
651 1101 763 1167 uel'as?
789 1102 926 1184 Preeeps
945 1102 1093 1166 cohibere
1115 1121 1245 1167 neccsse
1266 1109 1314 1167 cst

389 1204 552 1269 Iudicium.
595 1204 681 1268 Dens
703 1204 785 1269 hunc
805 1205 862 1268 tali
884 1205 967 1286 regit
988 1205 1098 1268 ordine
1119 1204 1278 1270 muudum.

227 1365 254 1430 0
276 1373 426 1448 quautam
447 1366 509 1430 vim
529 1366 687 1450 possides,
714 1365 853 1430 lortunal
895 1365 959 1430 Sed
979 1365 1064 1447 apud
1085 1386 1142 1430 vos
1163 1364 1418 1444 religiosissimos
1441 1363 1493 1427 lro-

228 1468 329 1534 mines
361 1490 400 1534 ac
429 1468 587 1552 theologie
613 1468 773 1532 studiosos
803 1467 901 1532 verba
928 1467 1048 1532 l'aeicns
1081 1466 1150 1533 Deo
1188 1468 1291 1551 potius
1324 1466 1491 1532 immortali

226 1589 320 1652 quam
344 1572 465 1636 fortune
490 1571 593 1636 tribuo
613 1590 716 1635 rerum
738 1569 944 1634 humanarum
965 1569 1182 1650 gubernacula
1198 1569 1344 1633 imitatus
1367 1571 1492 1652 Augus·

226 1672 343 1750 tinum,
378 1691 470 1754 quern
505 1673 642 1756 penituit
679 1673 711 1736 in
747 1671 838 1738 libris
869 1672 1144 1738 Retraetaeionum
1192 1671 1341 1737 laudasse
1392 1671 1492 1734 virum

227 1773 364 1841 nobilem
394 1795 433 1840 ex
460 1776 584 1840 tortune
615 1774 759 1856 dotibus,
787 1795 848 1857 que
880 1775 989 1859 procul
1020 1773 1117 1840 dubio
1147 1775 1256 1840 divine
1286 1784 1359 1839 sunt
1393 1774 1493 1852 assig-

226 1877 330 1941 uaude
356 1877 570 1961 providencia.
613 1877 753 1960 Videtis,
782 1878 947 1944 reverendi
970 1886 1090 1960 patres,
1117 1879 1235 1942 nullum
1262 1877 1342 1942 adeo
1367 1877 1491 1941 felicem

227 1999 314 2061 esee,
350 2000 442 2062 ouem
474 1982 574 2046 nrulta
607 1981 690 2046 mala
729 2002 790 2046 non
828 1981 1063 2046 circumsiliaut.
1129 1979 1239 2044 Verum
1276 1980 1347 2064 ipsa
1381 1979 1492 2062 religio

226 2090 333 2148 nostra
353 2103 429 2148 vere
451 2082 588 2162 illibata,
613 2085 738 2148 slneera
758 2089 789 2146 et
817 2083 909 2164 quasi
931 2082 1033 2148 virilis
1060 2083 1246 2148 concubitus
1266 2100 1379 2164 expers
1403 2101 1491 2145 sune-

226 2185 351 2248 tissima
378 2186 469 2268 virgo
495 2185 695 2266 quietissima
723 2187 783 2249 lert
803 2185 908 2250 omnia
935 2185 1034 2248 l'ronte
1055 2191 1122 2249 tota
1143 2184 1286 2268 paciens,
1316 2191 1382 2248 lota
1408 2184 1493 2248 uritis

225 2292 256 2351 et
277 2286 457 2368 tranquilla,
480 2287 541 2350 uisi
563 2307 633 2351 eum
655 2306 724 2352 eam
748 2287 900 2352 levissimi
923 2285 1050 2366 (paridam
1069 2287 1234 2351 theobaudi
1256 2286 1366 2355 illotis.
1396 2293 1429 2350 ut
1449 2286 1494 2350 ita

226 2388 341 2468 dicam,
360 2389 507 2454 manibus
521 2389 721 2473 Harpyarum
731 2409 817 2453 more
833 2395 1046 2453 attrectantet
1067 2390 1292 2454 contaminant.
1333 2387 1495 2453 Adversus

224 2509 354 2571 quorum
368 2492 576 2574 importunam
590 2489 760 2555 audaciam
782 2491 1054 2574 etiuanspicatam
1077 2492 1294 2572 garrulitatem
1317 2488 1494 2574 intrepidus

225 2612 349 2674 semper
375 2593 463 2657 stetit
484 2591 642 2657 Mattheus
663 2593 817 2671 Stemma,
846 2593 952 2676 patria
974 2591 1166 2676 Fribergius,
1187 2592 1309 2658 ordinis
1329 2591 1492 2676 Calaguri-

227 2694 293 2757 tani
315 2692 489 2774 Dominiei‚
514 2695 563 2756 vir
592 2714 654 2758 nou
683 2695 786 2758 minus
807 2694 872 2758 vite
893 2695 1105 2758 sanctimonia
1128 2714 1221 2777 quam
1242 2693 1428 2777 disputandi
1450 2693 1491 2758 lc-

224 2795 385 2877 gendique
397 2795 528 2860 assidua
540 2796 715 2877 vigilaneia
728 2797 871 2877 insignis.
918 2797 945 2859 N
950 2816 988 2861 ou
1001 2797 1084 2860 enim
1097 2796 1136 2859 ad
1151 2795 1332 2878 religionem
1342 2797 1490 2880 despera-

227 2897 359 2978 bundas,
376 2905 409 2962 ut
421 2898 523 2963 solent
537 2898 680 2963 infelices
689 2906 721 2963 et
732 2898 889 2963 interdum
900 2900 946 2962 rei
957 2899 1073 2982 eapitis
1085 2898 1243 2980 querende
1254 2899 1366 2964 salutis
1377 2899 1493 2981 gratia,

224 3021 259 3065 se
280 3001 413 3083 recepit,
441 2999 497 3065 scd
519 3000 661 3074 afflatos,
693 3007 727 3065 ut
747 3000 857 3080 eredo,
878 2999 1046 3065 llomiuieo
1067 3001 1179 3082 spiritu
1203 3010 1234 3064 et
1255 3008 1366 3083 eaptus
1387 3021 1492 3065 amore

224 3110 334 3167 sancte
356 3103 571 3186 simplicitatis
588 3111 737 3186 paternas
753 3103 1005 3186 argentifodinas
1023 3111 1054 3166 et
1069 3103 1167 3168 seculi
1189 3123 1323 3186 pompas
1343 3105 1491 3169 descrens

225 3205 423 3269 doctissimos
453 3204 587 3270 ecclesie
613 3204 757 3269 doctores
783 3226 844 3271 non
870 3225 933 3269 uno
961 3205 992 3268 in
1017 3205 1085 3268 loeo
1111 3204 1243 3269 audivit.
1286 3205 1399 3271 Testes
1419 3213 1492 3270 sunt

225 3307 443 3390 Parrhysiaoi,
475 3307 679 3388 Tieiuenses,
708 3307 866 3370 Patavini.
919 3306 1025 3383 Quid?
1053 3307 1154 3372 eciam
1183 3307 1293 3384 Rome,
1324 3307 1377 3372 ubi
1405 3307 1490 3372 Petri

224 3409 326 3490 sedes,
336 3395 531 3492 theologicas
544 3412 703 3491 protessus
716 3415 764 3472 est
777 3408 960 3473 sententias.
991 3409 1107 3472 Gratus
1119 3407 1372 3488 Trevirensibus,
1384 3411 1490 3491 quain

224 3511 355 3576 civitate
376 3511 512 3576 donatus
533 3512 592 3574 tuit
611 3529 772 3575 sacrarum
794 3510 955 3596 literarum
972 3509 1152 3574 uenerando
1167 3510 1287 3574 haculo.
1332 3510 1400 3589 Quc
1420 3531 1490 3576 oum

224 3613 270 3677 ita
299 3613 452 3688 habeant,
480 3613 591 3676 merito
619 3613 723 3695 gloria
750 3611 924 3677 hlattheum
954 3619 1092 3676 nostrum
1118 3613 1206 3695 sequi
1235 3611 1342 3692 debet,
1370 3619 1403 3676 ut
1430 3633 1490 3678 uon

224 3716 349 3796 vulgari
381 3713 550 3778 dulcedine
579 3713 682 3778 laudis
709 3721 754 3777 tot
781 3713 907 3778 labores
936 3722 982 3777 tot
1006 3713 1118 3796 vigilie
1151 3735 1190 3780 ac
1215 3715 1491 3800 peregrinacioues

225 3824 470 3882 remunerentur.
512 3816 600 3900 Cape
625 3834 709 3879 nune
737 3835 884 3880 eoronam
913 3823 944 3879 et
971 3815 1088 3880 licitam
1112 3825 1143 3881 et
1163 3817 1225 3882 tuis
1249 3817 1418 3882 virtutibus
1439 3817 1492 3882 de·

225 3919 334 3999 bitum,
356 3938 419 4001 qua
434 3919 602 3983 decoratus
622 3923 732 3983 contra
753 3915 863 3981 rudem
884 3916 1049 3981 insciolam
1071 3919 1161 4000 quasi
1184 3919 1336 3984 adversus
1354 3919 1490 3984 monem

225 4029 256 4087 et
278 4020 419 4106 Hydram
445 4023 532 4086 velut
552 4019 703 4093 Hercules
731 4017 884 4102 auspiciis
915 4027 946 4082 et
972 4017 1066 4083 ductu
1087 4020 1155 4084 divi
1178 4021 1300 4086 lhome
1321 4021 1492 4102 equinatis

225 4125 398 4188 literarium
433 4123 539 4187 exeita
574 4130 744 4186 certamen.
794 4121 829 4185 ln
857 4119 984 4184 nourine
1010 4121 1109 4203 patris
1139 4130 1171 4187 et
1201 4122 1257 4186 lilii
1294 4127 1327 4185 et
1362 4114 1492 4206 spiritus

225 4227 336 4290 saneti.
379 4228 490 4290 Aureo.

256 4351 437 4400 Harrdscluiitl.
457 4349 477 4394 h*
499 4347 546 4395 301
568 4349 610 4395 l'ol.
624 4346 724 4393 lear—
737 4345 809 4392 laur.

739 4522 939 4536 qn—-n-w
