3625 5192
657 352 746 407 Briele
764 352 885 409 Mutians
909 352 948 407 16.
970 354 1012 407 17.
1450 355 1485 409 27

183 499 233 571 17.
254 499 299 569 hl.
322 518 367 566 an
389 499 522 567 Urhan.
987 500 1105 570 (lotha
1125 501 1231 569 laos.
1264 500 1486 585 September.

252 634 313 680 nur.
346 634 426 679 dauht
456 634 512 679 dem
538 632 623 679 Urban
653 635 691 679 l‘dr
715 634 759 679 das
784 635 839 679 darn
863 634 977 693 Spalatin
1000 635 1140 682 belriusenc
1158 635 1323 681 Wohlwollon
1346 635 1397 680 und
1422 634 1488 691 zeigt

183 706 245 765 ihm,
269 704 315 750 wie
337 719 364 751 er
382 704 427 751 mit
446 704 501 751 dom
520 704 609 765 Alton,
636 705 742 751 welcher
756 704 811 751 sein
830 704 950 751 Lelrramt
968 705 994 752 in
1014 705 1182 764 Georgenthal
1205 705 1276 751 nicht
1297 706 1385 751 iahreu
1405 706 1487 751 lusson

183 777 261 836 wolle,
279 790 308 821 zu
326 774 403 821 roden
422 774 493 821 habu.

259 890 395 955 chrico
418 888 572 954 Urbano
594 888 753 953 Mutianus
773 889 881 953 Rullus.

261 992 371 1069 Salve,
402 990 627 1055 humanissime
663 990 712 1055 vir
747 997 779 1054 ct
809 1010 865 1074 per
896 990 1038 1057 erochen
1064 992 1241 1073 quandam,
1274 992 1333 1057 hoc
1360 999 1409 1057 est
1433 1012 1486 1056 ex-

179 1094 373 1169 cellentiam,
402 1093 540 1158 Urbane.
589 1092 786 1176 Preoccupas
814 1091 952 1157 oliiclum
979 1102 1118 1159 nostrum
1143 1101 1191 1175 ct,
1223 1114 1318 1175 quum
1348 1116 1368 1157 a
1395 1092 1487 1159 nohis

179 1196 341 1281 rogandus
368 1194 429 1275 sis,
461 1197 532 1279 ipse
560 1214 662 1277 rogas.
712 1196 739 1260 Ο
767 1194 944 1260 inauditam
973 1203 1005 1258 et
1033 1195 1311 1278 inmnrparahilcru
1345 1195 1485 1259 humani-

179 1300 289 1364 tatem!
331 1297 403 1363 Non
423 1297 516 1361 modo
540 1316 601 1361 non
622 1296 810 1379 dedignaris
829 1297 1029 1379 spaletinam
1051 1296 1168 1363 habere
1197 1299 1230 1363 in
1250 1317 1379 1363 numero
1398 1298 1487 1363 lami-

178 1403 313 1477 liarinm,
336 1400 393 1467 sed
415 1400 562 1479 provehis
586 1418 688 1482 neque
710 1400 758 1480 iis,
780 1400 832 1481 qni
855 1405 987 1483 presunt
1006 1399 1179 1483 reipublice
1199 1408 1313 1479 vestro,
1334 1420 1487 1465 commen-

179 1504 258 1569 dare
283 1502 437 1587 gravaris.
480 1502 561 1567 Nam
593 1502 704 1585 quanti
734 1522 784 1567 nre
812 1503 917 1567 facere
945 1510 1039 1587 putas
1067 1502 1163 1582 illud,
1196 1502 1279 1584 quod
1304 1503 1370 1567 heri
1393 1502 1486 1567 inter-

181 1607 287 1671 missis
307 1605 432 1670 oenobii
464 1606 507 1669 tui
532 1604 669 1685 negotiis
706 1605 797 1670 homo
828 1604 954 1686 magnis
980 1603 1073 1669 rebus
1102 1604 1282 1688 prepositus
1318 1612 1488 1687 expectare

179 1707 318 1773 maluisti
350 1726 444 1789 qnam
478 1713 533 1770 aut
559 1714 612 1771 tuo
639 1706 783 1772 instituto
811 1714 866 1771 aut
893 1714 1049 1771 avocante
1080 1725 1156 1769 eura
1182 1706 1350 1771 recedere?
1397 1705 1488 1770 Talis

179 1818 249 1875 erat
270 1809 388 1883 Cicero,
411 1809 463 1890 qui
486 1830 546 1873 non
571 1808 671 1873 inians
692 1806 852 1872 literarum
876 1810 949 1873 ocia
969 1828 1063 1891 quam
1085 1810 1143 1873 l‘ori
1168 1808 1303 1891 negocia
1331 1808 1488 1873 tractabat

176 1931 240 1977 non
262 1911 366 1994 magis
392 1917 464 1975 actu
486 1930 587 1975 rernm
614 1918 646 1976 et
666 1912 940 1994 procurationibus
961 1910 1135 1995 reipublice
1155 1912 1309 1977 sollicitus
1335 1930 1430 1993 quarn
1454 1912 1487 1975 in

179 2012 331 2079 ornandis
362 2012 551 2095 tuendisque
579 2013 720 2095 ingeniis
746 2012 915 2079 studiosus.
963 2014 1027 2078 Sed
1058 2013 1135 2095 qnid
1169 2032 1290 2079 annoso
1319 2012 1487 2095 responde·

176 2116 281 2180 bimus
311 2114 516 2179 Aristarcho?
573 2114 679 2181 Dicet:
718 2116 820 2195 „0hc,
854 2133 950 2197 quam
982 2115 1106 2181 iuvenis
1142 2123 1192 2181 est
1226 2116 1277 2180 hic
1310 2116 1488 2197 preceptor!

176 2218 300 2296 Quibus
321 2216 364 2281 sit
384 2216 521 2280 moribus
534 2216 686 2300 preditus,
707 2217 871 2299 ignoratis.
904 2217 1002 2283 Fides
1022 2236 1094 2281 mea
1110 2216 1212 2283 tribus
1224 2216 1489 2282 retroabhatibns

179 2326 365 2403 perspecta,
390 2317 535 2383 doctrina
555 2338 627 2383 mea
646 2320 834 2403 primoribus
853 2318 974 2384 ordinis
994 2320 1138 2401 cognita,
1160 2320 1290 2385 novitiis
1311 2319 1489 2399 utilissima,

176 2423 248 2487 Deo
277 2426 410 2503 accepta
431 2439 555 2504 semper
582 2420 649 2486 l'nit.
692 2423 807 2486 &nem
829 2421 1013 2509 excluditis,
1042 2428 1204 2505 parentem
1232 2422 1407 2486 animorum
1431 2422 1488 2487 eli-

177 2524 319 2587 minatis.
362 2522 492 2601 Videte,
513 2542 553 2587 ne
574 2542 631 2587 vos
655 2522 731 2587 l'acti
752 2525 848 2587 vestri
870 2524 1041 2607 peniteat.“
1082 2523 1187 2603 Talia,
1208 2532 1241 2588 ut
1260 2524 1382 2607 opinor,
1403 2522 1488 2589 intra

177 2645 213 2691 se
242 2625 489 2689 ratiocinabitur.
536 2624 577 2689 Et
604 2624 727 2691 merita.
774 2625 831 2691 Est
858 2626 942 2690 enim
971 2626 1066 2691 etatis
1101 2625 1188 2690 racio
1215 2623 1363 2691 habenda
1398 2632 1430 2689 et
1454 2632 1488 2689 ut

175 2729 255 2791 vina
290 2727 336 2791 ita
368 2726 487 2791 amicos
514 2732 639 2792 veteres
668 2727 759 2792 novis
791 2727 1023 2809 anteponimus.
1075 2727 1193 2793 Contra
1218 2727 1282 2792 dici
1311 2733 1414 2811 potest
1443 2727 1487 2805 id,

175 2828 259 2913 quod
283 2850 303 2893 a
324 2836 355 2893 te
376 2828 440 2893 dici
463 2828 618 2894 volumus:
649 2828 829 2911 „Magister
850 2850 911 2894 non
935 2848 1089 2912 negamus
1114 2836 1230 2895 etatem
1251 2848 1322 2894 esse
1341 2834 1486 2912 spectan-

174 2931 267 3009 dam,
297 2931 372 3012 quin
396 2932 492 2995 etiarn
514 2951 616 2995 mores
637 2938 669 2995 et
691 2932 851 3013 ingenium
877 2938 910 2996 et
936 2931 1144 2997 eruditionem
1168 2932 1328 3013 utriusque
1349 2938 1487 2996 vestrum

176 3051 356 3117 pensamus.
398 3031 668 3110 Quemadmodum
692 3053 747 3098 era
769 3034 883 3099 tinnitu
919 3036 965 3099 ita
992 3035 1134 3099 homines
1161 3052 1306 3099 sermone
1325 3034 1487 3116 cognosci-

176 3154 257 3199 mus.
299 3134 419 3200 Necte
439 3134 614 3214 adiuverit,
642 3135 725 3216 qnod
744 3138 788 3201 sis
813 3136 946 3218 grandis
964 3145 1050 3201 natu.
1092 3136 1178 3200 Fieri
1206 3155 1300 3219 posse
1326 3135 1397 3219 quis
1425 3154 1487 3200 non

173 3236 278 3316 videt,
311 3243 343 3301 ut
376 3236 418 3301 sit
445 3236 529 3301 idem
556 3256 651 3301 senex
681 3248 713 3302 et
739 3238 868 3319 stultus,
899 3260 917 3303 e
951 3239 1078 3305 diverso
1110 3239 1234 3305 iuvenis
1267 3244 1299 3302 et
1325 3236 1488 3320 prudens?

176 3338 278 3417 Quid!
311 3338 424 3403 Nonne
446 3339 553 3422 Scipio
576 3338 791 3421 aphricanus,
821 3360 917 3423 quum
944 3362 1000 3425 per
1030 3349 1147 3407 etatem
1167 3341 1272 3406 adbuc
1295 3359 1358 3405 non
1380 3339 1489 3404 liceret

176 3440 407 3534 rempublicam
429 3461 553 3524 capere,
574 3449 664 3507 entra
685 3450 799 3508 sortem
824 3450 928 3508 tamen
951 3444 1139 3525 Hispaniam
1166 3442 1303 3525 adeptus
1323 3448 1488 3523 astatque

173 3562 214 3607 eo
237 3544 384 3621 consilio,
406 3543 576 3625 prudentia
597 3553 629 3607 et
651 3544 833 3608 maturitate
856 3547 1046 3629 provintiam
1071 3545 1321 3624 administravit,
1344 3550 1379 3609 ut
1400 3543 1488 3607 brevi

174 3654 317 3727 tempore
359 3652 492 3726 quatuor
530 3645 859 3728 Carthaginiensium
903 3649 1110 3730 imperatores
1150 3647 1325 3712 devicerit?
1386 3645 1488 3711 Nemo

175 3747 284 3812 florem
314 3748 408 3811 etatis
430 3747 559 3812 damnet
579 3750 630 3813 vel
653 3750 783 3813 inscicie
809 3750 859 3813 vel
887 3751 1091 3831 temeritatis,
1125 3770 1219 3832 quum
1248 3749 1400 3814 mensuit
1426 3767 1488 3811 non

173 3848 323 3913 omnibns
346 3869 417 3915 una.
459 3849 577 3916 Paulus
597 3850 639 3916 ad
660 3852 909 3935 Tymotheum:]1
938 3852 1077 3932 ,‚Nemo,
1107 3851 1219 3934 inquit,
1241 3850 1490 3917 adolescentiam

174 3957 265 4015 tuam
293 3954 500 4017 contemnet.⁴‘
550 3953 584 4018 ln
614 3954 721 4018 multis
751 3954 883 4020 celerior
912 3962 961 4020 est
981 3974 1091 4019 cursus
1115 3954 1237 4036 ingenii
1263 3972 1356 4035 quam
1384 3951 1487 4017 etatis.

172 4052 229 4123 Et,
264 4058 297 4115 nt
329 4060 430 4117 tecum
452 4050 565 4120 i'acetis
590 4055 849 4121 cavillationibus
871 4058 1060 4136 lusitemus,¹
1080 4055 1172 4136 audi,
1206 4055 1286 4121 bone
1312 4063 1487 4139 preceptor,

173 4152 292 4235 quihus
327 4155 449 4221 salibus
481 4156 614 4221 Matiani
652 4177 732 4221 cena
768 4158 850 4223 inter
881 4166 1004 4224 mutuos
1039 4178 1198 4225 sermones
1234 4159 1350 4223 referta
1385 4156 1486 4222 l'uerit

165 4245 441 4337 'colloquebamur
477 4258 676 4324 familiariter
709 4261 750 4325 de
783 4280 877 4344 equo,
909 4261 1001 4344 qnia,
1039 4268 1073 4325 ut
1102 4260 1215 4327 amicis
1246 4258 1488 4345 gratificaretur,

248 4382 261 4409 ²
279 4382 305 4427 1⁴*
317 4382 541 4444 Cartaginensium.

241 4591 254 4637 ¹
276 4596 440 4658 Timotheus
462 4598 489 4675 t,
506 4600 551 4656 12.
