3625 5192
681 381 941 452 Geschichtaquellen
959 383 1007 438 der
1025 382 1099 440 Prov.
1118 382 1241 438 Sachsen.

514 532 719 613 stacteum,
739 551 811 596 cum
832 531 936 596 dulcis
957 529 1061 595 adbuc
1082 536 1113 596 te
1135 531 1202 595 vita
1224 539 1355 611 teneret,

514 637 646 718 Semper
666 653 738 700 eras
758 634 856 699 nostri
878 633 1019 698 maxima
1039 632 1125 697 l'ama
1145 632 1241 714 chori,

514 737 578 818 Sic,
598 742 655 800 tua
675 754 759 800 nune
779 741 946 818 postquam
967 733 1069 798 dulcis
1091 740 1121 798 te
1142 735 1211 800 vita
1234 735 1369 818 reliquit,

512 837 668 921 Perpetuo
686 857 839 903 memores
859 857 918 903 nos
935 839 1026 902 decet
1048 857 1118 902 esse
1140 838 1195 901 tui.

423 944 493 1022 165)
514 941 597 1004 Nam
618 940 690 1023 quis
710 945 742 1006 te
762 939 915 1022 gravior?
955 939 1034 1017 Quis
1054 945 1085 1003 te
1106 939 1300 1004 constantior
1324 959 1461 1022 uuquam

515 1041 626 1107 Dulcis
646 1042 807 1106 amicitiae
827 1042 897 1106 iura
918 1051 1025 1106 tenere
1046 1041 1129 1105 fuit?

515 1144 594 1221 Quis
614 1143 722 1209 llusas
743 1145 846 1227 potuit
866 1145 982 1208 fovisse
1006 1143 1172 1224 benignior
1192 1143 1332 1226 hospes?

516 1245 711 1311 Teutonides
730 1245 840 1310 Musae
860 1264 953 1327 quem
976 1244 1098 1310 coluere
1121 1245 1244 1323 magis?

518 1349 623 1429 Atque
643 1347 703 1413 hoc
724 1353 759 1410 ut
778 1347 909 1411 nimium
933 1346 1036 1427 luerit,
1057 1367 1131 1410 num
1152 1349 1219 1411 iure
1241 1366 1396 1428 rogemus,

426 1454 498 1528 170)
518 1447 695 1514 Aederides
713 1448 824 1514 Musae
844 1468 936 1531 quem
959 1448 1082 1514 coluere
1102 1449 1230 1531 magis?

518 1551 570 1614 lle
586 1569 679 1632 quem
700 1557 882 1616 nascentem
904 1552 1037 1634 primum
1060 1571 1162 1634 vagus
1181 1551 1308 1614 aedera
1327 1551 1418 1632 vidit,

517 1653 645 1717 Nullius
665 1652 787 1734 ingenii
807 1652 908 1716 movit
929 1653 1034 1733 imago
1056 1654 1167 1734 magis.

519 1756 588 1819 Heu
610 1753 709 1837 podet
728 1761 761 1818 et
779 1752 868 1819 dolor
889 1761 937 1817 est
960 1772 1087 1818 nemora
1108 1756 1246 1839 amplius
1269 1754 1326 1821 illa
1346 1755 1464 1834 videre,

516 1857 554 1920 ln
576 1856 692 1939 quibus
711 1862 759 1920 est
778 1856 863 1920 vitae
884 1855 949 1919 lixa
969 1853 1089 1920 tabella
1111 1865 1193 1922 tuae.

424 1961 496 2037 175)
518 1959 587 2023 Heu
609 1957 730 2038 domus,
750 1956 811 2021 heu
832 1956 909 2020 culti
930 1956 1057 2021 tandem
1077 1959 1146 2022 sine
1165 1957 1296 2024 floribus
1317 1959 1409 2039 horti,

520 2060 598 2136 Quis
618 2078 676 2123 ros
693 2077 856 2123 successor
875 2058 994 2138 dignus
1016 2057 1132 2124 habere
1154 2059 1279 2143 potest?

519 2161 598 2239 Quis
619 2179 702 2224 nnuc
722 2178 779 2224 vos
799 2159 948 2244 placidae
966 2159 1139 2225 studiorum
1164 2162 1304 2244 possidet
1325 2163 1465 2241 umbrae,

524 2264 558 2325 ln
580 2262 693 2344 quibus
715 2261 837 2342 ingenii
853 2261 971 2326 nobilis
990 2281 1048 2326 ara
1068 2263 1176 2326 stetit?

522 2365 624 2441 Quam
646 2362 722 2427 milri
744 2370 837 2444 grata
858 2363 919 2427 tuit
941 2362 1057 2428 blundo
1078 2363 1189 2428 domus
1212 2365 1268 2429 illa
1289 2384 1424 2444 recessu,

431 2471 501 2544 180)
523 2468 603 2530 Tam
623 2484 706 2528 nuno
722 2466 850 2546 ingrata
870 2473 920 2529 est
942 2465 1059 2529 lumine
1080 2485 1173 2531 cassa
1192 2487 1256 2532 suo.

523 2568 625 2644 Quam
646 2566 751 2631 Gotho
772 2566 888 2630 vicinis
910 2565 1053 2631 residens
1073 2567 1106 2630 in
1126 2567 1260 2633 collibus
1281 2569 1390 2649 Hesso,

522 2670 602 2733 Tam
623 2687 747 2750 quoque
768 2686 852 2731 nunc
872 2667 967 2749 longe
985 2666 1100 2733 dissita
1120 2669 1191 2734 visa
1210 2671 1286 2734 mibi
1309 2680 1364 2737 est.

526 2770 585 2836 llla
605 2769 682 2834 mibi
701 2769 843 2853 hyberno
864 2770 1020 2835 vernabat
1040 2771 1153 2852 sydera
1174 2772 1277 2852 tellus,

526 2873 615 2949 Quae
634 2872 742 2937 Musas
762 2873 871 2943 tenuit,
894 2871 975 2936 Rufe
999 2872 1100 2952 beate,
1122 2880 1202 2937 tuas.

433 2979 504 3049 185)
528 2976 620 3039 Nunc
640 2974 792 3058 hyemant
809 2973 857 3037 illi
877 2993 974 3038 verno
995 2973 1073 3037 milri
1097 2974 1210 3057 sydera
1233 2976 1337 3054 collos,

527 3078 561 3140 ln
582 3077 697 3158 quibus
717 3075 803 3139 idem
821 3077 896 3140 olim
918 3076 1058 3141 maxima
1079 3077 1174 3141 turris
1195 3097 1274 3142 eras.

522 3179 632 3244 Donec
650 3179 683 3242 in
707 3177 769 3243 hiis
791 3178 885 3242 istar'n
905 3178 1035 3243 tenuisti
1056 3178 1187 3244 sedibus
1208 3199 1323 3258 arcem,

524 3279 663 3345 Foelicis
681 3280 807 3344 fuerant
825 3298 923 3344 aurea
944 3300 1017 3344 rura
1037 3280 1170 3346 Gothae.

523 3383 693 3464 Postquam
716 3381 919 3462 tranquillam
941 3401 1004 3446 non
1025 3382 1137 3448 incolis
1159 3385 1295 3466 amplius
1317 3403 1430 3464 arcem,

435 3487 503 3554 190)
526 3484 715 3566 Frigescunt
735 3483 852 3548 sterilis
873 3483 1004 3547 sordida
1024 3503 1097 3548 rara
1117 3483 1251 3551 Gothae.

526 3585 606 3651 Ocia
625 3585 765 3650 ducebas
786 3587 873 3649 vitae
893 3585 1065 3668 tranquilla
1087 3585 1209 3666 beatae,

528 3687 596 3750 Nec
616 3687 723 3751 Venas
746 3687 779 3750 in
801 3694 909 3771 partes
930 3693 1061 3752 venerat
1082 3687 1148 3752 ulla
1168 3695 1249 3752 tuas.

527 3789 646 3852 Sancta
666 3788 828 3855 salutifero
848 3787 1012 3873 psallebas
1034 3789 1134 3855 iubila
1156 3789 1290 3870 Christo,

526 3891 623 3954 Nulla
643 3890 703 3955 tibi
724 3891 876 3974 strepitus
898 3911 974 3955 cura
994 3891 1129 3957 sorensis
1150 3899 1227 3956 erat.

432 3991 503 4071 195)
524 3993 686 4075 Simplicis
707 3999 739 4055 et
761 3993 827 4057 reri
850 3992 955 4056 literas
976 3992 1123 4058 candoris
1145 3999 1276 4076 amator,

527 4093 563 4158 ln
584 4101 641 4157 tua
661 4113 723 4157 non
744 4094 833 4159 venit
852 4101 982 4178 pectora
1004 4094 1084 4158 livor
1105 4095 1198 4160 iners.

527 4195 643 4260 Omnes
666 4196 806 4278 ingenua
824 4196 934 4259 doctos
952 4195 1072 4278 pietate
1094 4196 1231 4276 colebas,

526 4297 606 4361 Tam
629 4297 688 4361 sub
709 4304 741 4360 te
762 4297 883 4378 positos
903 4316 997 4378 quam
1020 4297 1088 4377 tibi,
1109 4297 1198 4372 Rufe,
1221 4317 1322 4382 pares.

528 4397 568 4462 Et
590 4417 769 4480 quanquam
791 4399 916 4462 fortuna
938 4399 1000 4462 tuis
1021 4399 1191 4464 virtutibus
1212 4409 1295 4464 esset

432 4501 504 4579 aot)
526 4499 649 4581 Invida,
668 4500 825 4565 fortunam
848 4499 974 4564 vincere
995 4500 1107 4566 doctus
1127 4521 1207 4566 eras.

529 4601 651 4666 Cuncta
672 4601 822 4666 babuisse
840 4602 903 4666 tuis
926 4609 1032 4666 tuate
1053 4603 1231 4667 communia
1252 4605 1372 4683 apricis,
