3625 5192
322 376 375 430 820
694 377 955 445 (iescbirbtsquellcn
975 379 1024 433 cler
1043 376 1118 431 Prov.
1137 377 1260 433 Sacbscu.

322 525 443 591 cedam
485 526 569 603 Quid
597 526 839 592 contradicent?
880 528 1001 592 Forsan
1030 526 1125 591 illud:
1152 527 1220 591 Das
1249 528 1358 591 brurs1
1388 528 1461 591 wirt
1481 527 1513 591 in
1535 528 1627 593 acim-

322 628 426 693 licben
457 628 528 693 baw
558 630 606 691 uit
625 629 784 710 gebalten.
826 629 909 710 Ego,
942 630 995 712 qui
1025 629 1083 693 bas
1104 630 1230 694 tabulas
1260 648 1387 711 sequor,
1418 630 1571 694 instruere
1598 638 1629 695 et

322 731 474 795 nutancia
500 731 610 795 l'ulcire
637 750 740 813 cogor.
795 732 910 795 Verum
940 731 974 795 id
1005 732 1108 813 ipsum
1144 732 1311 815 pecuniam
1348 730 1501 815 postulat,
1533 751 1627 813 quam

323 832 351 895 si
382 832 555 906 haberem,¹
579 833 612 895 iu
643 833 710 896 alia
734 832 917 897 conferrem.
967 832 1156 914 Relinqucre
1181 851 1254 897 vero
1280 832 1405 896 doruum
1432 832 1508 914 quiri
1540 832 1626 897 aliud

322 943 406 999 esset
425 953 518 1015 quam
538 935 669 998 fratrum
691 952 829 998 meorum
850 944 882 999 et
903 935 1064 1018 proprium
1086 935 1207 999 uiolare
1222 934 1428 1013 commodum,
1451 935 1478 997 si
1495 954 1627 998 commo·

322 1034 396 1099 dum
418 1042 466 1099 est
486 1054 543 1118 pro
564 1036 631 1099 rita
653 1036 769 1100 functis
789 1056 896 1115 orare,
919 1038 964 1099 uti
986 1033 1131 1116 credunt,
1153 1036 1205 1117 qui
1229 1035 1314 1119 apud
1342 1038 1457 1101 interos
1479 1054 1578 1119 penas
1597 1042 1629 1100 et

322 1143 477 1221 tormenta
504 1136 709 1218 contingunt?
749 1137 858 1201 Placet
889 1140 1000 1219 igitur,
1033 1154 1067 1202 ut
1097 1138 1226 1203 uiliciali
1255 1138 1347 1203 celat
1375 1138 1521 1203 ol'licialis
1551 1139 1629 1203 satis

323 1238 481 1303 officiosus
503 1246 534 1303 et
562 1240 618 1304 tibi
649 1248 681 1304 et
703 1239 826 1304 Petreio
847 1251 878 1304 et
900 1240 1024 1305 Cotioni
1051 1240 1207 1305 iucundus
1236 1248 1267 1305 ct
1293 1242 1473 1316 tanaiticus,
1503 1240 1561 1305 sed
1589 1259 1629 1304 ea

323 1342 404 1424 lege,
431 1350 464 1405 ut
485 1342 631 1423 impetret
650 1342 791 1422 graciam
813 1342 1012 1405 vicariorum.
1060 1342 1293 1407 Potesttamen
1317 1344 1385 1407 sine
1411 1343 1519 1407 farore
1542 1361 1628 1407 meus

323 1462 394 1508 essa
422 1443 609 1525 inquilinus,
640 1441 807 1509 dommodo
832 1442 958 1507 edificet
986 1452 1017 1507 et
1044 1444 1239 1508 collabcncia
1267 1446 1419 1509 restituat.
1461 1446 1535 1509 Post
1562 1444 1629 1509 lata

214 1570 218 1576 ·
322 1554 431 1611 nostra
456 1545 568 1609 vicarii
593 1543 728 1609 orabunt
753 1562 810 1627 pro
835 1544 937 1607 tribus
959 1544 1066 1609 llutiis
1092 1546 1336 1628 obtemperaturi
1359 1547 1551 1629 syngrapha.
1593 1544 1626 1609 Si

322 1649 481 1726 caderem,
506 1666 597 1711 nemo
622 1652 709 1710 esset
734 1652 835 1728 preter
860 1665 911 1710 me
939 1648 1057 1730 ipsum,
1091 1666 1183 1728 quem
1212 1647 1278 1711 iure
1309 1666 1458 1711 accusare
1493 1666 1627 1732 possem.

323 1750 429 1829 Quare
452 1750 613 1813 lacessant
640 1747 691 1811 isti
718 1754 849 1830 nepotes
877 1747 976 1827 loris,
1000 1755 1083 1812 stent
1106 1750 1284 1831 promissis,
1307 1758 1483 1813 scrutentur
1503 1749 1628 1829 singula

322 1852 422 1917 rerba
445 1849 616 1915 firmissimi
644 1848 901 1930 sanctissimique
925 1856 1112 1913 contractus.
1159 1849 1230 1913 Non
1255 1870 1304 1915 rue
1331 1850 1375 1915 ita
1397 1852 1525 1916 stultum
1546 1852 1630 1916 arbi·

323 1963 452 2035 trentur,
472 1959 506 2017 ut
521 1970 668 2035 spernam
685 1951 865 2035 opinionem
882 1952 1098 2017 ecclesiastice
1115 1952 1342 2017 retribucionis.
1385 1954 1506 2036 Impius
1518 1972 1629 2034 essem,

323 2058 349 2121 si
378 2064 516 2121 mortuos
543 2055 617 2120 olim
645 2074 812 2136 germanos
837 2073 958 2118 mecum
987 2054 1156 2118 oblivionis
1181 2056 1270 2119 ruina
1293 2056 1495 2121 involverem.
1538 2055 1629 2120 Vive-

322 2178 392 2222 mus
414 2158 481 2221 Deo
505 2157 630 2220 volente
656 2157 687 2216 in
714 2155 865 2217 memoria
894 2156 1054 2219 iustorum.
1096 2156 1146 2219 Ad
1174 2146 1299 2219 domurn
1327 2157 1428 2222 redeo.
1476 2157 1554 2221 Earn
1576 2164 1629 2221 tuo

323 2269 355 2324 ct
369 2258 589 2341 Engelmanni,
611 2256 670 2320 viri
686 2256 1006 2336 circumspectissimi,
1028 2258 1181 2322 arbitratu
1203 2258 1375 2323 collocabis
1387 2259 1545 2344 Georgio²
1567 2266 1629 2337 tuo,

324 2363 358 2426 lu
382 2380 443 2443 qrro
464 2362 548 2424 l‘acto
568 2359 798 2441 adaugebimus
819 2359 1071 2423 benevolentiam
1095 2361 1264 2423 amicorum
1287 2362 1480 2425 etLotianas
1495 2362 1629 2441 tabulas,

323 2463 474 2545 qurid¹est
496 2462 676 2540 maximum,
698 2460 918 2526 devitabimus.
963 2462 1077 2525 Videat
1096 2462 1334 2526 instrumentum
1352 2464 1503 2545 equitatis
1526 2472 1630 2527 nostre

323 2566 469 2629 rlominus
490 2564 726 2645 Eugelmauuus
748 2570 779 2627 et
801 2564 934 2626 consilio
953 2571 1094 2629 occurrat
1115 2572 1299 2647 opportuno.
1345 2564 1431 2630 Vale.

394 2688 574 2733 flando-britti.
586 2687 605 2731 l'
616 2685 666 2732 264
686 2688 727 2734 sol.
744 2686 850 2732 ttbv-
860 2685 905 2732 171
915 2701 934 2732 r.

324 2922 405 2988 244.
429 2918 533 2991 ll.an
554 2917 688 2985 Urbau.
766 2871 768 2874 Ι
876 2914 1116 3000 (cottiarum.
1151 2920 1247 2982 lium
1259 2916 1349 2982 uaeb
1363 2916 1442 2999 rlcm
1456 2918 1486 2986 1.
1503 2914 1626 2997 littra.)

394 3046 456 3092 blut.
475 3044 586 3091 selrroibt
605 3044 631 3090 iu
651 3044 747 3090 Sacluen
765 3042 847 3088 seinos
865 3041 979 3087 Erlurter
997 3042 1100 3089 ilausea

404 3142 539 3208 Henrico
563 3140 721 3206 Urbano
742 3140 902 3206 blutianus
924 3139 1031 3203 Rufus.

274 3326 279 3333 .
405 3246 436 3311 S.
484 3244 565 3309 [lece
592 3245 813 3325 cogitaverunt
838 3242 973 3305 consilia
997 3240 1108 3305 vicarii
1138 3242 1249 3313 nostri,
1287 3260 1347 3323 que
1374 3261 1436 3305 non
1462 3248 1630 3325 potuerunt

323 3349 476 3413 stabilire.
519 3346 611 3409 Nunc
631 3345 780 3410 desinant
799 3344 965 3409 sediciosis
986 3344 1117 3407 vocibus
1137 3344 1327 3426 obstrepere.
1371 3342 1515 3407 Nescivit
1536 3351 1630 3407 teme·

326 3452 409 3515 raria
430 3449 609 3533 posteritas,
630 3446 706 3527 quid
729 3447 868 3510 seniores
890 3453 963 3509 autc
983 3464 1084 3509 annos
1105 3444 1324 3526 duodeviginti
1341 3444 1475 3509 voluere.
1521 3444 1631 3509 Discat

324 3574 363 3618 ex
386 3552 445 3615 bac
467 3552 637 3633 scriptione
658 3550 811 3613 maiorum
831 3549 950 3632 placita
971 3547 1174 3630 interpretari
1224 3546 1345 3628 Sequar
1362 3566 1422 3627 ego
1439 3546 1630 3611 voluntatem

325 3657 357 3720 in
386 3654 436 3718 bis
463 3652 600 3735 signatis
630 3652 889 3735 comprehensam
917 3650 1063 3713 tabulisa
1106 3647 1279 3712 Adrisittaru
1308 3650 1357 3711 vel
1384 3651 1485 3731 gratis
1512 3657 1564 3712 tuo
1584 3668 1631 3712 ar-

327 3757 421 3822 bitrio
454 3757 670 3819 instructorem
697 3753 858 3831 idoneum,
890 3758 924 3816 ut
957 3754 1110 3835 promissa
1144 3750 1271 3816 taudem
1304 3750 1461 3816 sacrificia
1491 3750 1632 3815 Mutiane

325 3859 445 3923 familie
474 3856 640 3940 proliciunt
665 3856 705 3919 ad
736 3856 919 3919 memoriam
946 3853 1178 3935 sempiternam.
1221 3853 1378 3917 l’utabant
1408 3852 1502 3915 bascc
1524 3852 1633 3917 literas

326 3980 387 4025 non
420 3966 537 4024 extare.
587 3956 810 4022 llosbaccbus⁴
839 3956 989 4020 instinctu
1018 3956 1098 4019 Lotii
1132 3975 1180 4019 me
1208 3953 1248 4019 de
1270 3956 1469 4038 possessione
1496 3954 1632 4019 deiicere

388 4131 399 4172 ¹
421 4134 487 4204 vgr.
506 4132 555 4190 Br.
567 4130 625 4184 214
637 4150 662 4187 u.
676 4130 742 4186 242.

388 4210 401 4253 ²
424 4214 487 4284 vgi.
503 4213 547 4266 Br.
563 4211 620 4264 242
641 4213 666 4268 S.
683 4211 741 4265 318
762 4212 844 4265 Aum.
856 4211 882 4264 3.

387 4290 402 4333 ³
424 4294 487 4364 vgr.
504 4293 549 4347 Br.
562 4291 626 4347 243.

345 4370 350 4377 ’
385 4370 398 4413 ⁴
420 4374 478 4428 Das
498 4372 655 4444 Registrum
677 4371 799 4427 Subsidii
826 4379 914 4426 nenut
942 4389 976 4425 an
997 4372 1140 4425 mebreren
1162 4370 1266 4426 Stcllou
1293 4372 1373 4427 einen
1403 4372 1540 4426 lleuricus
1566 4370 1633 4425 Ros-

326 4456 397 4526 pach
422 4455 464 4508 ala
481 4453 604 4508 Inbaber
629 4470 682 4507 rou
709 4452 852 4506 Pfriinden
873 4444 907 4528 (a
918 4451 950 4505 B.
961 4450 987 4510 S.
1002 4451 1028 4508 7.
1045 4452 1090 4505 24.
1102 4452 1147 4508 26,
1160 4452 1219 4525 27).
1261 4452 1396 4507 Daneben
1424 4453 1491 4506 uber
1519 4452 1574 4522 gaab
1603 4468 1633 4504 cs

326 4537 397 4590 aucb
426 4535 507 4589 einen
525 4534 668 4588 Jobaunes
686 4532 815 4603 Rospacb
841 4533 870 4585 in
894 4532 996 4587 Eriuut.
1038 4530 1172 4587 Deraelbe
1199 4534 1290 4587 wuido
1311 4531 1409 4586 Osteru
1434 4532 1508 4585 1497
1537 4533 1632 4585 imma-

326 4616 475 4681 trikuliert,
492 4614 569 4669 1498
579 4614 712 4687 Magister
726 4613 826 4668 artium
840 4614 896 4667 und
913 4613 949 4667 im
963 4612 1074 4669 Wiutcr
1086 4612 1252 4683 150651507
1268 4612 1380 4667 Meister
1392 4612 1441 4667 der
1452 4610 1612 4669 Senteuacu.
