3625 5192
330 350 382 403 4¹32
701 354 961 426 Goscbichtsquollcn
979 358 1027 411 der
1045 358 1119 413 Pras.
1138 360 1261 415 Saclrscn.

329 501 407 565 milri
419 509 451 565 et
468 502 530 566 sibi
543 504 691 566 damnum
705 505 828 569 iul'crrc.
870 508 933 571 (lar
954 506 1029 571 milri
1053 509 1206 574 maculam
1220 510 1252 574 in
1264 510 1405 575 Vallibus
1417 534 1478 579 uon
1491 513 1633 578 derexit?

330 610 416 675 Satis
450 608 547 672 babet
578 606 701 672 nothus.
750 606 829 685 Quis
865 628 903 672 ex
940 610 1047 693 spurio
1085 612 1183 675 iaciat
1215 613 1423 697 episcopum?
1470 615 1567 695 liena,
1600 622 1632 678 ta

328 731 510 777 amaseam
533 717 564 775 et
586 730 660 792 ego,
685 709 731 773 ita
751 730 801 774 me
822 710 909 775 Dens
930 718 1028 793 amet,
1055 733 1134 777 arno.
1177 714 1240 779 Sed
1263 715 1422 782 hactenus.
1465 717 1549 782 Cura
1570 718 1632 783 sin-

328 816 462 899 gulatim
488 832 542 894 ea,
567 832 628 895 que
655 812 806 877 mandavi
835 822 870 876 ut
895 813 977 879 lidus
1005 822 1036 878 et
1061 815 1207 897 prudens,
1255 817 1323 898 Ego
1350 818 1490 883 Duronio
1517 820 1545 883 si
1574 821 1633 885 buc

328 917 465 994 venerit,
492 915 691 1001 amphoram,
713 915 776 979 imo
797 921 861 979 tres
883 915 950 980 vini
974 916 1058 982 dabo
1079 925 1111 982 et
1134 918 1256 998 bibam,
1277 920 1339 983 imo
1360 940 1499 1002 vomam,
1522 928 1555 985 ut
1576 942 1633 986 nos

328 1028 425 1101 amet,
450 1038 511 1084 non
539 1018 672 1099 releget:
700 1017 807 1097 nobis,
834 1018 860 1080 si
882 1036 945 1081 non
968 1018 1152 1102 plusquam
1175 1020 1286 1102 lloris,
1312 1023 1424 1087 saltem
1447 1024 1630 1089 tantundem

327 1121 450 1200 credat,
484 1139 665 1202 quanquam
700 1118 826 1215 placere
861 1119 979 1184 talibus
1013 1140 1174 1203 nunquam
1205 1124 1366 1205 laboravi,
1403 1124 1505 1189 doctis
1537 1128 1631 1207 uolrri,

327 1223 432 1306 qualis
452 1232 486 1287 tu
506 1230 538 1288 et
557 1222 802 1287 Hartmanuus.¹

397 1348 578 1396 llandsebriftl.
598 1344 683 1393 F282
703 1346 745 1394 fol.
762 1346 840 1392 laer.

327 1552 409 1619 339.
430 1548 475 1622 n.
497 1569 542 1617 an
560 1548 694 1620 Urban.
1375 1552 1629 1638 (cotheleia.)

397 1676 459 1723 mot.
478 1675 571 1721 meldet
594 1674 639 1720 mit
658 1672 786 1731 Fraudata,
810 1674 866 1719 dass
884 1674 1011 1733 Spalatirrs
1030 1674 1130 1733 Diplom
1149 1691 1201 1721 nun
1221 1676 1320 1722 andliah
1341 1677 1368 1722 in
1387 1678 1449 1724 Rom
1470 1680 1630 1739 ausgelertigt

327 1747 371 1807 sei,
389 1746 523 1804 bodauert,
543 1745 599 1791 dass
618 1745 662 1790 der
681 1744 781 1790 ursano
802 1759 829 1789 so
845 1744 939 1789 tbrirht
957 1745 1007 1790 und
1026 1760 1076 1790 von
1096 1745 1189 1792 sainern
1209 1748 1304 1793 Brudor
1322 1747 1375 1794 sich
1398 1762 1534 1807 aarssaagcu
1559 1752 1629 1796 lesse.

327 1818 362 1864 Er
380 1814 497 1874 (Matina)
517 1819 597 1861 misse
620 1813 670 1860 viel
689 1814 833 1873 Ungemach
851 1814 944 1860 scitans
964 1814 1045 1861 saluar
1063 1816 1205 1862 bessisalren
1220 1817 1423 1864 Anvera'arrdtan
1443 1818 1504 1865 iiber
1522 1820 1574 1865 siah
1593 1835 1630 1867 or·

327 1888 407 1946 gehen
425 1888 514 1932 lassen.

408 1984 618 2048 sanctissimo
639 1982 736 2067 papai
759 1981 919 2047 Urbano
939 1983 1124 2047 monasticis
1141 1982 1473 2051 administracionibus
1491 1988 1630 2068 prefecto

325 2087 487 2151 Matienus
508 2085 615 2149 Rufus.

407 2188 551 2252 Virorum
562 2187 691 2270 optime,
712 2186 820 2251 salvus
833 2186 886 2249 sis.
928 2187 1025 2251 Rome
1036 2187 1194 2269 signatam
1210 2207 1280 2253 esse
1297 2190 1456 2271 spalatini
1468 2190 1630 2274 diplorna²

324 2290 377 2356 vel
398 2290 470 2355 ideo
490 2289 629 2353 maxime
643 2288 776 2369 gaudeo,
797 2288 881 2369 quod
897 2307 1009 2351 secura
1027 2296 1130 2353 mente
1145 2289 1270 2369 babere,
1292 2290 1441 2372 quicquid
1459 2292 1628 2375 principes,

326 2393 379 2475 qai
407 2370 491 2455 banc
511 2389 652 2456 Gotbe·³
673 2401 759 2468 sant,
783 2388 930 2453 dederint
956 2390 1064 2472 possit.
1106 2389 1197 2468 Quod
1222 2399 1327 2457 autern
1348 2412 1408 2457 non
1431 2394 1552 2457 miserit
1569 2394 1629 2457 XV

325 2512 448 2573 aureos,
460 2491 605 2575 quodque
616 2491 677 2554 viri
687 2491 817 2573 magni⁴
833 2491 895 2556 duo
908 2491 1064 2555 subirasci
1075 2496 1263 2577 proptereab
1278 2493 1453 2570 videantur,
1476 2503 1540 2559 tam
1552 2496 1627 2559 mibi

325 2595 489 2659 molestum
508 2613 602 2676 quam
619 2592 686 2657 tibi.
719 2592 901 2657 Communis
921 2612 1008 2657 amor
1021 2592 1098 2657 lacit
1109 2595 1209 2659 eciam
1226 2596 1288 2660 sibi
1303 2597 1442 2662 dedecus
1456 2616 1629 2662 commane.

325 2697 431 2761 Bonus
459 2696 552 2760 bomo
572 2714 637 2760 rem
659 2694 833 2778 dilapidat,
861 2694 1016 2779 dissipat,
1039 2696 1187 2778 prodigit.
1229 2698 1264 2761 Si
1286 2698 1363 2779 qnid
1385 2699 1417 2763 in
1438 2718 1512 2763 arca
1534 2706 1628 2775 tenet,

325 2799 359 2865 id
374 2799 471 2862 irater
485 2797 582 2861 stulto
597 2796 721 2862 stultior
733 2795 844 2860 aufert.
885 2795 966 2877 Imo,
988 2805 1057 2862 uter
1077 2798 1119 2862 sit
1139 2799 1271 2879 stultior,
1293 2799 1485 2883 ambiguam.
1520 2800 1629 2865 Credit

325 2901 435 2965 doctus
461 2899 582 2964 insulso
611 2896 644 2962 'et
672 2899 759 2963 latua
794 2907 826 2963 et
854 2898 929 2962 dum
955 2899 1028 2983 pius
1054 2916 1123 2964 esse
1149 2900 1217 2963 vult
1242 2901 1274 2964 in
1304 2920 1388 2977 suos,
1417 2901 1452 2965 lit
1472 2902 1503 2965 io
1531 2911 1629 2967 semet

325 3002 435 3068 bostis.
476 3006 588 3067 Annon
615 3002 657 3066 sit
683 3000 782 3065 bostis
807 3001 946 3081 reisue,
974 3002 1028 3082 qni
1056 3020 1117 3066 non
1139 3002 1257 3086 patitur
1280 3021 1438 3067 nummum
1461 3004 1493 3067 in
1518 3004 1630 3069 loculis

326 3105 513 3187 quiescere?
553 3102 739 3168 Admonebo
767 3110 799 3166 et
823 3090 1216 3185 extorquebo'peouniarn.
1258 3104 1330 3169 Nisi
1355 3123 1404 3169 res
1425 3114 1509 3170 esset
1528 3105 1630 3170 ardua

326 3216 359 3271 et
380 3207 528 3272 remediis
549 3206 715 3287 indigeret,
736 3204 946 3269 condonarem
968 3203 1000 3268 id
1019 3204 1110 3288 calpe
1122 3205 1288 3287 spalatino
1305 3213 1336 3270 et
1356 3206 1396 3270 de
1411 3226 1461 3272 me
1478 3207 1629 3272 iudicium

324 3309 470 3373 lacerem.
519 3309 590 3373 Nou
618 3308 703 3373 enim
735 3306 839 3371 nrinas
862 3326 931 3371 sam
956 3325 1078 3390 pauper
1107 3326 1200 3387 quam
1221 3308 1292 3388 ille,
1323 3310 1384 3373 etsi
1411 3316 1572 3392 sumptusc
1598 3318 1630 3372 et

325 3413 487 3497 impensas
508 3413 602 3494 longe
621 3410 726 3491 magis
741 3409 936 3473 necessarias
949 3410 1040 3474 facio.
1070 3408 1188 3473 Victilo
1205 3410 1300 3491 dorni,
1322 3430 1384 3475 non
1398 3410 1469 3476 aule
1489 3430 1629 3476 mensam

324 3516 437 3597 visito,
461 3512 588 3579 emendi
610 3520 684 3577 sunt
708 3513 808 3592 casei,
837 3518 961 3585 uestes,
990 3510 1148 3593 butyrum,
1175 3530 1287 3577 carnes
1312 3519 1344 3576 ct
1365 3512 1492 3577 tandem
1513 3514 1629 3575 ornnia.

324 3617 384 3681 llle
409 3616 514 3681 alieno
541 3614 613 3680 cibo
639 3614 735 3692 vivit,
766 3613 871 3677 alieno
897 3613 1030 3676 vestitur
1057 3632 1165 3696 panno
1198 3620 1360 3677 ettamen
1391 3614 1470 3677 nibil
1497 3613 1630 3696 reponit,

325 3719 490 3802 presertim
516 3736 586 3781 cnm
612 3715 736 3779 natales
762 3715 826 3778 sint
853 3714 895 3778 ab
917 3715 1050 3778 inl'amia
1070 3713 1254 3780 redimendi.
1296 3714 1391 3795 Mihi,
1419 3735 1460 3780 ne
1486 3717 1629 3795 mentiar,

325 3806 434 3903 gravis
454 3818 489 3882 lit
508 3818 625 3882 iniuria
648 3817 732 3901 apud
756 3816 904 3882 Hess0s⁵.
946 3816 1083 3896 Evocor,
1106 3817 1264 3895 stimulor,
1284 3815 1380 3881 audio
1401 3816 1562 3899 querelas,
1585 3819 1630 3880 in-

325 3922 435 4005 telligo
455 3920 600 3986 convicia
620 3918 847 4001 flagitancium.
889 3920 952 3983 Sed
975 3920 1050 4001 quia
1067 3912 1153 3983 Deus
1169 3919 1368 4003 omnipotens
1381 3918 1516 3983 auricus
1530 3918 1628 4000 deest,

396 4040 507 4092 *corae
524 4044 562 4090 aa·
580 4045 620 4090 ue.
692 4028 704 4065 s
724 4043 791 4089 seru
808 4041 846 4087 aa
864 4042 904 4088 aa.
978 4036 988 4061 ⁰
1010 4042 1042 4087 aa
1060 4048 1162 4089 surptus.

389 4198 572 4275 ¹Vglssa8
591 4200 667 4258 8.ss
685 4199 803 4255 Aum2.

382 4279 397 4322 2
416 4284 479 4355 Vgl.
490 4301 518 4336 u.
529 4300 553 4337 a
563 4281 609 4336 Br.
622 4281 689 4350 306,
700 4282 765 4336 338.

385 4358 399 4402 ³
420 4363 484 4434 Vgl.
495 4362 541 4416 Br.
553 4362 611 4415 298
628 4359 656 4414 S.
668 4360 734 4415 385.

382 4440 662 4497 ⁴Wahrsoheirrlich
683 4442 794 4495 Johana
820 4440 937 4495 Nitbard
964 4440 1046 4494 nebat
1069 4439 1158 4493 clarem
1182 4432 1291 4493 ¹andern
1319 4440 1411 4495 hohen
1441 4436 1626 4505 mainaiscbqu

325 4524 467 4579 Bcarntarr.

383 4600 398 4641 ⁵
419 4604 483 4676 Vgl.
493 4603 538 4659 Br.
549 4602 606 4655 331
619 4618 646 4658 n.
658 4600 724 4655 332.
