3625 5192
198 1249 278 1315 2343.
301 1248 422 1316 liuban
445 1249 578 1316 liessus
599 1270 643 1317 an
667 1251 815 1321 llutlan.
1000 1248 1160 1332 (Lelpzlg
1180 1248 1274 1316 1514.
1296 1231 1434 1312 ianuar
1458 1247 1502 1326 1.)

278 1381 326 1446 Ad
350 1383 521 1457 Matianum
545 1384 679 1447 llul'urn
702 1385 839 1468 epistola
860 1385 1005 1448 l’russiae
1028 1381 1272 1465 descriptionem
1294 1381 1467 1443 oorrtinens

249 1537 543 1620 ssescbreibuug
566 1541 781 1604 Preussens
801 1540 878 1604 oud
901 1541 1155 1620 Begrllssung
1176 1537 1244 1599 der
1268 1535 1456 1598 b'reunrle.

399 1654 512 1718 blittitl
534 1656 575 1717 ab
596 1656 745 1736 aequorio
767 1655 825 1718 tibi
848 1657 961 1730 littore,
984 1654 1072 1732 Rufe,
1092 1652 1224 1716 salutem

399 1756 517 1821 Hessos
538 1757 698 1821 amicitiae
721 1777 794 1839 pars
815 1758 909 1820 modo
933 1758 1015 1819 iusta
1036 1763 1117 1819 tuae.

399 1857 458 1921 Hic
479 1860 532 1922 ubi
556 1859 758 1923 Parrhasium
782 1859 914 1921 vicinior
935 1859 1050 1940 aspicit
1072 1875 1163 1920 axem

400 1953 527 2025 Praesia
547 1961 751 2044 Hyperboreo
773 1962 982 2044 scurriperusta
1003 1961 1086 2042 gelu,

342 2065 374 2138 5)
396 2062 477 2126 Hiuo
498 2063 550 2126 ubi
574 2064 783 2128 Sarmaticum
804 2065 889 2128 latus
910 2064 1056 2144 aequoris
1077 2062 1168 2126 alluit
1190 2061 1307 2136 orbern,

402 2164 491 2240 Quoll
514 2165 554 2230 de
576 2166 743 2230 Germanis
764 2185 847 2230 nune
868 2183 992 2246 quoquc
1014 2184 1126 2228 nomen
1144 2162 1249 2238 babet,

405 2265 464 2329 Hic
486 2275 558 2330 tuus
579 2268 633 2331 ille
654 2267 773 2331 Hessos
796 2267 885 2346 vivit,
907 2287 998 2348 quem
1023 2286 1119 2350 saepe
1142 2265 1300 2349 probabas

404 2368 525 2432 Ludere
545 2369 587 2432 ad
609 2378 752 2434 auratam
774 2370 872 2433 rerba
893 2389 1009 2432 canora
1031 2368 1152 2432 chelim.

399 2470 458 2546 Qui
483 2470 556 2534 lieet
576 2479 608 2536 et
632 2473 730 2536 tantis
752 2479 851 2536 ettot
871 2471 1055 2554 regionibus
1074 2470 1168 2546 absit,

331 2570 382 2652 lu)
406 2572 548 2654 llunqam
571 2594 631 2638 uon
653 2595 804 2659 praeseus
824 2583 873 2638 est
893 2573 1074 2662 tamenille
1097 2573 1163 2635 tibi.

402 2674 484 2738 Nam
506 2676 568 2738 duo
589 2696 670 2757 quae
692 2679 772 2741 ratio
794 2677 949 2740 distantia
969 2695 1100 2757 corpora
1121 2675 1204 2754 l'ooit,

406 2775 493 2840 Haec
513 2779 636 2842 animos
658 2780 761 2844 vinclo
784 2778 972 2860 proximiore
995 2777 1081 2858 ligat,

408 2877 447 2940 Et
468 2878 538 2943 loca
558 2881 583 2944 si
605 2881 724 2943 nullum
746 2881 839 2943 simul
864 2881 894 2942 in
918 2881 1186 2944 diversabuntur

404 2980 535 3063 Corpus,
558 2982 599 3044 ad
623 2982 681 3046 boc
700 2983 839 3046 animum
861 2982 989 3046 vincula
1012 2982 1099 3046 nulla
1121 2982 1230 3062 ligant.

337 3085 385 3156 15)
406 3082 501 3147 Liber
522 3092 556 3147 ut
576 3090 633 3164 est,
656 3093 763 3168 partes
784 3085 829 3148 ita
851 3105 885 3148 sc
905 3085 1037 3148 dimittit
1062 3085 1092 3146 iu
1115 3103 1232 3162 ornnes,

350 3228 353 3234 -
404 3185 472 3261 Quo
496 3187 540 3250 nil
563 3186 709 3250 mobilius
731 3188 887 3250 urrrximus
907 3186 993 3250 orbis
1015 3186 1120 3249 habet.

406 3285 477 3350 Non
499 3307 594 3368 mare,
617 3308 678 3351 nou
699 3296 811 3365 terrae,
833 3309 893 3352 uon
913 3297 1000 3351 astra
1021 3308 1079 3352 neo
1100 3289 1212 3368 igneus
1234 3287 1343 3351 aether

405 3388 569 3453 Clauditur
590 3389 672 3470 buic,
694 3398 839 3472 penetrat
862 3409 1003 3472 corpora,
1026 3409 1139 3453 numen
1163 3389 1267 3453 babet.

407 3489 528 3552 Numen
552 3491 655 3569 habet,
677 3492 705 3555 si
726 3511 760 3555 se
780 3500 901 3573 partem
924 3493 964 3556 de
986 3493 1106 3556 semine
1128 3492 1207 3556 coeli

332 3593 382 3654 rot
405 3592 560 3656 inclusam
580 3593 666 3656 lutea
688 3594 805 3656 sentiat
826 3613 896 3656 esse
918 3595 1019 3659 domo.

406 3692 509 3756 Sentit
530 3702 562 3757 et
583 3714 623 3758 ex
645 3695 714 3757 istis
735 3694 775 3756 au
799 3702 829 3757 te
851 3696 1014 3776 spaciatur
1035 3695 1140 3758 arenis

405 3794 483 3858 Pars
504 3795 615 3860 eadem
638 3797 735 3860 nostri
757 3797 905 3876 maxima,
930 3797 1057 3878 quando
1079 3797 1161 3861 libet.

406 3896 492 3977 Ergo
514 3905 546 3961 et
566 3898 671 3962 adbuc
693 3901 800 3962 auimo
821 3919 883 3962 nou
905 3897 1070 3964 deficiente
1092 3901 1234 3964 valeanus

408 3999 566 4065 Fortunae
588 4001 736 4066 dominae
757 4007 883 4065 caetera
904 4001 1105 4066 credidimus,

333 4103 384 4176 25)
408 4101 549 4166 Vivimus
571 4101 623 4166 hic
643 4104 741 4184 igitur
761 4123 823 4168 non
843 4103 1074 4166 retroeuntibus
1093 4105 1187 4168 astris

409 4203 479 4268 lino
501 4212 532 4269 te
553 4205 645 4270 nobis
666 4225 758 4289 posse
779 4225 886 4269 carere
907 4224 1006 4286 grave
1028 4211 1084 4269 est.

210 4342 409 4353 ——...

274 4427 286 4469 ¹
309 4433 368 4489 Aue
384 4437 437 4490 den
458 4437 689 4510 Anfeugsworten
710 4439 779 4509 geht
797 4438 922 4492 deutlich
943 4439 1057 4504 berver,
1085 4438 1147 4490 dass
1172 4403 1221 4490 <las
1242 4435 1364 4490 Gedicht
1391 4435 1464 4489 noch
1485 4435 1514 4488 in

213 4512 364 4584 Preusnen,
385 4517 443 4571 also
464 4536 513 4573 ror
534 4519 672 4589 Friihjahr
695 4519 778 4576 1513.
801 4519 947 4589 begonnen
970 4519 1071 4572 wurrle.
1102 4516 1181 4570 Nach
1197 4517 1304 4570 Krause
1325 4515 1515 4582 (E.Hessuol.

212 4591 241 4649 S.
257 4591 310 4646 121
333 4593 458 4666 ΛΜΗ)
480 4599 540 4653 sind
560 4600 605 4653 dio
626 4599 829 4669 Anfangsrerse
851 4599 878 4651 in
900 4600 963 4652 dom
984 4605 1074 4653 ersten
1097 4595 1211 4651 Druelre
1231 4597 1336 4651 nndcrs.

265 4694 510 4748 omnebonum
520 4701 600 4743 xvm.
1301 4693 1312 4743 l

901 4778 913 4803 t
