3625 5192
333 360 386 415 stt
708 360 967 431 Gescbiehtsquellcn
985 362 1034 418 der
1050 362 1125 419 Pras.
1143 362 1271 420 Sanan.
1362 420 1365 423 ,

333 510 412 575 hae·
437 509 577 589 litterae,
606 517 639 574 ut
664 509 804 591 jejunae,
830 509 1002 575 sordebant
1030 512 1185 578 cnmibus.
1232 512 1327 577 Nunc
1354 513 1489 579 caeteris
1514 514 1652 633 rejectis¹

332 612 501 677 bassulae
524 612 657 697 placent
698 613 785 678 Bene
806 612 878 679 vale
899 619 941 693 et,
959 632 1029 677 cum
1050 620 1155 694 vacat,
1177 615 1326 681 rescribe.

413 714 544 779 Cursim.
587 714 718 797 Lipsiae
745 734 763 779 e
791 714 926 797 collegio
952 722 1057 781 nostro
1087 716 1132 779 lll
1166 716 1266 783 Eidus
1296 717 1497 783 Novembris.
1548 719 1640 785 Anno

332 816 470 881 uuxx.
1312 818 1400 884 Tuus

1142 920 1286 986 Petrus
1308 922 1558 988 Mosellanus
1639 940 1644 950 ·

402 1049 581 1098 Handsetnirtl.
600 1049 659 1097 Coti.
672 1050 750 1097 chart.
764 1051 808 1101 lat.
823 1050 890 1098 Μοιι.
912 1051 1037 1100 uutlus
1057 1047 1094 1097 4⁰
1111 1068 1130 1100 s.
1142 1052 1222 1112 XVII,
1239 1053 1263 1101 S
1274 1052 1351 1100 8-4.
1379 1053 1453 1100 Gedr.
1475 1052 1499 1109 1)
1519 1052 1638 1100 Hekslius

333 1118 479 1181 Manipulus
497 1136 534 1181 sp.
554 1120 616 1180 sing.
638 1116 783 1169 Sco-51.
813 1116 841 1183 2)
861 1122 902 1169 'l'a
924 1122 977 1168 Bel.
1001 1138 1040 1183 ep.
1060 1122 1121 1171 blut.
1139 1118 1299 1170 ssa-44.
1325 1123 1351 1179 8)
1371 1124 1403 1172 lt.
1420 1122 1471 1169 urard
1491 1124 1530 1170 W.
1548 1124 1636 1171 Krsssl

333 1192 414 1251 Brisse
432 1191 483 1237 arad
501 1190 642 1237 Daemones
662 1186 686 1239 S.
702 1185 853 1241 tls-1⁴9.

402 1312 492 1365 'Coa
510 1316 562 1363 aad
580 1316 645 1366 usk.
664 1316 733 1363 haec.

329 1571 408 1643 597.
431 1570 591 1655 Spalatlu
612 1588 657 1637 an
676 1569 826 1639 llutlan.
1051 1572 1204 1641 dlstett1
1231 1574 1328 1647 lusu.
1363 1574 1566 1644 November
1581 1576 1636 1645 ab.

402 1730 516 1792 Spalatiu
538 1730 627 1777 candet
647 1730 703 1777 (lem
730 1728 832 1777 Mutian
854 1732 889 1778 lm
907 1732 1005 1778 Numen
1030 1732 1074 1780 des
1091 1732 1241 1781 Kurtttrsten
1260 1734 1343 1794 einige
1364 1735 1515 1782 kaissrliebe
1531 1736 1636 1784 Gesetac

332 1802 457 1862 arigim.
475 1817 519 1849 aur
539 1802 730 1861 Begutaehtung
753 1802 803 1847 und
826 1802 944 1849 verbolrlt
960 1802 1011 1849 ihm
1030 1803 1114 1863 nieht,
1133 1804 1190 1851 dam
1206 1805 1262 1852 seia
1279 1806 1346 1853 llerr
1362 1805 1415 1853 ihm
1432 1806 1474 1853 die
1491 1806 1636 1855 demumst

332 1872 452 1931 arladigts
470 1872 599 1919 Professur
618 1871 702 1918 dees
719 1870 870 1931 ilbertrsgsn
888 1874 969 1920 wolls.

412 2004 597 2069 Reverendo
630 2012 662 2068 et
691 2004 874 2070 doctissimo
907 2005 976 2069 viro
1006 2004 1134 2071 domino
1165 2006 1311 2073 Conrado
1341 2009 1520 2075 blutiaco
1546 2010 1635 2086 Rufo,

289 2094 292 2100 Δ
330 2106 450 2171 doctori
470 2112 503 2170 et
522 2106 675 2171 canonico
698 2106 862 2183 Gothensi
881 2125 939 2171 suc
961 2108 1160 2191 praeceptori
1182 2110 1411 2176 amantissimo.
1451 2112 1484 2177 S.
1503 2110 1537 2175 Ρ.
1558 2111 1596 2176 Ι).

411 2207 508 2271 Mittit
534 2208 765 2273 illustrissimus
791 2216 823 2273 et
844 2207 1135 2275 christianissimus
1159 2210 1330 2296 princepsl
1351 2220 1472 2294 noster,
1492 2212 1635 2277 eruditis

330 2312 409 2375 sime
430 2320 633 2394 praeceptor,
660 2318 733 2374 tuae
759 2310 949 2376 humanitati
970 2310 1058 2394 leges
1078 2321 1110 2377 et
1130 2314 1371 2379 constitutiones
1391 2313 1561 2379 nonnullas
1579 2314 1635 2377 ali-

330 2419 408 2494 quot
439 2431 602 2477 caesarum
624 2418 655 2477 et
676 2419 885 2477 conventuum
907 2412 1118 2495 imperialium
1146 2420 1271 2497 petens,
1297 2422 1332 2480 ut
1358 2433 1414 2480 eas
1443 2414 1586 2500 pellegas
1605 2421 1637 2480 et

330 2515 395 2578 illis
422 2515 501 2597 ipsis
528 2514 619 2580 lectis
646 2514 880 2579 illustrissimae
907 2516 1033 2596 gratiae
1061 2516 1131 2581 eins
1158 2516 1371 2600 respondeas,
1399 2516 1553 2599 quidnam
1583 2524 1636 2582 tuo

331 2616 450 2681 iudicio
473 2617 620 2683 rideatur
640 2617 690 2681 vel
711 2615 893 2681 addendum
915 2617 966 2681 vel
987 2617 1191 2681 minuendum
1212 2618 1264 2683 vel
1284 2616 1522 2683 immutandum.
1552 2618 1635 2683 Tan·

331 2725 397 2781 turn
422 2718 542 2783 iudicio
564 2728 617 2783 tuo
644 2718 767 2799 tribuit,
791 2725 826 2782 ut
854 2725 886 2782 te
912 2738 1110 2801 nequaqnam
1138 2719 1304 2803 praeteriri
1324 2720 1433 2796 vellet,
1461 2717 1537 2784 dum
1558 2720 1636 2785 baec

331 2838 388 2903 pro
410 2820 540 2902 publica
560 2820 656 2884 totius
678 2818 839 2884 Christani
861 2824 893 2885 et
913 2820 999 2883 orbis
1022 2829 1054 2885 et
1074 2820 1200 2903 imperii
1222 2822 1325 2887 salute
1345 2829 1377 2886 et
1396 2822 1556 2905 dignitate
1575 2841 1636 2886 rne-

330 2921 458 2985 ditatur.
505 2922 672 2986 Praeterea
693 2931 755 3001 est,
783 2919 866 3002 quod
886 2922 975 3004 cupit
997 2922 1135 2987 maxime
1155 2923 1266 2989 abste
1286 2924 1464 3005 observari,
1484 2922 1569 3007 quod
1588 2943 1635 2988 se-

330 3023 444 3104 quitur.
479 3024 607 3089 Veretur
628 3022 789 3089 doctorem
809 3022 1033 3105 llenningum⁵
1052 3044 1113 3089 non
1136 3024 1191 3090 diu
1211 3026 1245 3091 in
1267 3026 1351 3091 vivis
1365 3026 1511 3091 futurum.
1540 3025 1637 3091 Cuius

329 3128 565 3191 successorem4
589 3126 746 3192 neminem
774 3121 951 3189 mortalium
977 3125 1099 3190 mavult
1117 3146 1213 3207 quarn
1234 3135 1267 3191 te
1289 3126 1479 3210 iampridem
1498 3133 1564 3191 tem
1585 3146 1636 3193 cu·

330 3226 421 3311 pide,
451 3237 483 3293 ut
512 3228 544 3292 in
569 3228 700 3292 summis
726 3228 784 3291 lroc
812 3225 895 3291 votis
921 3225 1048 3292 babeat.
1095 3227 1207 3310 ltaque
1232 3228 1398 3293 mandavit
1420 3228 1516 3309 mibi,
1542 3236 1576 3293 ut
1604 3228 1637 3295 id

329 3329 432 3411 ipsum
461 3329 520 3395 tibi
540 3328 711 3395 scriberem
733 3330 897 3410 flagitans,
916 3341 951 3393 ut
973 3328 1167 3412 respondeas
1186 3330 1388 3414 propediem,
1415 3329 1491 3413 quid
1513 3331 1575 3396 tibi
1595 3331 1638 3396 sit

330 3430 452 3495 mentis
484 3429 566 3493 Nam
587 3428 617 3491 si
638 3428 794 3493 voluntati
816 3430 928 3513 optimi
950 3438 982 3496 et
1001 3432 1251 3515 sapientissimi·
1271 3433 1425 3516 principis
1445 3434 1546 3499 nostri
1561 3434 1637 3499 sub·

329 3530 510 3614 scripseris,
536 3548 601 3593 rem
630 3529 725 3611 longe
751 3531 966 3611 gratissimam
992 3533 1022 3598 ei
1048 3533 1161 3599 l'eceris
1188 3535 1309 3598 iuturus
1335 3533 1540 3599 charissimus
1575 3554 1636 3599 nou
1686 3604 1692 3615 ,

330 3632 429 3697 solum
454 3630 695 3711 neacademiae,
721 3631 778 3697 sed
804 3632 899 3697 etiarn
928 3634 1067 3717 principi
1094 3636 1214 3718 optimo
1240 3641 1392 3723 perpetuo
1420 3641 1453 3700 et
1478 3635 1561 3702 inter
1583 3655 1636 3703 ecs

331 3734 484 3812 victurus,
510 3733 563 3814 qui
591 3740 621 3796 te
646 3739 718 3797 sunt
743 3732 882 3798 babituri
905 3735 938 3799 in
966 3756 1087 3803 summo
1114 3738 1283 3803 ethonore
1305 3743 1336 3801 et
1357 3737 1464 3819 precio
1485 3744 1635 3820 manuam

330 3842 503 3919 parentem.
540 3833 668 3898 Utinam
690 3833 818 3900 tandem
839 3837 1024 3921 obsequaris
1046 3838 1182 3923 principi
1204 3839 1349 3905 etmihi!
1390 3839 1427 3903 Si
1448 3840 1535 3905 enirn
1552 3842 1637 3905 laets

398 3972 409 3999 ¹
430 3978 464 4024 Ta
482 3977 657 4038 sspisnissimi.

329 4134 529 4144 mm»-

393 4262 403 4305 ¹
426 4264 468 4323 Im
491 4267 623 4341 heutigen
644 4268 766 4327 Saebsen
788 4272 922 4349 Weimar,
942 4291 977 4329 an
999 4276 1048 4331 der
1067 4274 1165 4333 Ruhne
1185 4276 1311 4351 gelegen.

390 4342 404 4385 2
426 4346 556 4419 vg1.Br
571 4348 628 4403 595
649 4349 890 4409 saturiani.

393 4420 407 4466 3
429 4428 493 4499 vgt
507 4429 577 4483 iiber
590 4430 638 4483 ilm
651 4430 697 4484 Br.
711 4430 748 4485 52
765 4430 792 4487 S
805 4432 842 4486 66
855 4433 938 4489 Arum.
950 4434 978 4493 2
1019 4434 1058 4489 Er
1076 4438 1152 4492 starb
1169 4456 1203 4492 zu
1223 4437 1338 4510 Auiang
1356 4439 1406 4493 des
1425 4438 1528 4495 Jahres
1553 4434 1635 4491 1521.

396 4502 573 4563 ⁴Fricdrielr
601 4512 649 4565 der
669 4510 764 4567 Weiss
780 4512 857 4568 hatte
877 4515 964 4569 sulron
985 4515 1147 4571 wiederholt
1165 4521 1310 4591 versuclrt,
1332 4519 1380 4572 ihu
1407 4535 1444 4573 an
1464 4518 1561 4573 aeinen
1578 4513 1638 4571 trel

331 4589 398 4643 oder
419 4589 490 4643 nsclr
513 4588 693 4663 Wittenbcrg
709 4609 743 4645 uu
763 4593 870 4650 sichen.
