3625 5192
679 332 768 399 Briele
786 332 906 399 hlntiaoa
921 342 961 399 71.
1426 340 1477 397 115

169 487 329 558 literarum
352 497 385 557 et
403 488 579 557 rhetoricen
595 491 732 558 laudabo
743 500 775 558 et
795 500 932 575 caetera,
953 494 1214 561 ntAristarelrum
1237 502 1292 559 ant
1307 493 1478 575 Georgium

168 606 222 659 ant
242 595 401 660 Cratetem
429 596 570 660 oritieurn
599 616 660 661 non
688 597 733 661 sis
762 597 1007 663 desideraturus.
1054 598 1187 662 Videam
1210 596 1404 661 theoremata
1425 616 1477 660 ex-

168 697 352 780 peotatoria.
394 698 473 776 Quis
498 707 547 762 est
572 697 767 781 disceptator
790 698 977 764 honorarius
1002 706 1035 764 et
1056 720 1185 785 praeses
1206 698 1476 782 disputationis¹l

167 799 222 863 Dii
244 800 329 874 boui,
350 808 427 881 quot
441 800 582 881 offucias,
603 807 679 882 qnot
699 800 928 885 synoplrantias
946 808 978 865 et
992 800 1332 885 nugasdeblaterabit!
1375 800 1476 865 Nemo

167 901 414 966 deeaehinnetur
435 909 500 966 tam
521 902 603 967 serio
624 903 809 984 garrientes.
852 902 1052 969 Excitahitnr
1069 904 1110 967 ab
1129 904 1240 969 inieris
1253 902 1353 983 Plato,
1374 907 1478 967 ourret

168 1004 323 1084 Socrates,
346 1003 467 1069 volabit
489 1003 667 1070 Chimaera.
716 1006 812 1070 Miror
831 1004 988 1088 equidem,
1011 1024 1066 1071 onr
1083 1005 1200 1070 nullam
1227 1007 1355 1071 omnino
1376 1006 1477 1070 fauiae

169 1104 209 1169 de
230 1106 398 1188 Spalatino
429 1107 633 1188 mentionem,
656 1108 707 1171 oui
727 1115 833 1173 tamen
856 1107 897 1173 ad
921 1115 950 1173 te
971 1108 1081 1174 literas
1102 1108 1186 1174 dedi.
1229 1107 1390 1173 Ciceronis
1412 1108 1476 1191 epi-

168 1208 267 1273 stolas
288 1206 329 1271 ad
356 1215 387 1271 te
407 1208 531 1273 remitto
556 1217 588 1275 et
614 1228 676 1291 ago
696 1212 827 1290 gratias,
849 1210 981 1294 perinde
1002 1229 1040 1274 ao
1062 1211 1090 1274 si
1110 1208 1187 1273 mihi
1209 1210 1371 1289 servirent,
1393 1210 1477 1275 malo

168 1310 251 1374 enirn
270 1310 474 1376 tedominum
495 1330 566 1377 esse
585 1320 650 1376 tarn
673 1312 826 1395 praeclari
848 1314 964 1397 operis.
1008 1312 1096 1391 lusui,
1116 1319 1149 1376 ut
1165 1312 1352 1396 Spoletinus
1374 1319 1476 1377 teonnr

168 1420 277 1495 ageret
297 1412 338 1478 de
360 1412 508 1478 Platina²
527 1426 559 1478 et
580 1414 684 1480 sociis.
726 1413 840 1479 Mirum
861 1420 910 1481 est
927 1414 1096 1479 silentium.
1139 1414 1202 1479 Cur
1223 1434 1285 1479 uon
1306 1414 1478 1496 exquisivit

169 1515 201 1577 iu
224 1512 429 1597 bibliopolis,
453 1516 498 1578 nti
519 1516 770 1581 mandaveram?
810 1518 1146 1601 Appetuntnundinae
1163 1517 1314 1596 celebres,
1336 1526 1400 1580 tum
1422 1514 1478 1580 lies

168 1616 234 1682 voti
254 1636 390 1701 compos.
434 1618 559 1683 interea
580 1619 772 1703 posthabitis
797 1620 936 1703 propriis
964 1626 995 1685 et
1017 1618 1199 1683 domesticis
1224 1618 1402 1700 etquidem
1424 1638 1476 1681 ne-

168 1720 316 1784 cessariis
335 1720 474 1801 negotiis
500 1722 564 1785 tuis
591 1721 706 1785 studiis
733 1721 913 1787 auxiliabor
939 1729 1031 1803 teque
1058 1722 1154 1785 etiam
1177 1732 1271 1803 atque
1292 1722 1389 1786 etiam
1413 1740 1476 1793 oro,

170 1828 204 1885 nt
224 1822 361 1898 scribas,
393 1841 435 1885 an
461 1842 511 1887 me
542 1825 642 1889 teneri
670 1824 751 1889 velis
781 1825 958 1890 iuramento
980 1842 1020 1889 an
1043 1824 1217 1890 obsolvere.
1258 1824 1355 1889 Amor
1376 1824 1477 1904 legem

171 1943 233 1987 non
256 1924 361 1989 habet
404 1926 439 1990 Si
462 1925 602 1997 remitto,
628 1926 711 2007 quod
735 1926 875 2008 promisi,
896 1944 992 2008 aegre
1014 1925 1047 1991 id
1071 1926 1177 1991 auimo
1196 1926 1264 1999 erit,
1288 1944 1382 2007 qurum
1405 1920 1477 1989 libri

169 2032 243 2090 sunt
263 2027 479 2109 compaginati
492 2034 524 2091 et
541 2028 670 2093 vestiti?
711 2027 746 2092 Si
758 2029 879 2093 retineo
900 2036 995 2110 tuque
1017 2046 1187 2111 repugnas,
1210 2026 1263 2092 ubi
1284 2025 1400 2091 fidesl·
1414 2026 1478 2091 Sed

170 2128 250 2193 satis
271 2134 334 2207 est,
363 2130 426 2193 imo
454 2129 524 2211 plns
551 2130 649 2195 nimio
669 2131 865 2214 disputatum
886 2130 928 2197 de
949 2130 1010 2195 hae
1030 2150 1063 2195 re
1083 2149 1153 2194 oum
1176 2130 1342 2213 Spalatino
1363 2136 1478 2194 nostro.

170 2230 324 2312 Digestas
341 2232 463 2313 legum·
480 2232 761 2297 commentationes
771 2233 957 2316 propediem
976 2233 1140 2299 remittam.
1182 2232 1293 2297 Saluta
1305 2230 1478 2309 Euhenum,

170 2333 278 2397 l'aveat
292 2334 490 2399 vohisCeres
511 2355 580 2399 oum
603 2354 659 2400 sno
681 2335 901 2419 Triptolemo,b
923 2335 977 2417 qui
998 2336 1121 2399 semina
1138 2334 1301 2399 Demetria
1319 2333 1478 2417 dispersit.

170 2433 239 2515 ligo
259 2434 300 2499 do
321 2437 461 2519 spiceam
483 2456 630 2501 eoronam
646 2436 792 2502 Eobano:
814 2437 874 2501 hae
894 2444 1060 2501 contentus
1076 2438 1145 2516 erit,
1166 2435 1269 2518 quoad
1292 2455 1403 2500 caesar
1424 2435 1479 2497 da-

172 2536 218 2599 bit
238 2537 404 2619 poetieam.
446 2539 500 2604 Sie
521 2537 681 2621 agricolae
702 2540 810 2623 spiens
831 2540 965 2604 oll'ernut
986 2539 1092 2603 Cereri
1115 2546 1146 2602 et
1167 2557 1313 2602 eoronam
1336 2538 1478 2623 spineam

170 2638 260 2701 iuxta
280 2638 358 2703 illud
380 2639 558 2721 vulgatum:

452 2765 576 2844 „Flava
594 2766 700 2847 Ceres,
721 2767 780 2832 tibi
801 2767 844 2832 sit
861 2774 968 2833 nostro
989 2766 1029 2831 de
1051 2786 1121 2831 rnre
1141 2785 1257 2831 corone

452 2868 577 2951 Spieea,
600 2889 682 2952 quae
703 2870 813 2953 templi
836 2870 976 2953 pendeat
997 2876 1072 2935 ante
1095 2870 1231 2933 l'ores³.“

255 2991 335 3068 Sed,
365 3010 405 3056 ne
426 2992 538 3057 videar
562 2993 680 3058 oblitus
698 2993 837 3073 Euhani,
864 2994 1001 3057 scribam
1022 2992 1063 3057 ad
1087 2993 1243 3058 homiuem
1265 2992 1305 3057 de
1328 2992 1387 3057 hae
1409 2994 1481 3077 ipsa

172 3095 375 3159 coronatione
396 3094 544 3160 cerealia
586 3096 664 3162 Vale
685 3103 717 3160 et
737 3098 840 3161 fruere
861 3098 943 3162 boun
963 3096 1122 3161 secundae
1134 3094 1335 3160 valetudinis.
1374 3097 1479 3160 h'tiam

173 3198 201 3259 si
223 3196 316 3261 nobis
337 3196 470 3279 indigna
491 3195 647 3273 dieantur,
670 3204 776 3263 tamen
797 3198 987 3280 gravitatem
1010 3199 1145 3263 retinere
1166 3207 1262 3280 atque
1284 3198 1479 3263 iraeundiam

172 3297 326 3382 repellere
351 3299 458 3365 debes.
507 3298 593 3365 Cave
625 3299 767 3366 offendas
793 3301 1064 3379 semigraeculum.
1120 3300 1202 3365 lllud
1233 3319 1385 3385 nuperum
1415 3302 1482 3384 epi·

170 3400 314 3482 taphium
335 3400 519 3466 mendosum
537 3408 615 3466 erat.
656 3402 745 3467 Alter
757 3402 931 3467 versiculus
943 3402 1130 3488 loquebatur
1145 3402 1185 3467 de
1196 3404 1305 3468 anima
1325 3410 1357 3469 et
1371 3402 1482 3468 umbra

172 3522 212 3566 ex
233 3501 382 3584 dogmate
394 3502 570 3586 Homerico,
592 3505 677 3588 apud
695 3524 786 3587 onem
806 3506 914 3569 anima
936 3505 1051 3588 repetit
1068 3505 1234 3571 coelestem
1256 3505 1391 3587 domurn,
1416 3526 1481 3570 eor-

173 3624 233 3687 pus
254 3612 357 3669 terrae
380 3603 537 3686 redditur,
568 3608 684 3672 inl'eros
713 3608 794 3689 petit
821 3607 940 3671 mnbra.
984 3609 1017 3671 Si
1039 3607 1181 3689 dubitas,
1202 3607 1338 3672 libenter
1359 3614 1390 3671 te
1412 3628 1481 3672 oon-

173 3706 314 3772 firmano.
933 3710 1093 3774 llutiaous
1115 3710 1221 3775 Rulus.
1263 3708 1400 3793 Raptim.

244 3817 320 3865 aare.
343 3816 367 3874 r)
389 3816 422 3863 rm
441 3816 490 3864 nn
519 3834 578 3870 nov,
598 3820 639 3867 ror.
652 3818 832 3867 nav-rur.
853 3844 883 3851 -
923 3820 948 3872 a)
969 3820 992 3867 n.
1011 3820 1045 3865 uz
1063 3819 1145 3867 saur
1162 3818 1253 3867 w-asa
1277 3818 1356 3867 rana

243 3921 254 3948 ³
272 3927 320 3973 Lib
343 3943 400 3974 nov.
420 3929 508 3987 legem.
581 3924 594 3950 ¹²
612 3930 667 3977 Lib.
687 3946 745 3979 nov.
764 3930 814 3975 trud
833 3932 865 3976 Te
884 3930 1060 3990 Trioptolorno.

241 4102 252 4143 1
275 4104 335 4160 Aua
357 4106 692 4179 waleherVeranlasanng
707 4108 782 4163 otiose
803 4108 982 4179 Disputation
1005 4108 1164 4165 stadilinden
1184 4112 1274 4181 sollte,
1294 4110 1330 4165 ist
1350 4128 1399 4166 aus
1419 4112 1482 4165 dem

176 4184 271 4240 Briefe
292 4186 371 4240 nieht
401 4187 570 4244 ersielrtlielr.
612 4188 791 4243 Hereborulus
811 4190 888 4244 ortuo
906 4190 944 4245 im
969 4191 1078 4245 Wluter
1101 4184 1206 4268 150718
1229 4192 1305 4247 sauine
1321 4192 1482 4262 juristiselre

172 4266 469 4338 Baerrluriatspriiluug
489 4268 650 4323 bestauden.

235 4345 249 4385 2
270 4346 334 4417 vgt.
356 4346 400 4399 Br.
418 4347 454 4399 12
478 4349 505 4399 S.
519 4347 556 4400 18
579 4347 660 4403 Arrun.
673 4349 698 4403 2.

234 4422 249 4464 3
270 4426 373 4481 'l'ibull
386 4428 408 4479 l.
422 4428 446 4481 l.
459 4427 595 4482 15--16,

235 4504 248 4545 ⁴
273 4506 327 4579 Vgl
352 4508 419 4561 iiber
439 4509 484 4562 die
506 4528 559 4563 von
579 4510 675 4564 Euhan
697 4532 727 4567 ao
740 4512 804 4567 selu
824 4513 1004 4583 gerviiusehte
1023 4513 1270 4587 Dichterlrriiuung
1291 4513 1336 4571 Br.
1351 4514 1423 4571 70u.
1437 4514 1482 4570 12.

1244 4695 1278 4749 8*
