3625 5192
324 338 360 391 94
689 339 950 410 Gesehichtsquellen
969 342 1018 396 der
1034 341 1109 396 Prov.
1128 341 1250 397 Saehscn.

325 486 388 550 Aut
417 487 573 570 pessimus
602 507 682 571 puer
708 495 757 554 est
784 495 839 552 aut
865 489 1005 554 omnium
1034 490 1247 556 stultissimus.
1295 492 1363 569 Que
1383 492 1542 575 precipio,
1569 513 1634 558 non

323 586 409 668 l'aoit,
424 607 485 669 que
499 595 580 669 veto,
597 590 676 654 facit
689 591 829 655 moribus
844 593 972 658 omnino
988 595 1189 676 preposteris.
1221 594 1398 677 Responde.
1431 595 1634 675 Obiurgavil

323 690 555 772 Herebordum,
584 691 641 755 sed
669 693 849 776 prudenter.
896 694 966 758 lloc
994 695 1089 759 velim
1117 696 1209 760 dicas
1235 699 1337 760 amico
1359 697 1497 761 vicinos.
1540 697 1635 774 Quod

323 793 489 859 nonnullos
512 793 620 857 taxavi
640 800 673 858 et
694 795 819 859 interim
842 796 1040 885 corrigend
1061 805 1092 862 tc
1113 799 1217 880 magis
1238 800 1374 882 pertinet
1394 819 1488 881 qnam
1509 799 1550 863 ad
1573 821 1632 864 me

323 893 435 961 Timeo
456 895 541 960 eninr
563 895 622 960 tibi
644 903 752 979 utpote
772 899 867 962 nimis
888 900 1027 964 credulo.
1070 899 1158 965 Vale.

395 1019 682 1067 transmutationem
707 1021 748 1067 ron
769 1019 850 1070 stov.

322 1226 404 1298 436.
427 1198 471 1297 Μ.
493 1245 539 1293 an
563 1226 773 1311 Campegus.
1041 1226 1189 1313 (liotha)
1203 1230 1296 1298 1514.
1340 1227 1548 1313 September
1571 1229 1633 1301 26.

395 1351 455 1398 utut.
476 1356 539 1398 sstnt
560 1352 600 1397 die
619 1353 722 1399 Grilndo
741 1353 780 1399 rur
799 1353 839 1398 dio
858 1354 1040 1411 lhuterlassung
1058 1354 1102 1398 dur
1120 1353 1328 1413 Korrespondonn
1349 1356 1395 1400 mit
1415 1355 1554 1414 Carnpegus
1578 1371 1634 1400 arns-

228 1435 237 1450 ·
323 1422 446 1468 einander
474 1423 527 1468 und
549 1423 688 1469 versichert
711 1424 754 1468 ihn
779 1422 860 1470 seinse
885 1425 1116 1481 rrrrgoselrmitlorton
1140 1424 1299 1470 Vortrauons.
1334 1425 1427 1470 Hessos
1449 1425 1546 1471 selein
1565 1427 1635 1470 treff-

323 1493 404 1538 lichor
424 1493 536 1552 Dichter,
557 1493 687 1540 Herobord
706 1510 756 1539 von
765 1494 820 1542 ,der
833 1492 949 1540 Marthen
967 1495 1009 1539 oin
1028 1494 1152 1551 tiichtiger
1165 1495 1246 1541 Jurist
1265 1495 1406 1553 gewordon.
1443 1496 1495 1542 Der
1512 1496 1635 1543 Adressat

326 1563 386 1608 setlle
406 1562 469 1608 atteh
492 1563 619 1609 lernerlrin
637 1565 884 1610 ltcehtu·huffenlnoit
903 1564 949 1609 mit
968 1563 1129 1610 lateinischer
1149 1565 1258 1624 Elegann
1278 1565 1426 1610 verbinden.

404 1660 485 1726 Caro
524 1679 581 1724 suo
614 1660 834 1744 Canrpego³³‚
869 1659 1034 1724 tabellioni
1070 1659 1152 1724 bene
1184 1660 1309 1724 literato
1340 1668 1373 1725 et
1400 1660 1496 1726 oflicii
1529 1662 1635 1745 pleno,

325 1761 486 1828 Matienus
505 1762 613 1827 liuius.

404 1865 440 1930 Si
465 1864 645 1930 commodea
671 1864 760 1928 vales
789 1871 822 1932 et
845 1863 987 1928 fortunas
1008 1884 1107 1946 anges
1133 1870 1165 1929 et
1186 1865 1305 1930 utiliter
1325 1865 1357 1929 in
1379 1865 1558 1931 forensibus
1580 1886 1634 1932 ne·

323 1967 420 2048 gotiis
446 1985 588 2044 versare,
617 1967 696 2032 benc
724 1973 781 2031 est.
828 1966 879 2030 Me
908 1966 1038 2031 honeste
1064 1967 1181 2047 quietis
1209 1973 1241 2030 et
1264 1967 1505 2050 tranquillitatis
1533 1969 1633 2032 animi

324 2089 386 2134 non
417 2069 545 2152 penitet.
595 2068 695 2132 Fruor
720 2069 804 2133 enim
833 2068 895 2132 Dei
922 2068 1045 2131 cultura
1075 2087 1204 2133 securus
1237 2087 1340 2132 rernm
1371 2069 1569 2152 agendarum
1602 2078 1636 2135 et

324 2172 471 2236 addictus
497 2173 624 2255 legendi
650 2171 873 2254 scribendique
898 2170 1004 2234 studio
1026 2178 1199 2254 temporum
1222 2170 1329 2235 horum
1352 2171 1582 2237 inelinaciones
1603 2182 1636 2237 et
1652 2152 1675 2197 s

323 2277 484 2340 hominum
512 2275 674 2340 levitatem
702 2275 856 2357 singulari
884 2275 1069 2338 constancia
1096 2281 1127 2337 et
1155 2274 1286 2355 egregia
1314 2272 1451 2354 quadam
1471 2275 1636 2356 gravitate

323 2385 496 2443 contemno.
549 2376 596 2441 Tu
630 2377 747 2441 amoris
779 2375 896 2440 fiducia
927 2375 1144 2439 vehementius
1174 2374 1310 2440 officinm
1342 2375 1515 2458 epistolare
1540 2375 1635 2461 desy-

323 2481 424 2544 deras.
478 2481 576 2546 Cuius
608 2480 653 2543 rei
683 2477 828 2543 testando
858 2479 977 2558 gratia,
1010 2483 1160 2559 tanquam
1193 2477 1353 2541 oblivione
1387 2477 1635 2543 necessitudinis

323 2589 428 2648 nostre
450 2600 580 2663 meoque
599 2581 632 2644 in
654 2589 684 2646 te
707 2581 928 2645 benevolentie
950 2586 1083 2655 taceam,
1105 2580 1212 2660 sepius
1233 2579 1418 2660 interpellas
1439 2587 1472 2643 et
1486 2582 1634 2662 quamvis

323 2691 467 2748 amanter
493 2691 525 2748 et
550 2683 675 2747 lenibus
702 2682 823 2762 verbis,
851 2690 957 2746 tamen
984 2701 1034 2746 me
1061 2681 1153 2762 quasi
1182 2677 1358 2746 cessantem
1385 2688 1481 2763 atque
1508 2684 1541 2746 in
1561 2682 1634 2746 dili-

323 2791 449 2869 gentem
473 2785 633 2866 ohiurgas,
675 2789 788 2848 Annon
812 2782 910 2861 vides,
931 2783 1059 2865 quantis
1076 2783 1174 2845 simus
1192 2783 1360 2847 itineribus
1375 2782 1516 2862 disereti,
1537 2804 1634 2866 quarn

321 2889 362 2952 sit
392 2887 514 2952 lubrica
544 2886 623 2952 fides
651 2906 772 2964 eorum,
799 2887 851 2968 qui
879 2886 960 2949 inter
982 2904 1039 2948 nos
1060 2884 1252 2965 discurrunt,
1280 2893 1430 2967 qnantum
1452 2886 1635 2951 suboleseat

322 2990 453 3074 periculi
487 2995 519 3054 et
549 2989 693 3052 molestie
725 3009 764 3052 ex
792 2987 894 3052 literis
921 2987 1015 3069 paulo
1041 2985 1172 3050 liberius
1199 2988 1355 3069 exaratis,
1384 2995 1420 3050 ut
1444 2989 1634 3071 peritissimi

321 3092 566 3176 Pythagoricum
592 3092 752 3156 silentium
779 3089 976 3159 custodiant,
1001 3095 1035 3152 ut
1059 3088 1170 3153 diserti
1195 3088 1237 3151 ad
1262 3089 1445 3168 infantiam,
1474 3092 1573 3156 lbrtes
1601 3100 1634 3155 et

323 3196 394 3260 honi
425 3195 485 3260 viri
507 3193 547 3256 ad
577 3193 733 3257 desidiam
762 3213 801 3256 ac
822 3191 1025 3256 solitudinem
1050 3190 1269 3255 revertantur?
1309 3193 1373 3255 Aut
1400 3193 1498 3274 igitur
1522 3195 1633 3258 mirari

321 3297 448 3377 (lesina,
475 3317 529 3361 cur
555 3295 684 3360 abditus
716 3295 748 3359 in
771 3293 964 3358 bibliotheca
986 3293 1226 3375 conquiescam,
1253 3298 1309 3356 aut
1329 3294 1531 3359 tabellarium
1553 3315 1635 3380 para

321 3399 554 3478 fidelissimum,
584 3397 634 3460 eui
664 3402 729 3460 tuto
758 3403 789 3460 et
810 3401 903 3477 grata
923 3402 956 3460 ct
976 3400 1102 3478 optata,
1123 3394 1260 3460 adversa
1280 3401 1312 3460 et
1333 3396 1466 3478 acerba,
1492 3397 1636 3464 iucunda

320 3507 353 3565 et
383 3501 502 3580 lausto,
537 3499 674 3563 breviter
705 3497 811 3564 omnia
839 3498 1014 3562 credamus.
1066 3497 1137 3574 Qua
1161 3497 1300 3578 ratione,
1335 3518 1400 3580 qua
1429 3501 1637 3583 providentia

323 3610 454 3680 utemur,
476 3619 516 3664 ne
537 3619 594 3664 nos
617 3599 689 3664 novi
711 3599 855 3666 homines
876 3607 909 3663 et
929 3598 1057 3662 barbari
1077 3598 1268 3663 derideant?
1309 3600 1445 3684 Scriptis
1466 3601 1563 3666 credo
1578 3603 1636 3666 oh-

320 3704 466 3786 signatis.
521 3701 585 3765 Sed
620 3721 658 3766 eo
691 3719 805 3765 venere
836 3719 954 3780 mores,
986 3700 1309 3784 ut'philosnphorun
1340 3702 1476 3785 epistole
1510 3705 1637 3787 passim

320 3809 521 3886 resignantur
547 3809 580 3866 et
607 3803 701 3866 velut·
718 3801 814 3866 alieni
841 3810 872 3866 et
898 3803 988 3867 nothi
1012 3801 1070 3866 filii
1097 3809 1295 3886 exponantur
1318 3809 1407 3868 tanto
1434 3805 1548 3870 sceleri
1574 3806 1637 3871 im-

321 3907 465 3990 punitate
491 3897 575 3968 data.
621 3904 755 3968 'l'errent
784 3905 999 3968 cautissimum
1026 3923 1181 3985 quemque
1209 3922 1268 3967 sua
1293 3905 1511 3988 experimenta
1538 3915 1573 3970 et
1599 3917 1636 3972 tn
1714 3961 1720 3968 .

321 4010 419 4073 inulta
440 4008 557 4089 legisti,
577 4009 676 4072 inulta
696 4007 848 4071 audivisti
873 4015 905 4071 et
926 4006 1092 4089 sepissime
1113 4013 1295 4089 preceptum
1317 4013 1367 4070 est
1387 4027 1408 4070 a
1430 4009 1636 4092 sapientibus

392 4125 404 4152 ¹
422 4132 448 4177 F
461 4131 571 4178 comodo.

383 4329 394 4372 l

381 4411 394 4453 ²
415 4333 487 4468 gdhr
500 4333 646 4470 Bidichhhrs
674 4413 864 4484 Engelmann3
892 4413 941 4466 der
966 4412 1186 4482 Georgenthaler
1213 4409 1273 4466 Hos
1301 4413 1425 4467 niimlieh
1453 4421 1567 4485 grenzte
1596 4435 1632 4470 an

320 4494 373 4548 don
395 4494 517 4550 Mainner
537 4495 605 4550 Hol'.

381 4570 395 4615 ³
417 4576 549 4650 Pyrrhus.
591 4575 655 4647 Vgl.
669 4575 713 4629 Br.
728 4574 764 4627 78
787 4573 816 4630 S.
831 4574 885 4626 117
908 4573 992 4626 Anm.
1006 4573 1031 4625 1.
