3625 5192
338 347 391 398 310
712 345 974 412 Geechichtsqnellen
989 347 1037 398 der
1055 343 1128 397 Prov.
1148 345 1270 398 Saehsen.

418 495 479 558 Dei
499 495 644 576 gratiam.
686 493 819 556 Gaudeo
840 513 879 557 ex
900 495 1017 573 auimo,
1037 493 1079 556 mi
1100 493 1383 576 buterspalatine,
1405 507 1516 557 tecum
1527 493 1644 558 Catha-

338 600 409 663 riua
429 606 485 661 tua
506 595 714 660 benevalere·
748 594 902 676 Quitquid
924 596 1009 659 cuim
1031 595 1089 659 tibi
1108 595 1227 659 accidit
1247 596 1316 660 sive
1338 596 1393 659 leti
1413 596 1482 659 sive
1504 594 1644 676 adversi,

334 700 381 785 ad
402 719 452 764 me
471 706 632 778 tamquam
654 698 786 761 alterum
809 707 840 761 te
861 705 1006 779 spectare
1027 697 1171 760 arbitror.
1214 697 1292 777 Ego,
1310 696 1393 777 qnod
1414 696 1524 760 divine
1535 697 1645 760 volun-

338 802 414 866 tatis
441 807 505 881 cst,
531 799 594 862 non
619 799 698 862 satis
725 798 887 862 commode
910 799 1001 862 valeo
1023 819 1148 878 semper
1167 798 1233 862 alia
1254 805 1325 882 post
1345 799 1441 862 aliam
1462 799 1645 880 egritudine

340 924 390 968 mc
412 901 584 982 affligente.
626 901 668 963 Et
689 899 877 993 ¹Chunradus
890 900 1039 964 Urbanus
1060 901 1106 964 tui
1127 901 1403 965 aurantissimusa
1424 899 1504 964 i'esto
1527 902 1646 966 natalis

339 1003 514 1071 Christiani
545 1003 578 1065 iu
611 1002 692 1064 bunc
724 1020 822 1083 usque
851 1002 937 1066 diem
970 1003 1166 1066 continenter
1194 1002 1359 1082 egrotavit.
1408 1001 1482 1077 Sed,
1507 1002 1578 1067 laus
1602 1004 1647 1068 sit

340 1107 476 1184 Christo,
497 1105 561 1168 iam
583 1104 695 1168 melius
716 1104 829 1187 incipit
850 1102 973 1169 habere.
1016 1105 1119 1168 Ceteri
1142 1109 1284 1169 monaste
1298 1104 1470 1185 Georgiani
1487 1105 1540 1168 die
1563 1107 1644 1187 puri-

341 1206 497 1271 heationis
507 1203 649 1268 Mariano
670 1204 754 1268 iussn
776 1206 921 1285 generosi
948 1205 1290 1285 ltcrnuisGreiendurlii
1301 1205 1436 1270 (lotham
1459 1208 1645 1288 commigra-

343 1317 415 1373 runt
438 1307 503 1371 illic
522 1307 555 1370 in
576 1305 710 1370 cenobio
730 1309 1012 1388 Angustinensium
1035 1328 1097 1372 una
1124 1327 1193 1371 eum
1214 1307 1594 1372 Reinhartzhornensibns
1614 1319 1648 1374 et

342 1409 524 1474 Aurelianis
535 1409 601 1472 vite
622 1408 773 1490 reliquum
791 1410 902 1474 actiui.
945 1411 1013 1487 (lue
1035 1430 1084 1474 res
1106 1430 1145 1473 ex
1166 1409 1264 1473 animi
1286 1410 1347 1473 mei
1370 1411 1556 1490 (sententia)
1578 1430 1647 1475 suc-

342 1513 445 1577 cessit.
477 1511 561 1573 Nam
581 1511 846 1591 molestissimum,
868 1512 1033 1593 presertim
1054 1511 1131 1575 mihi
1153 1519 1261 1593 egroto
1284 1512 1344 1574 l'uit
1370 1512 1450 1576 iuter
1470 1518 1516 1576 tot
1535 1513 1649 1596 strepi·

345 1624 404 1686 tus,
424 1619 470 1677 tot
491 1611 643 1676 clamores
665 1618 697 1675 et
714 1611 830 1693 cetera,
848 1632 910 1694 quc
932 1615 1064 1678 recitare
1086 1633 1147 1677 non
1171 1613 1257 1693 libet,
1279 1615 1394 1677 vivere.
1436 1613 1563 1695 Queris,
1585 1635 1649 1697 quo

343 1717 377 1778 in
399 1721 430 1777 te
451 1713 558 1777 auimo
579 1713 621 1776 sit
643 1712 804 1777 Marianus
825 1723 940 1779 noster.
971 1714 1100 1798 Optimo
1127 1715 1248 1778 scilicet
1273 1723 1305 1779 et
1328 1715 1423 1779 ceteri
1452 1717 1546 1779 aurici
1573 1737 1648 1798 quo-

343 1835 413 1897 que.
438 1815 502 1879 Cur
520 1815 604 1878 enim
625 1815 773 1879 maritum
794 1835 856 1879 non
878 1836 1177 1898 arnu1·cnrus‚quen1
1199 1817 1332 1881 celibem
1354 1818 1497 1881 venerati
1519 1824 1651 1894 sumus?

344 1918 412 1999 Ego
435 1917 573 2000 protecto
593 1935 721 1980 uxorem
744 1937 867 1998 quoque
884 1917 1039 1999 ducerem,
1061 1920 1092 1982 ni
1106 1939 1155 1984 me
1166 1919 1314 1983 valetudo
1337 1919 1504 1984 imbecillis
1523 1929 1555 1984 et
1579 1929 1650 1986 etas

343 2021 408 2083 iam
435 2019 662 2100 ingravescens
690 2019 880 2101 prohiberet.
926 2019 1026 2084 Multa
1057 2036 1128 2084 sunt
1159 2023 1189 2084 in
1220 2021 1373 2101 celibatu,
1406 2023 1555 2106 precipue
1586 2044 1651 2088 mo-

344 2120 526 2199 nachorum,
546 2139 607 2202 que
628 2121 707 2184 mihi
725 2121 928 2186 vehementer
946 2122 1125 2202 displicent,
1147 2123 1293 2202 quamvis
1315 2123 1473 2188 Mutianus
1494 2125 1588 2188 aliter
1609 2128 1653 2190 sit

345 2224 512 2287 animatus.
561 2221 662 2286 Fuere
691 2222 739 2286 his
767 2222 880 2288 dicbus
905 2223 1009 2288 Gotho
1035 2225 1266 2288 illustrissimus
1293 2224 1441 2308 princeps
1470 2225 1587 2291 elector
1618 2234 1653 2290 et

345 2326 458 2389 Hessie
480 2323 687 2405 lantgravius.
728 2325 806 2389 Heri
830 2325 890 2389 hue
912 2326 954 2388 ad
975 2334 1117 2390 senatum
1129 2326 1281 2390 miserunt
1291 2345 1476 2407 generosum
1488 2327 1653 2392 dominum

345 2447 366 2490 a
390 2426 568 2490 Willentels
590 2435 622 2490 et
642 2426 800 2506 quendam
824 2427 962 2492 nobilem
984 2429 1023 2490 de
1045 2427 1242 2509 Ilcrnclburg.
1284 2427 1369 2504 Quid
1390 2439 1495 2492 autem
1517 2431 1653 2510 egerint,

346 2532 379 2593 in
400 2527 686 2594 oecultohabetur.
728 2528 870 2594 Donavit
890 2530 1039 2613 princeps
1060 2531 1176 2594 elector
1197 2529 1339 2593 Mutiauo
1361 2537 1477 2610 nostro,
1499 2537 1533 2594 ut
1550 2533 1654 2608 rides,

345 2631 578 2711 quinquaginta
597 2649 718 2709 aureos,
740 2649 800 2711 que
823 2649 872 2694 res
893 2631 1135 2714 supramodum
1157 2650 1207 2694 me
1227 2631 1390 2696 recreavit.
1432 2632 1564 2696 Utinam
1585 2633 1655 2698 diu-

312 2729 320 2744 ‘
345 2740 455 2795 turnus
476 2732 518 2795 sit
530 2732 590 2795 iste
603 2733 693 2796 favor
713 2732 747 2795 iu
757 2731 944 2812 Mutianum
965 2732 1122 2797 hominem
1134 2751 1316 2815 pauperem,
1335 2734 1389 2798 sed
1401 2735 1654 2817 integerrimum!

345 2831 428 2896 Dum
457 2852 557 2914 nuper
582 2833 758 2898 Mellarium
785 2845 838 2898 tuo
865 2836 991 2900 nomine
1021 2835 1206 2914 salutarem,
1239 2836 1285 2898 ita
1313 2836 1491 2919 respoudit:
1534 2837 1656 2916 „Liber

349 2934 486 3014 Urbane,
509 2933 556 2998 bit
576 2934 786 3017 spaletinam,
813 2938 873 3000 das
901 2955 935 3000 er
960 2937 1019 3000 mir
1040 2956 1099 3018 eyn
1127 2937 1189 3001 t‘art
1211 2937 1355 3002 schreibc
1376 2939 1515 3002 lutiuicis
1536 2939 1655 3003 verbis.

346 3035 508 3099 Audiebat
530 3035 587 3099 hee
607 3035 767 3101 Mattheus
788 3037 1008 3102 Lachenbeek.
1050 3038 1186 3104 Risimus
1207 3039 1353 3104 anatim.
1380 3039 1492 3122 Itaque
1514 3049 1546 3106 te
1569 3061 1657 3122 rogo,

347 3144 380 3200 ut
399 3137 446 3201 illi
468 3138 600 3201 latinam
622 3139 790 3220 epistolam
812 3140 943 3203 scribas.
985 3139 1056 3205 Non
1083 3147 1186 3222 potest
1212 3141 1269 3205 tibi
1291 3140 1403 3206 deesse
1424 3153 1656 3223 argumentum.

348 3238 405 3302 Vel
426 3239 537 3302 saltem
559 3239 663 3303 scribe
684 3259 733 3304 me
755 3241 788 3305 id
810 3241 867 3305 tibi
884 3242 1059 3323 scripsisse.
1094 3242 1178 3307 Uxor
1192 3242 1337 3323 Doliarii,
1353 3245 1458 3324 neptis
1481 3253 1542 3321 tua,
1561 3265 1659 3328 pepe-

347 3340 388 3403 rit
409 3348 482 3404 aute
504 3347 638 3422 qrratuor
659 3342 729 3407 dies
749 3344 880 3408 alteram
901 3343 1007 3407 tiliam.
1049 3345 1152 3408 Proba
1175 3351 1258 3408 certe
1279 3345 1391 3410 mulier
1413 3353 1445 3409 et
1466 3345 1575 3428 digua,
1604 3349 1659 3412 eui

347 3445 467 3506 faveas.
517 3443 678 3507 Doliarius
702 3452 786 3509 esset
806 3454 930 3510 centum
951 3447 1055 3511 aureis
1076 3446 1188 3528 ditior,
1215 3448 1242 3511 si
1265 3448 1297 3510 in
1319 3449 1455 3530 patrium
1483 3456 1569 3513 tuam
1593 3469 1658 3513 non

348 3544 524 3626 migrasset,
553 3545 609 3608 sed
631 3545 744 3610 stultus
764 3566 862 3628 gener
883 3548 1056 3627 stultiorem
1079 3567 1220 3613 socerum
1241 3548 1440 3630 sequebatur.
1482 3550 1575 3615 blitto
1597 3551 1659 3616 tibi

350 3647 459 3709 literas
482 3646 584 3710 scribe
606 3646 840 3727 Northusensis
862 3651 1059 3714 conterranei
1081 3650 1152 3730 mci,
1172 3667 1251 3732 quas
1272 3650 1349 3714 mihi
1372 3671 1472 3734 nuper
1494 3651 1661 3717 Mellarius

348 3747 532 3811 transmisit.
580 3747 705 3812 Salutat
731 3755 761 3812 te
782 3750 970 3815 chunradus
994 3751 1141 3815 Urbanus
1162 3751 1279 3834 dignus
1300 3753 1382 3815 inter
1401 3773 1510 3818 omnes
1533 3773 1660 3819 monus-

349 3857 400 3911 tas
428 3849 578 3911 bonorum
606 3850 724 3913 favore.
770 3850 882 3916 Saluta
913 3873 982 3918 meo
1014 3855 1141 3918 nomine
1177 3855 1328 3938 optimum
1357 3856 1522 3936 coniugem
1560 3865 1660 3920 tuam.

351 3950 438 4013 Vale.
631 3983 639 3994 ·
1158 3986 1162 3994 ·

432 4051 547 4116 Datum
569 4052 648 4117 l‘eria
669 4054 715 4117 Ill
739 4063 810 4137 post
830 4053 1022 4122 dominicam
1044 4058 1143 4123 Oculi.
1186 4059 1278 4123 Anno
1299 4057 1482 4122 MDXXVl.

432 4153 580 4218 Eobauus
609 4155 648 4218 ad
680 4160 794 4221 testum
828 4159 989 4240 paschatis
1028 4161 1179 4240 migrabit
1214 4159 1456 4240 Norinbergam.
1511 4161 1665 4226 Premisit

351 4254 592 4336 strpelleolileln·
1183 4279 1375 4346 chricus
1398 4279 1579 4344 Urbanus

1333 4388 1413 4445 tuus.

421 4502 561 4561 :lucopello
589 4503 634 4547 ‹lo-
659 4503 757 4548 Boutt-
787 4504 1068 4550 Uct'crrar'trltsblblr'otlrclr
1095 4503 1140 4550 sub
1160 4504 1181 4550 G
1202 4505 1219 4560 l,
1241 4504 1272 4551 31
1298 4506 1338 4550 ful.
1362 4505 1418 4552 106.
1461 4505 1505 4550 llic
1526 4507 1666 4567 ,lb-schrift

351 4571 471 4618 rer-dortho
490 4573 528 4618 r'cb
546 4572 590 4618 der
609 4573 802 4619 diuendita-hbeat
819 4573 861 4620 ‹lcs
879 4573 959 4620 Herm
977 4574 1102 4624 Professor·
1124 4574 1241 4620 abacelam
1258 4576 1284 4620 in
1303 4575 1440 4634 Elberfeld.
1482 4593 1484 4596 ·
