3625 5192
625 365 715 421 Brieie
733 365 853 422 undans
869 366 927 421 171.
948 367 1006 422 172.
1025 367 1084 422 173.
1454 365 1507 420 245

201 513 373 594 quemodo
394 513 927 580 velamicoiudicedamnacionenr
941 516 1163 597 commeruisti,
1184 535 1247 582 uon
1258 522 1363 580 tamen
1374 535 1508 596 crucem,

203 635 241 678 ne
264 623 362 679 totum
386 616 518 682 silientii
541 616 632 681 ruina
651 627 838 701 prosternat.
883 618 969 684 Vale.

285 717 347 780 Xll
369 717 528 783 Calendas
549 719 747 804 Septembris
767 719 874 784 MDX.

273 837 453 890 transserram.
473 842 494 888 s
512 841 559 890 135
579 843 620 889 ror.
634 839 826 892 rosv-tots.

756 993 956 1002 -—.———

208 1094 281 1160 ltu.
304 1093 347 1159 ll.
369 1113 413 1159 sn
434 1094 567 1160 Urhan.
681 1089 682 1092 ’
958 1093 1091 1179 (Gotho
1103 1093 1218 1178 1510.)
1242 1093 1509 1165 Noremhcrld.
1575 1135 1578 1139 -

271 1217 332 1264 lint.
351 1224 415 1265 sotzt
433 1219 610 1278 snseinunder,
633 1220 679 1266 wie
703 1220 743 1266 clu
767 1221 866 1268 rochlsr
885 1220 995 1266 Prisster
1017 1220 1160 1266 hesehaffen
1185 1220 1240 1266 solu
1262 1222 1356 1278 mrisss,
1381 1219 1446 1278 irigt
1468 1233 1510 1278 sn,

202 1289 330 1405 :prpeflpppp
349 1289 483 1406 ggffipd
506 1305 529 1336 v.
544 1289 567 1337 d.
581 1289 698 1336 llsrthon
722 1290 857 1350 eigontlieh
882 1291 1043 1383 stoekonnd
1066 1290 1169 1349 belslagt
1188 1289 1228 1335 dio
1243 1290 1309 1349 jetzt
1326 1291 1423 1336 ribenll
1441 1290 1509 1336 herr·

283 1457 419 1520 Henrico
441 1457 609 1537 Urbano,
630 1457 699 1522 viro
721 1457 820 1540 probo
841 1464 873 1522 et
894 1457 996 1538 docto,
1018 1459 1132 1522 rectori
1147 1457 1279 1523 domusl
1301 1456 1511 1522 uallissancti

203 1557 343 1640 Georgii,
367 1559 470 1623 amico
491 1560 689 1625 suavissimo.
1600 1636 1603 1641 Α

284 1667 317 1725 s.
360 1662 495 1726 Cautum
515 1669 563 1726 est
584 1663 618 1726 in
641 1662 777 1726 decretis
798 1663 982 1726 canonicisl
1011 1672 1044 1726 et
1069 1662 1115 1725 ita
1132 1661 1247 1727 seculis
1269 1661 1391 1743 aliquot
1408 1679 1511 1724 sacer·

202 1765 292 1829 dotes
313 1782 491 1842 servavere,
511 1784 551 1828 ne
575 1763 691 1828 Christi
712 1767 811 1828 sacris
833 1764 978 1829 initiatus
998 1772 1073 1829 ante
1093 1783 1159 1828 rem
1178 1763 1511 1833 divinamceremoni-

202 1886 300 1949 esque
315 1867 419 1944 obeat,
441 1885 534 1948 quam
555 1865 597 1929 ab
618 1866 786 1930 assistente
809 1865 1018 1950 hierophanta
1038 1865 1185 1929 sacrificii
1206 1867 1299 1929 ritum
1318 1872 1350 1929 et
1359 1863 1511 1947 mysteria

204 1968 362 2033 doceatur.
406 1967 544 2047 Utinam,
568 1967 705 2048 Urbane,
729 1987 790 2030 non
812 1966 1026 2032 desiderarem
1043 1967 1185 2051 previum
1207 1968 1371 2046 seniorem,
1392 1966 1447 2048 qui
1467 1965 1510 2029 ad

202 2070 311 2148 altare,
333 2089 396 2151 qua
418 2071 496 2145 itur,
518 2077 705 2134 monstraret
725 2071 877 2134 semitam.
927 2069 975 2132 De
997 2069 1136 2150 perlecto
1161 2067 1270 2150 loquor
1295 2077 1327 2132 et
1351 2066 1509 2151 ἱερουργίας

203 2172 303 2254 perito
330 2181 374 2242 et.
404 2179 437 2234 ut
464 2171 601 2236 breviter
629 2170 749 2250 dicam,
776 2170 914 2234 vidente.
967 2170 1041 2234 (leci
1063 2176 1136 2234 sunt
1156 2169 1236 2248 fere,
1264 2169 1318 2250 qui
1345 2167 1405 2232 hac
1425 2177 1509 2233 etate

202 2271 382 2337 sacrificant
434 2272 654 2337 Hahrahamus
675 2272 756 2336 vidit
777 2271 861 2336 diem
884 2273 952 2336 eins
973 2281 1005 2336 et
1029 2271 1145 2336 letatus
1167 2272 1243 2336 este
1276 2270 1509 2355 aperiebantur

203 2375 263 2439 celi
292 2374 465 2456 Ezechieli,
495 2374 548 2457 qni
577 2375 694 2457 populo
721 2375 881 2458 peccatori
908 2373 1009 2441 clausi
1035 2378 1133 2438 erant.
1187 2372 1365 2454 ,‚Revela‚“
1396 2371 1508 2454 inquit,

204 2475 340 2556 David⁴‚
363 2478 492 2556 „oculos
505 2477 626 2540 meos“.
669 2474 832 2554 Quomodo
854 2495 903 2540 me
924 2475 1038 2539 doceat
1058 2473 1232 2558 imperitus,
1254 2473 1336 2555 quod
1359 2473 1509 2554 ignorat?

203 2577 353 2642 Abditnrn
365 2599 470 2661 quero,
492 2599 553 2642 non
568 2579 682 2642 ahillis
698 2579 838 2660 protrita,
860 2579 914 2659 qui
926 2597 966 2641 ne
978 2577 1083 2642 sciunt
1094 2576 1232 2659 quidem,
1252 2575 1337 2658 quod
1355 2577 1508 2641 nesciunt.

203 2681 303 2745 Aliter
324 2681 442 2745 rustica
463 2681 571 2746 concio
599 2680 741 2753 docetur,
770 2680 863 2744 aliter
884 2680 1025 2764 mysterii
1049 2679 1240 2761 latentisque
1260 2678 1418 2759 sapientie
1439 2698 1507 2760 per-

202 2782 344 2865 cupidus.
388 2783 566 2848 Bernardus
587 2791 658 2846 tuus
679 2791 877 2864 preceptores
905 2801 968 2846 non
992 2780 1104 2845 habuit
1128 2788 1160 2844 et
1185 2800 1244 2861 ego
1265 2787 1388 2860 gestum
1410 2780 1508 2844 sacri-

202 2884 360 2948 liculorum
383 2884 557 2968 spectando
577 2884 687 2950 didici.
728 2883 822 2947 Docti
844 2883 962 2965 pariter
983 2892 1015 2948 et
1035 2882 1153 2949 indocti
1176 2901 1238 2945 una
1258 2883 1355 2946 serme
1376 2881 1509 2947 formula

203 3007 267 3051 rem
279 3007 401 3052 sacram
420 2988 548 3066 iaciunt,
573 2995 608 3050 ut
618 2989 786 3051 conveniat
807 2986 899 3049 nohis
913 2985 990 3049 illnd
1003 2985 1225 3049 Persianum⁵z
1248 2984 1441 3064 „Scribimus
1461 2983 1508 3046 in-

202 3089 286 3154 docti
304 3088 451 3171 doctique
466 3097 612 3171 poemata
628 3088 774 3172 passim“.
816 3087 900 3164 Quid
922 3086 1019 3169 igitur
1039 3087 1172 3152 censes?
1214 3085 1367 3150 Videntes
1384 3086 1512 3164 desunt,

202 3193 267 3256 ceci
296 3190 461 3255 abundant
491 3191 577 3254 velut
605 3201 762 3255 estuosurn
793 3209 888 3254 mare.
931 3190 980 3252 Ad
1008 3189 1192 3253 Trebatium
1215 3187 1325 3251 Cicero
1358 3187 1507 3252 scribiti:

203 3293 312 3372 „Num
330 3293 378 3357 ius
393 3292 487 3357 civile
499 3299 636 3357 vestrum
651 3313 690 3355 ex
706 3292 796 3357 libris
817 3291 965 3373 cognosci
988 3291 1112 3373 potest?
1135 3289 1189 3371 qni
1202 3308 1391 3370 quamquam
1403 3290 1509 3372 plures

202 3395 281 3475 sint,
306 3395 464 3460 doctorem
494 3403 599 3458 tamen
629 3395 795 3476 lumenque
821 3392 1034 3457 desiderant.“
1082 3392 1131 3455 'l'u
1158 3391 1319 3472 intelligas
1349 3390 1508 3454 doctorem

202 3497 358 3562 idoneum.
390 3497 520 3560 Multum
542 3497 626 3560 enim
648 3497 753 3572 reteri,
776 3515 838 3576 quo
856 3495 928 3577 quis
948 3500 1054 3558 utatur
1077 3493 1238 3575 magistro,
1261 3493 1329 3557 sive
1350 3491 1411 3556 inri
1441 3493 1509 3557 sive

157 3623 163 3631 ·
202 3597 508 3681 religioni'studeas.
550 3595 666 3676 ‚Verum
688 3597 729 3660 de
748 3595 807 3660 hac
829 3616 861 3660 re
883 3596 971 3661 satis.

265 3869 360 3944 ¹ng
381 3871 426 3927 Br.
441 3871 498 3925 124
519 3872 615 3928 stro
635 3871 716 3928 Anm.
729 3870 756 3928 4.

263 3949 360 4024 2vg1.
382 3953 494 4007 Decreti
517 3953 606 4023 prima
627 3971 698 4024 pars,
719 3951 860 4006 distinctio
881 3951 965 4006 XXV
985 3968 1009 4006 c.
1024 3948 1049 4005 1.

264 4028 278 4073 ³
299 4034 442 4088 Johsnues
464 4033 492 4106 8,
514 4033 561 4087 56.

263 4108 392 4168 4Psslm
417 4113 461 4182 13,
483 4113 510 4171 4.

263 4189 277 4232 ⁵
300 4193 386 4247 Nicht
414 4192 537 4259 Persius,
563 4193 680 4248 sondern
707 4192 809 4248 Horam
824 4193 873 4246 hat
901 4191 975 4246 diese
1002 4191 1100 4245 Worte
1130 4191 1312 4261 geschrieben
1349 4193 1406 4245 und
1440 4209 1512 4245 zuar

203 4273 288 4344 Epist
300 4273 337 4342 ll,
361 4274 384 4326 l.
398 4273 462 4328 117.
504 4273 596 4328 Wenn
627 4273 687 4327 hier
704 4273 773 4326 'luein
793 4272 936 4326 Versehen
957 4273 1005 4324 des
1026 4271 1227 4325 Absehreibers
1247 4271 1380 4341 vorliegt‚
1408 4288 1439 4325 so
1462 4272 1512 4326 hat

204 4353 312 4408 Mutisn
324 4353 383 4408 sich
395 4353 535 4407 vielleicht
547 4354 633 4407 dunch
644 4354 689 4407 die
710 4353 824 4407 iihnlr'ch
847 4351 996 4423 klingende
1007 4350 1092 4406 Stella
1116 4351 1162 4409 bci
1173 4350 1287 4404 Persius
1298 4351 1320 4417 l,
1337 4351 1385 4405 13:
1408 4349 1512 4406 Scribi-

204 4450 264 4487 mus
285 4433 385 4487 inclusi
406 4451 536 4488 numeros
559 4433 613 4501 ille,
634 4433 680 4487 hic
701 4435 771 4502 pede
793 4432 864 4486 liber
887 4451 920 4485 nu
935 4431 1138 4486 dem'fslschen
1152 4428 1370 4485 Citatverleiteu
1389 4432 1488 4486 lassen

265 4509 279 4551 ⁶
299 4513 441 4592 Epistulae
451 4516 485 4567 ad
507 4513 656 4568 familiares
677 4512 805 4579 V11‚19:
826 4511 900 4566 Num
921 4513 964 4565 ius
981 4511 1062 4565 civile
1083 4517 1204 4564 vestrum
1226 4510 1359 4573 exlibris
1379 4512 1510 4582 cognosci

204 4593 317 4665 potest?
336 4593 384 4668 qui
404 4602 571 4671 quamquam
592 4593 706 4672 plurimi
727 4599 800 4660 sunt,
819 4593 962 4654 doctorem
983 4597 1078 4654 tomen
1099 4607 1296 4663 nonnunquam
1318 4592 1476 4646 desiderant
