3625 5192
331 341 380 394 146
710 337 970 406 Geschichtsquclien
988 339 1037 392 der
1055 337 1129 392 Pron.
1148 338 1270 393 Sachsen.

326 487 559 552 mortalitatem.
603 486 700 552 Deest
721 486 840 552 homini
858 487 1053 568 stipendium
1077 493 1206 552 senatus
1217 487 1238 549 1.
1280 483 1437 568 Sophiste,
1458 486 1511 566 qui
1533 486 1628 550 talem

324 607 491 673 preconem
512 608 628 670 magno
649 609 754 653 emere
775 588 942 668 deberent,
970 587 1055 653 nullo
1083 588 1236 652 hactenus
1259 586 1375 652 salario
1397 585 1521 668 dignati
1547 593 1629 652 sunt

324 691 520 756 Persuadent
540 697 597 754 tua
616 692 746 755 claritas
767 691 931 772 magistris
952 697 984 754 et
1001 691 1214 763 senatoribus,
1244 699 1278 753 ut
1307 708 1434 752 annona
1455 689 1631 756 sublevent.

323 793 407 856 Nam
428 792 490 856 nisi
511 792 601 856 uxori
623 792 759 873 iugoque
785 791 923 856 maritali
940 791 1081 863 serviret,
1105 798 1159 856 tua
1174 791 1282 874 procul
1299 789 1395 852 dnbio
1410 789 1632 854 munificencia

322 894 517 960 cardinalem
538 900 660 958 crearet
680 900 712 956 et
737 892 832 957 Croto
842 894 858 951 2.
875 892 1073 974 adiungeret.
1114 892 1198 970 Quid
1225 892 1325 976 plora,
1346 891 1529 956 deotissime
1545 892 1632 975 prin-

322 995 421 1078 ceps‘l
468 995 633 1061 nonarum
656 994 757 1058 retine
776 1002 808 1056 et
825 994 1040 1058 valetudinem
1061 1013 1146 1073 cora,
1167 1013 1228 1059 non
1251 1001 1357 1058 tamen
1384 991 1631 1076 [hieronymiano

322 1096 477 1177 remedio,
506 1097 590 1178 quod
611 1095 746 1160 relatum
767 1103 816 1160 est
837 1095 869 1158 iu
884 1095 1050 1160 Decretis3
1071 1093 1322 1180 pontificalibus:
1351 1095 1520 1176 „Legimus
1540 1113 1631 1176 qnos-

322 1200 396 1264 dam
428 1200 537 1263 morbo
563 1198 725 1263 articulari
751 1205 783 1262 et
810 1197 953 1278 podagre
982 1197 1164 1264 humoribus
1191 1198 1372 1262 laborantes
1400 1197 1631 1281 proscriptione

323 1303 472 1367 bonorum
493 1299 536 1365 ad
555 1300 732 1384 simplicem
752 1320 894 1364 mensam
916 1307 948 1363 ct
969 1319 1125 1384 pauperes
1141 1300 1230 1365 cibos
1246 1299 1631 1364 redactosconualuisss.“

323 1404 460 1487 Scripsit
481 1404 537 1468 hec
558 1410 668 1467 contra
691 1402 887 1467 lovinianom
900 1401 1110 1484 Hieronymus
1131 1399 1431 1486 capithXXVIll,
1452 1399 1509 1464 sed
1533 1400 1634 1464 luli04

322 1505 463 1590 pontifici
486 1524 548 1571 non
568 1505 753 1587 placebant,
779 1510 887 1587 utpote
914 1504 968 1585 qui
995 1503 1182 1568 temulentia
1202 1503 1353 1568 continua
1374 1502 1488 1584 pedum
1507 1501 1632 1567 dolores

322 1609 369 1673 ita
388 1607 561 1691 superavit,
583 1614 697 1671 utnon
719 1605 858 1670 sentiret.
900 1604 989 1670 Vale.

401 1709 465 1773 llll
486 1707 650 1774 Kalendas
672 1707 799 1792 Apriles
821 1706 955 1770 MDXV.

392 1826 664 1879 cronchomme
683 1832 724 1878 iol.
736 1829 842 1878 atttr—
850 1829 932 1878 nstv.

325 2057 867 2132 rsa.r1.aunutmrcmum.
1172 2055 1305 2137 [Gotho
1317 2059 1425 2141 1515.)
1459 2057 1631 2130 durata.

391 2184 454 2231 utut.
477 2185 591 2229 wilnscht
612 2184 667 2229 dem
689 2183 830 2230 Hartmaun
856 2182 912 2227 eina
937 2181 1077 2240 glitclrlicha
1096 2181 1171 2226 Hand
1194 2181 1234 2227 bei
1259 2183 1353 2228 seinom
1378 2182 1580 2228 Friedensworlro
1604 2183 1630 2228 iu

322 2255 408 2300 Erfurt
431 2254 483 2300 und
508 2252 584 2299 bittet
606 2253 651 2298 ihu
675 2267 715 2298 um
741 2253 810 2298 seina
829 2253 985 2311 l'iirspraciro
1007 2251 1092 2312 dalilr,
1120 2252 1177 2297 dass
1202 2253 1242 2298 dia
1262 2252 1398 2298 Urlrnudcn
1418 2253 1479 2298 iiiior
1497 2253 1555 2298 arrei
1575 2267 1633 2298 vor·

322 2326 460 2384 aprocheno
478 2323 607 2370 Pfriindan
627 2323 737 2382 baldigat
754 2323 898 2381 sucgestellt
925 2321 1041 2384 werdon,
1064 2323 1128 2368 such
1150 2322 1190 2370 boi
1213 2323 1259 2369 irei
1283 2319 1431 2369 wsrdcnrlon
1450 2323 1579 2369 Piriiudan
1603 2323 1630 2369 in

321 2397 407 2441 Erfurt
425 2395 485 2441 odor
502 2393 630 2440 andarswo
648 2394 731 2439 seiner
748 2393 855 2452 godaclrt
874 2391 964 2439 werdo.

314 2563 319 2572 ¹
401 2491 607 2575 Amplissimo
621 2491 728 2572 legato
740 2490 770 2554 S.
788 2489 974 2570 Mogontine
995 2487 1082 2554 sedis
1099 2489 1332 2554 Hartmanno
1349 2487 1470 2568 abbati,
1491 2442 1631 2574 principi

323 2612 403 2673 meo,
425 2593 585 2656 Mutianns
607 2592 715 2656 Rufus.
1075 2649 1079 2656 .
1576 2665 1579 2674 Δ

401 2695 495 2758 Salus
515 2693 670 2774 ctgloria
691 2693 757 2767 tihi,
780 2692 917 2757 domine.
961 2691 1072 2756 Merito
1094 2699 1124 2756 te
1145 2694 1192 2758 sic
1213 2692 1341 2757 honoris
1362 2699 1394 2758 et
1415 2692 1510 2757 officii
1532 2713 1631 2758 causa

321 2796 435 2861 saluto.
475 2796 546 2859 Tua
572 2796 656 2861 enim
685 2793 886 2858 incolomitas
914 2793 995 2856 lecto
1021 2802 1053 2857 et
1082 2794 1213 2859 culcitra
1238 2793 1357 2859 relictis
1383 2794 1515 2858 salutern
1537 2795 1632 2860 alicrt

323 2897 481 2962 universis
509 2897 696 2960 ordinibus⁵
721 2893 961 2959 Endielordiane
996 2894 1177 2977 reipublice:
1211 2895 1341 2986 ,Faciat
1368 2897 1436 2976 ille,
1468 2899 1520 2979 qui
1550 2897 1632 2962 nihil

323 3020 384 3064 non
407 3005 518 3081 potest,
541 3004 574 3061 ut
594 3017 674 3082 pace
691 2996 860 3078 impetrata
875 2995 990 3060 ciuitas
1010 2994 1155 3060 refloreat
1168 2997 1290 3079 tibique
1308 2997 1501 3080 pacificatori
1517 2999 1629 3064 sellam

320 3100 474 3166 currulem
493 3101 673 3180 eburneam,
694 3085 801 3179 togam
821 3097 948 3181 pictam,
970 3097 1109 3162 tunicam
1131 3099 1314 3182 palmatam,
1336 3107 1476 3182 pateram
1499 3121 1629 3165 auream

320 3213 353 3267 et
375 3201 512 3266 breviter
535 3201 683 3266 uniuersa
701 3198 906 3284 triumphalia
927 3206 1113 3263 ornamenta
1135 3201 1283 3264 secundis
1304 3202 1462 3266 ominibus
1483 3209 1516 3266 et
1532 3201 1628 3266 hilari
1669 3257 1676 3268 .

320 3306 528 3375 consensione
558 3304 718 3367 decernat.
758 3301 842 3364 Nam
871 3301 897 3364 si
925 3300 997 3363 olim
1019 3300 1091 3381 lege
1113 3303 1260 3365 cautumi
1284 3303 1356 3382 luit,
1385 3321 1425 3367 ne
1446 3304 1495 3367 cui
1519 3303 1629 3367 trium-

321 3407 404 3489 phus
422 3408 653 3484 decerneretur,
674 3403 735 3467 nisi
756 3402 810 3482 oni
832 3401 971 3483 quinque
993 3402 1095 3464 millia
1117 3403 1250 3466 hostium
1274 3422 1338 3467 una
1360 3405 1429 3468 acie
1449 3405 1630 3486 occidisset,

319 3515 438 3590 quanto
461 3508 541 3571 soret
568 3508 679 3588 equius
708 3524 764 3587 pro
792 3504 988 3568 conservatis
1016 3503 1080 3566 XX
1106 3505 1247 3568 millibus
1274 3505 1422 3569 bonorum
1451 3507 1567 3570 civium
1596 3517 1629 3572 te

320 3611 575 3676 honestissimum
607 3615 763 3690 apparatu
797 3604 1111 3686 magnificentissimo
1139 3606 1354 3688 triumphare?
1402 3607 1481 3672 Mihi
1510 3607 1629 3674 sufficit

320 3713 466 3777 Danielis
492 3711 587 3775 hodie
614 3711 696 3774 lecta
725 3709 886 3791 procacio:
918 3706 1093 3788 „Dominc,
1120 3727 1160 3772 nc
1184 3707 1345 3792 despicias
1369 3709 1516 3794 populum
1537 3718 1627 3776 tuum

319 3832 422 3895 neque
442 3813 569 3877 auferas
588 3810 836 3876 misericordiam
856 3815 941 3872 tuam
964 3808 1124 3873 anobis.“
1166 3809 1251 3874 Audi
1272 3830 1364 3892 nunc,
1385 3818 1526 3895 patrone,
1548 3815 1629 3894 quid

318 3941 520 3951 ...u—.-

380 3999 391 4042 Ῑ
418 4002 511 4059 Schon
538 4002 682 4058 Herebord
706 4020 760 4057 von
783 3990 837 4055 ¹der
857 3999 985 4054 Martheu
1009 4001 1090 4054 sollte
1112 4001 1156 4054 bei
1178 4001 1231 4055 den
1253 4001 1392 4060 Mainzern
1415 4004 1471 4056 nnd
1497 4002 1544 4056 bei
1569 4003 1626 4058 den

324 4083 449 4138 Erfurter
468 4083 618 4138 Rataherrn
640 4083 699 4137 sich
721 4083 815 4135 darum
838 4081 987 4134 bemiihcn.
1027 4081 1092 4151 vgt.
1105 4079 1150 4138 Br.
1163 4079 1220 4132 442
1242 4079 1269 4137 S.
1284 4081 1348 4137 100.

381 4159 395 4202 ²
416 4163 475 4218 Der
496 4165 524 4216 in
546 4163 634 4217 Fnlda
653 4162 821 4218 Geistlichcr
843 4178 905 4214 war.
948 4159 1144 4230 vg1.Br.484.

359 4237 363 4242 ’
376 4239 394 4362 Ξ
411 4242 628 4378 ᾓῧξτίῐωήία
647 4261 720 4314 pars,
740 4243 801 4296 dist.
844 4241 904 4296 Vc.
918 4239 964 4294 30.
1007 4239 1311 4311 vgt.Br.1nns.1os
1334 4241 1415 4297 Aum.
1428 4241 1454 4298 4.

379 4399 393 4440 5
415 4341 469 4456 Duic
491 4367 575 4457 durch
595 4401 816 4456 ‹lieRevolutiou
837 4417 890 4452 von
915 4399 991 4450 tuus
1014 4417 1040 4453 u.
1064 4397 1140 4453 1510
1161 4400 1356 4472 geschalicuen
1378 4403 1628 4460 unhaltbareuZu-

319 4485 416 4536 aliiudc
439 4483 546 4535 Eriruts
565 4483 666 4537 solitou
688 4481 774 4534 durch
796 4481 841 4533 dic
863 4479 985 4532 Muinaer·
1003 4480 1113 4532 endlich
1133 4498 1186 4533 nou
1207 4481 1342 4550 geordnet
1364 4483 1478 4536 worden.

380 4559 394 4600 ⁶
415 4563 478 4632 vgt.
500 4562 626 4616 Valerius
647 4560 784 4615 Maximus
805 4559 878 4613 11.8.
892 4559 918 4613 l.
