3625 5192
657 377 747 434 Baete
760 377 882 434 Mufiarrs
900 381 959 434 605.
979 380 1039 433 606.
1445 373 1498 429 288

192 547 248 595 car
267 528 404 612 optimus
425 528 549 593 iuvenis
572 535 637 594 tam
658 527 816 594 crudelem
836 547 871 593 se
893 533 1035 612 prestare
1057 527 1134 591 velit
1154 526 1187 590 in
1208 524 1351 609 auspicio
1372 524 1421 588 sui
1443 524 1498 587 im-

192 631 284 714 perii.
326 630 423 696 Faxit
444 631 533 696 Deus
552 631 691 714 optimus
712 620 879 712 maximus,
909 637 944 694 ut
970 628 1130 711 negotium
1157 627 1215 704 hoc
1235 626 1358 692 felicem
1380 625 1499 690 exitum

192 733 350 798 sortiatur.
396 732 550 798 Nicolaus
575 731 833 798 Rottandorierus
859 733 967 797 nescio
996 731 1073 812 quid
1101 729 1195 795 isthic
1223 729 1340 794 habeat
1369 727 1499 809 negotii.

191 834 343 916 Rogavit,
371 842 405 898 ut
430 853 465 899 se
487 835 545 898 tibi
566 835 829 903 commendarem.
870 834 947 899 Dixi
969 833 1161 919 prohibitum
1185 831 1264 896 mihi
1283 849 1354 897 esse
1376 829 1434 894 abs
1459 835 1499 907 tc,

192 956 233 1001 ne
254 955 443 1019 quemquam
464 935 524 1001 tibi
545 936 808 1017 commendarem,
836 938 864 1002 si
892 955 944 1002 res
964 936 1175 1002 sacerdotium
1196 934 1325 1018 aliquod
1346 936 1500 1014 tangeret.

193 1037 232 1104 ld
257 1055 447 1121 quamquam
472 1038 624 1114 dicerem,
648 1038 749 1104 noluit
773 1045 879 1104 tamen
908 1038 977 1104 sine
1008 1037 1088 1104 meis
1113 1037 1209 1102 abira
1250 1033 1333 1100 lllud
1351 1040 1440 1119 peto,
1466 1037 1501 1096 ut

194 1139 353 1206 hominem
386 1140 516 1206 comiter
547 1139 691 1224 excipias
722 1147 755 1205 et
775 1140 956 1222 alloquaris
1004 1139 1126 1206 Audies
1152 1157 1192 1204 en
1221 1157 1276 1219 eo,
1303 1157 1344 1203 an
1376 1135 1500 1200 turbule

192 1240 318 1321 fuerim,
351 1241 392 1307 de
419 1242 535 1324 quibus
560 1242 619 1308 tibi
644 1242 769 1327 scripsi.
815 1243 933 1307 Passus
958 1247 1007 1308 est
1034 1241 1175 1306 maxima
1199 1239 1326 1320 damna,
1355 1237 1500 1320 quamvis

195 1349 226 1408 et
247 1350 334 1408 amet
353 1349 386 1407 et
406 1343 491 1408 colat
512 1343 690 1409 llartinum.
731 1345 854 1410 Poteris
874 1344 906 1408 ei
927 1343 959 1408 X
982 1343 1054 1408 illos
1074 1361 1187 1408 aureos
1209 1340 1333 1406 tradere
1355 1338 1433 1405 mihi
1453 1357 1500 1404 re·

193 1446 437 1528 presentandos,
482 1465 560 1528 qnos
606 1447 733 1512 nomine
773 1447 948 1530 Nepotiani
989 1445 1153 1528 accepisti.
1216 1443 1265 1508 De
1306 1442 1380 1508 aliis
1420 1439 1501 1504 nihil

192 1547 298 1612 adhuc
331 1547 435 1613 habeo
473 1547 615 1614 mandati
648 1548 689 1612 ab
716 1547 902 1614 Walachiis.
951 1547 1041 1613 Obiit
1072 1546 1122 1612 his
1151 1544 1265 1611 diebus
1299 1542 1351 1608 hic
1387 1541 1501 1608 ilenri-

192 1667 249 1714 cus
273 1648 435 1729 Rosbacb,
457 1650 594 1714 vicarius
619 1651 653 1714 in
675 1649 853 1731 Tambach,
881 1669 922 1714 ex
947 1649 1037 1714 cuius
1064 1647 1152 1713 obitu
1182 1647 1305 1712 Suebos
1325 1651 1431 1710 noster
1450 1661 1501 1710 me

190 1750 397 1816 intercessore
417 1751 629 1816 sacerdotium
648 1751 794 1833 obtinuit,
813 1753 897 1834 quod
920 1751 979 1816 tibi
1001 1757 1127 1832 gratum
1147 1768 1218 1815 esse
1235 1749 1310 1828 scio,
1338 1747 1393 1830 qui
1413 1747 1499 1810 iuve-

194 1873 267 1918 nem
287 1853 442 1936 singulari
465 1872 573 1918 amore
593 1853 820 1938 complecteris.
861 1853 975 1918 Frater
995 1860 1067 1916 tuus
1087 1851 1247 1917 Steffanus
1268 1849 1396 1931 scripsit
1422 1847 1501 1912 mibi

196 1955 257 2020 hac
278 1955 364 2020 hora.
406 1953 490 2033 Quid
514 1955 640 2038 cupiat,
661 1955 761 2021 vides.
803 1955 871 2020 Fac
890 1974 941 2020 me
962 1955 1143 2034 certiorem,
1170 1972 1211 2017 an
1235 1953 1315 2018 velis
1337 1958 1370 2016 et
1389 1950 1501 2034 cupias

194 2056 365 2123 adventum
386 2057 463 2124 eius.
513 2057 674 2122 Matienus
695 2063 801 2123 noster
821 2056 974 2141 deinceps
995 2056 1117 2122 cantior
1137 2057 1205 2120 erit.
1247 2055 1364 2119 Nescio
1385 2060 1502 2128 tamen,

193 2180 236 2224 an
266 2159 462 2242 peccaverit,
494 2159 579 2241 quod
610 2159 778 2225 Erasmnm
809 2158 946 2224 blartino
980 2157 1150 2242 pretulem't
1200 2156 1335 2222 lacobus
1365 2153 1503 2237 Sperber

196 2261 321 2324 habitat
342 2262 375 2324 in
396 2261 472 2326 nido
493 2280 550 2324 suo
562 2261 725 2326 Crosserrsi
746 2269 779 2326 et
798 2262 903 2344 pascit
923 2280 997 2325 snos
1017 2259 1161 2324 subditos
1175 2259 1271 2324 verbo
1293 2266 1327 2326 ct
1346 2256 1502 2340 exemplo.

195 2361 233 2426 ld
254 2362 350 2444 volui,
371 2381 413 2426 ne
432 2362 580 2427 nescires.
625 2361 702 2428 Vale
723 2365 756 2427 in
778 2363 914 2441 Christo,
936 2361 1154 2426 amantissime
1175 2359 1281 2426 l'rater.

276 2463 394 2528 Datum
416 2464 463 2528 lll
483 2463 648 2530 Kalendas
669 2465 805 2548 Augusti
826 2463 980 2528 llDXXl.

1008 2565 1209 2629 Heurieus
1231 2563 1421 2632 Urbanus.

1168 2673 1250 2732 tuus.

266 2779 445 2825 Handscbril'tl.
467 2779 608 2837 ,iidopmplr
626 2778 669 2824 der·
687 2779 786 2824 moeto-
808 2778 1091 2824 c'rriemirmacilaiomch
1109 2777 1155 2823 sub
1175 2777 1204 2823 (ι’.
1223 2777 1241 2823 l.
1261 2775 1290 2823 bl
1314 2776 1354 2822 tol.
1375 2774 1417 2822 60.
1439 2776 1500 2834 Spo-

194 2850 265 2908 lott'a,
290 2865 334 2895 arca
358 2850 441 2894 dassen
465 2849 600 2907 «azmudonp
623 2848 667 2893 der·
690 2849 764 2907 arses
777 2855 881 2906 sternunt,
906 2850 950 2892 lrut
973 2845 1070 2900 (lortius
1090 2848 1216 2891 ccnrrcrkt:
1241 2845 1360 2905 Magister
1379 2845 1501 2892 Heinrich

197 2920 292 2967 Urbau.
327 2919 373 2965 Dic
389 2918 514 2977 Absclrrry't
533 2918 651 2965 sesamae
669 2919 708 2964 icb
727 2918 779 2964 ulum
799 2918 881 2964 Horra
899 2918 968 2974 Prof.
990 2917 1106 2964 Urcoclr'us
1124 2917 1150 2962 ia
1171 2915 1301 2974 Ir'lberjeld.

196 3119 281 3189 eeu.
301 3117 346 3188 ll.
366 3137 412 3186 arr
433 3118 577 3186 dobaun
595 3119 728 3202 Lange.
935 3115 1067 3199 (betha
1078 3116 1174 3184 1512.
1196 3115 1295 3183 Nsclr
1316 3115 1369 3182 13.
1384 3113 1502 3197 duni.)

267 3241 330 3290 blut.
355 3242 449 3288 erlrliirt
471 3243 525 3288 sich
548 3257 578 3288 nu
595 3243 680 3302 jedcm
702 3243 809 3288 Dienste
832 3244 872 3288 rur
894 3242 981 3301 Lange
1004 3241 1085 3288 bennit
1108 3241 1158 3288 und
1181 3239 1338 3298 rechtt‘crtlpt
1359 3238 1429 3286 aeine
1452 3237 1502 3286 Ab·

196 3312 306 3371 rroipurrg
329 3326 409 3371 gagen
432 3313 472 3358 die
497 3312 696 3372 hampilnstigeu
722 3313 894 3358 Lutborschen
919 3312 1031 3366 Geistcr,
1056 3311 1097 3358 die
1120 3311 1195 3358 hcine
1213 3310 1350 3358 Rlicksicht
1373 3309 1418 3356 aus
1433 3309 1503 3356 seina

199 3397 278 3442 parrae
296 3383 410 3442 Stellurrg
430 3383 545 3430 nobmon.
1176 3382 1181 3392 '

275 3479 532 3545 Prostantissinro
557 3479 679 3544 doctori
706 3479 789 3544 inter
809 3479 1023 3562 theologorum
1046 3479 1205 3544 centurias
1225 3479 1334 3544 loanni
1356 3477 1501 3558 Lange,

196 3581 300 3645 amico
321 3580 571 3663 incomparabili.

276 3683 366 3748 Abiit
391 3681 531 3762 ’insama
555 3682 635 3747 abiit
656 3683 807 3762 crorum
828 3683 931 3747 orbati
954 3703 1061 3748 sumus
1082 3682 1292 3748 anrieissimis.
1334 3682 1394 3746 Pro
1421 3689 1503 3747 utro·

196 3803 258 3866 que
283 3792 316 3848 tu
342 3784 435 3849 nobis
461 3805 496 3849 es
523 3784 698 3850 adeundus.
745 3785 820 3848 loca
845 3786 930 3850 seria
954 3793 1056 3850 tecum
1079 3784 1325 3850 communicabo.
1366 3785 1401 3849 Si
1422 3784 1504 3867 epis-

196 3894 344 3968 copatum
371 3885 547 3966 desideras,
577 3885 691 3951 bonum
717 3905 798 3969 opus
824 3884 1017 3954 desideras.³
1063 3886 1190 3952 Audisti
1218 3886 1258 3951 de
1286 3887 1389 3969 rege,i
1410 3904 1503 3967 quem
1557 3939 1558 3942 ,

264 4056 275 4098 ¹
297 4061 376 4116 Nacb
398 4061 575 4131 Witterrberg
592 4078 640 4113 zur
658 4060 854 4116 Ueberuahme
874 4062 924 4115 dar
946 4059 1111 4116 deeschcn
1132 4059 1267 4131 Stcllung.
1293 4059 1356 4130 vgl.
1377 4059 1422 4112 Br.
1444 4058 1501 4112 599

199 4139 242 4194 bis
261 4141 327 4197 604.
369 4139 450 4196 Scine
473 4141 588 4196 Abrcisa
609 4140 728 4210 erfolgta
748 4160 792 4194 am
815 4141 862 4196 31.
885 4141 950 4195 blai.
993 4140 1056 4212 Vgl.
1077 4141 1121 4195 dio
1144 4141 1283 4211 Reilrrgcl
1308 4158 1368 4192 zum
1390 4139 1502 4210 rorigen

196 4220 289 4276 Briefe
309 4222 392 4276 sowie
416 4223 450 4278 Κ,
472 4223 526 4273 urrd
551 4221 597 4274 W.
616 4220 716 4286 Krafft,
739 4221 831 4276 Briefc
852 4222 908 4274 rrnd
933 4221 1110 4274 Dokumcrrlc
1132 4223 1157 4276 S.
1170 4221 1216 4277 28.

260 4297 273 4338 ‘2
293 4300 392 4354 Crotus
414 4319 468 4354 narr·
488 4303 560 4355 nach
576 4301 663 4354 Fulda
677 4319 831 4372 gogarrgurr,
851 4319 893 4356 wo
914 4319 945 4355 cr
964 4302 1146 4372 sulrusiiulrtig
1166 4308 1291 4356 armerici
1313 4301 1421 4353 rmmlcn
1441 4317 1501 4353 arar.

259 4376 493 4436 3l.'l‘irnothaus
514 4382 541 4449 3,
565 4381 591 4434 l.

261 4455 390 4531 illenig
411 4459 550 4514 Christian
571 4461 609 4517 ΙΙ.
633 4478 687 4513 von
709 4460 883 4529 Diinenrarlr,
914 4461 994 4516 Naida
1023 4460 1178 4515 Friedrichs
1204 4460 1252 4514 des
1278 4459 1401 4524 Weiscn,
1427 4461 1503 4514 hatte

203 4541 233 4593 in
254 4541 316 4595 dem
339 4539 491 4610 Blutbadc,
516 4542 566 4595 das
591 4559 621 4594 er
647 4547 729 4594 antor
755 4541 849 4594 seinen
871 4541 1084 4596 Widersachern
1114 4541 1141 4594 iu
1164 4537 1315 4595 Schwedan
1343 4539 1504 4610 anrichtctc,

197 4621 270 4675 auch
290 4620 308 4673 2
329 4619 461 4677 Bischbfe
481 4621 640 4676 binrn’ehten
663 4621 760 4676 lassen.
