3625 5192
645 338 735 394 Brieie
752 339 873 394 Matiana
890 337 951 392 435.
969 338 1031 391 436.
1454 329 1489 381 95

183 497 215 556 et
231 490 379 556 memorie
396 489 555 574 proditum
573 487 651 552 nibil
673 507 743 554 esse
763 487 889 552 silentio
910 487 1018 551 tutius.
1047 485 1201 567 Propouis
1222 487 1298 551 mihi
1316 487 1489 555 Urbanum.

182 593 329 658 Urbanus
350 613 412 656 non
434 599 482 656 est
504 591 645 655 nuncius.
686 589 837 656 Ostendis
858 589 956 654 aliurn
977 590 1200 670 nescioquem
1222 591 1373 656 rabulam.
1415 593 1488 659 Nun

181 696 276 762 audio
298 716 401 778 neque
424 693 535 758 audeo.
573 691 661 774 ,Quid
676 699 724 758 est
739 691 838 756 nimia
860 690 1031 756 credulitas
1049 690 1112 754 nisi
1122 690 1219 755 stulta
1234 692 1365 757 vilitas?
1407 695 1489 760 Fide

182 805 291 863 carent
311 797 505 879 sanguisuga
526 801 559 860 et
580 795 707 878 repulsa
724 793 857 858 notandi
868 793 994 857 notarii.
1036 793 1168 874 sugunt,
1191 793 1344 876 lambunt,
1361 797 1491 862 sorbent

179 901 371 982 sanguinem
398 917 581 983 pauperum.
629 895 743 961 Istisne
771 895 855 960 dabo
882 895 992 960 literas
1018 896 1063 960 ad
1090 896 1145 960 te?
1186 897 1278 963 Certe
1307 918 1370 962 non
1397 900 1489 966 dabo.

181 1003 295 1084 Itaque
321 1004 370 1066 ier
390 1021 471 1084 equo
492 1001 598 1066 animo
620 999 868 1064 taciturnitatem
889 1017 1006 1078 meam,
1032 1017 1103 1062 cum
1123 999 1222 1082 probe
1242 1001 1326 1065 scias
1346 1008 1419 1067 tea
1440 1023 1490 1067 me

182 1105 275 1187 diligi
303 1123 415 1186 meque
443 1104 503 1168 tibi
522 1103 647 1182 lavere,
673 1109 704 1167 te
728 1101 834 1166 auimo
858 1099 1156 1166 benevolentissime
1181 1111 1277 1184 atque
1297 1104 1489 1169 amicissimo

147 1284 150 1292 .
181 1207 348 1291 complecti
376 1207 478 1271 eciam
513 1206 607 1286 longe
638 1203 755 1286 diuque
790 1203 965 1268 absentem.
1014 1202 1178 1267 Penioiam
1211 1205 1431 1284 nibilominus,
1461 1208 1489 1272 si

183 1329 338 1374 cursorem
372 1308 510 1390 aliquem
539 1307 686 1371 idoneum
716 1305 1013 1389 providentissimus
1041 1313 1132 1387 pater
1158 1307 1306 1372 Urbanus
1332 1309 1489 1392 obtulerit,

183 1431 223 1475 ne
249 1412 364 1476 l‘rustra
393 1409 629 1475 scribendarum
655 1409 816 1482 librarum
837 1407 1041 1472 admonuisse
1062 1427 1120 1472 nos
1140 1409 1313 1474 arbitreris.
1355 1411 1488 1476 Hcssunr

183 1533 285 1578 mcum
311 1521 476 1597 tantopere
503 1533 525 1576 a
556 1520 587 1576 te
614 1511 760 1593 probaril
792 1510 926 1592 gaudeo.
974 1511 1108 1575 Carmen
1141 1518 1190 1576 est
1217 1497 1489 1596 iucundissimum,

184 1616 315 1699 legitur,
341 1623 473 1680 amatur.
521 1614 580 1679 Est
607 1613 742 1696 aliquid,
769 1614 795 1676 si
818 1631 926 1678 vertum
948 1613 1029 1677 scire
1053 1612 1115 1693 vis,
1137 1613 1302 1696 Eobanus,
1322 1617 1404 1680 iuter
1423 1617 1489 1682 Na·

183 1737 291 1784 sonem
323 1725 354 1782 et
385 1719 560 1802 Baptistam
587 1715 792 1780 Mantuanum
821 1713 973 1796 medius2,
997 1715 1054 1780 sed
1083 1716 1179 1798 priori
1205 1716 1287 1782 adeo
1318 1721 1488 1802 proximus,

182 1827 217 1886 ut
250 1821 388 1900 nescias,
421 1821 600 1905 propriisne
632 1818 773 1882 ambulet
807 1837 847 1880 an
884 1817 1054 1883 Ouidianis
1086 1819 1231 1903 pedibus.
1286 1821 1489 1888 Herebordus

183 1933 288 1989 noster
307 1921 398 1989 floret
419 1924 451 1988 in
474 1921 673 1988 nobilissima
695 1920 808 2004 patria.
850 1919 961 2004 Nuper
980 1929 1110 1985 umatus
1129 1929 1178 1986 est
1197 1943 1281 1988 nova
1301 1924 1491 2007 dignitate3,

183 2028 285 2092 iactus
305 2026 427 2090 scilicet
449 2025 594 2109 publicus
622 2023 811 2102 advocatus,
840 2022 905 2103 vel,
932 2030 966 2086 ut
990 2043 1083 2104 grece
1111 2024 1236 2108 loquar,
1260 2018 1394 2108 πρόδικος
1420 2030 1489 2094 sire

183 2119 302 2200 ἔκδικος.
345 2127 458 2191 Latino
485 2147 559 2191 vero
589 2126 652 2190 diui
680 2132 783 2210 potest
804 2123 914 2190 tuendi
936 2125 1055 2208 publici
1076 2127 1155 2190 iuris
1175 2127 1308 2208 arbiter,
1337 2139 1489 2213 patronus

183 2237 326 2309 senatus,
355 2209 500 2294 deiedsor
529 2228 704 2311 reipublice
730 2235 777 2306 et,
809 2234 842 2291 ut
868 2227 964 2309 vulgo
987 2227 1138 2309 iactatur,
1166 2249 1301 2311 maguus
1327 2234 1486 2315 syndicus.

183 2332 415 2398 Pulcherrimus
436 2331 554 2411 titulus,
576 2332 638 2396 nisi
660 2329 835 2412 presideret
857 2330 1038 2412 perturbate
1053 2331 1185 2396 civitati.
1228 2333 1347 2398 Doctus
1365 2337 1489 2400 iuvenis

183 2438 215 2499 et
235 2433 341 2498 audax
362 2441 393 2498 et
412 2434 510 2498 nostri
532 2433 776 2498 amantissimus.
817 2431 917 2496 Paulo
943 2438 1017 2496 ante
1038 2431 1174 2498 donatus
1195 2437 1389 2519 professione
1412 2439 1488 2502 iuris

185 2533 348 2618 pontificii.
395 2535 536 2600 Adiuvat
570 2555 640 2600 euru
678 2534 798 2599 familie
834 2534 977 2615 claritas,
1015 2543 1150 2618 paterna
1187 2538 1307 2619 gloria,
1338 2540 1488 2623 splendor

186 2638 263 2702 recti
293 2638 400 2704 studii.
456 2637 608 2702 Eobauus
644 2637 752 2702 celesti
791 2637 920 2718 ingenio
952 2637 1095 2719 preditus
1121 2641 1350 2706 mansuetiores
1380 2641 1489 2708 Musas

184 2740 390 2823 popularibus
411 2741 604 2805 ornamentis
624 2739 790 2821 auteponit
811 2753 842 2804 et
862 2740 996 2803 solidam
1018 2760 1259 2823 mansuramque
1279 2745 1405 2821 famam,
1426 2766 1487 2810 non

184 2842 276 2905 unius
308 2842 449 2906 civitatis
482 2841 675 2906 rumusculos
713 2849 896 2925 aucupatur.
947 2841 1025 2905 Uter
1056 2861 1163 2907 eorum
1194 2844 1353 2910 laudatior
1383 2847 1425 2911 sit
1456 2855 1489 2912 ct

184 2945 388 3026 prestantior,
415 2945 460 3009 tui
482 2945 524 3009 sit
545 2943 659 3008 iuditii.
704 2943 771 3024 Ego
792 2943 947 3008 ambobus
968 2944 1139 3026 propitium
1160 2945 1263 3010 Deum
1284 2959 1316 3011 et
1336 2968 1489 3033 prospera

184 3045 385 3128 securudaque
407 3066 596 3128 comprecor.
639 3047 738 3128 Digni
755 3053 829 3110 sunt
846 3047 940 3121 enim,
961 3046 1076 3127 quibus
1089 3047 1181 3110 letior
1195 3048 1319 3113 fortuna
1336 3059 1488 3134 perpetuo

183 3148 318 3230 aspiret,
354 3167 535 3230 quanquam
569 3148 730 3213 causidico
759 3149 862 3230 magis
892 3147 1036 3213 timenda
1067 3149 1110 3212 sit
1140 3169 1235 3230 quam
1270 3161 1363 3234 poete
1392 3154 1487 3218 ultrix

182 3251 387 3334 superborum
408 3250 485 3316 diva
507 3251 662 3316 Nemesis.

263 3352 350 3418 Bene
377 3356 486 3418 valeas
507 3359 539 3418 et
564 3355 663 3418 afori
687 3353 809 3418 artibus
830 3353 1034 3436 probitatem,
1063 3353 1104 3417 ab
1126 3353 1285 3420 illiteratis
1305 3355 1422 3420 tabulis
1444 3357 1487 3421 la-

183 3455 282 3519 tinam
310 3456 503 3538 elegantiam
537 3476 616 3520 cave
647 3456 806 3538 seiungas.
857 3455 896 3518 ld
932 3455 1035 3539 ipsum
1065 3455 1107 3518 ad
1139 3457 1283 3521 instituta
1315 3459 1387 3522 boni
1419 3461 1488 3535 viri,

184 3558 259 3621 boni
285 3549 388 3622 scribe
410 3559 555 3641 pertinet.
597 3559 766 3624 Facturum
787 3560 863 3624 scio.
905 3556 981 3621 ldeo
1001 3564 1033 3620 te
1054 3556 1131 3621 mibi
1152 3560 1302 3640 amicum,
1330 3562 1488 3626 imovero

184 3658 410 3724 amicissimum
431 3661 568 3745 putabis.

266 3761 307 3826 Vl
326 3763 485 3828 Calendas
505 3761 658 3828 Octobres
678 3763 847 3828 MDXllll.

264 3863 351 3930 Tuus
378 3873 426 3930 est
446 3865 621 3945 Matianus,
649 3867 739 3930 cuius
765 3865 902 3931 officium
931 3867 1022 3931 salva
1048 3869 1218 3934 securitate
1243 3891 1402 3954 nunquam
1429 3874 1487 3938 tibi

116 3973 122 3982 '
183 3965 293 4032 deerit.
335 3966 392 4032 Est
413 3967 497 4032 enim
516 3987 614 4052 opera
634 3976 666 4033 et
687 3968 845 4032 industria
866 3975 983 4049 nostra,
1004 3971 1049 4033 uti
1072 3973 1163 4052 nosti,
1185 3974 1366 4039 amicorum.

201 4081 204 4084 ¹
254 4089 434 4138 Handachriltl.
454 4091 535 4139 F899
556 4091 806 4140 testabar—asta

247 4286 258 4328 1
280 4289 341 4363 Vgl.
358 4292 403 4346 Br.
416 4291 482 4348 431.

244 4367 258 4408 ²
280 4369 341 4443 Vgl.
355 4373 401 4430 Br.
413 4371 480 4428 412.

244 4445 258 4489 ³
280 4450 343 4524 Vgl.
355 4453 400 4510 ΒΓ.
412 4454 480 4508 431.
497 4453 564 4510 432.
