3625 5192
603 363 693 427 Briate
710 364 830 427 blotiano
847 362 907 429 294.
929 362 988 429 295.
1008 368 1068 429 296.
1440 366 1493 429 383

187 521 310 602 omnia,
330 540 392 603 que
413 521 555 606 petieris.
596 522 719 587 Tantus
741 522 825 586 cuim
850 521 985 587 antistes
1006 530 1038 588 et
1059 530 1122 587 tam
1144 522 1256 589 doctus
1278 522 1364 589 lavet
1385 530 1418 589 ot
1439 526 1493 606 quui

185 625 323 689 maxime
342 625 505 689 'luitemio
547 624 635 691 Vale.

265 728 292 791 V
313 724 415 793 Eidus
435 727 574 793 Sextilis.

254 852 436 898 Handschriltl.
454 851 533 897 F34l
557 844 807 899 coteler-‘llas
843 850 919 897 (leda.
938 850 962 899 h.
981 851 1015 897 Ta
1034 852 1090 909 (No.
1109 848 1170 908 342)
1190 851 1368 899 slot-let
1388 852 1466 900 collat.

186 1096 271 1168 aad.
293 1094 337 1163 ll.
361 1116 405 1164 au
428 1096 615 1165 llcrebord
631 1116 665 1168 r.
679 1094 899 1163 dllartherr.
1002 1096 1134 1184 (tiotha
1145 1096 1257 1184 1513.)
1292 1098 1428 1181 August
1437 1101 1491 1166 13.

255 1221 317 1268 blut.
339 1222 452 1267 wiinscht
471 1236 501 1267 au
520 1222 621 1281 wimari,
648 1237 698 1268 was
718 1221 846 1267 Eerahord
861 1222 914 1269 v.d
932 1222 1049 1267 llarthen
1068 1222 1135 1268 donn
1159 1222 1293 1282 sigentlich
1315 1224 1422 1282 anlange
1441 1224 1492 1269 und

184 1292 231 1338 wia
249 1308 277 1338 ar
294 1293 348 1338 sich
364 1292 392 1337 in
413 1292 469 1337 dem
480 1291 587 1352 Kampsa
608 1292 730 1337 zaischcn
750 1293 832 1337 Altam
853 1292 904 1337 und
923 1292 1017 1337 Nauem
1036 1294 1116 1340 stelle.
1153 1292 1187 1339 Er
1206 1294 1317 1341 erwahnt
1335 1292 1492 1341 daaStraites

184 1363 306 1409 awhcheu
325 1362 419 1407 Cordus
436 1362 488 1407 und
507 1362 616 1410 ‘lilonim

265 1459 498 1524 Herebordo
520 1460 751 1539 iurisconsulto,
770 1459 924 1545 singulari
944 1458 1098 1524 doctrina.

264 1563 296 1629 S.
338 1562 421 1640 Quid
444 1564 534 1644 agisl
562 1582 619 1647 per
639 1563 699 1629 hoc
718 1565 860 1647 spacium
888 1570 921 1628 et
944 1561 1040 1627 l'erias
1061 1560 1104 1625 ad
1126 1560 1331 1627 recreandum
1352 1562 1491 1627 animum

184 1665 408 1748 interpositas?
449 1665 595 1747 Colligis,
618 1667 744 1748 opinor,
765 1664 807 1729 ad
828 1665 1040 1748 professiones
1064 1664 1212 1727 hibernas
1231 1664 1361 1730 dictata.
1404 1666 1437 1729 Si
1460 1674 1490 1731 tc

184 1767 243 1830 hoc
263 1767 400 1839 studium
413 1767 593 1831 demoratur
613 1788 652 1832 ac
671 1767 757 1832 domi
768 1768 892 1845 retinet,
915 1766 995 1831 benc
1017 1765 1112 1829 habet
1133 1772 1164 1831 et
1186 1765 1283 1848 probe
1304 1767 1490 1849 sacerdotio,

183 1868 218 1933 id
239 1875 302 1946 est,
323 1869 433 1933 honori
455 1876 509 1933 tuo
535 1870 681 1935 consulis.
723 1871 778 1933 Sin
807 1877 911 1934 autern
934 1868 1152 1933 circumcurris
1180 1876 1212 1931 et
1238 1878 1331 1933 vacat
1352 1871 1488 1949 omnino,
1583 1936 1586 1941 ,

182 1971 382 2035 scribendum
411 1980 495 2036 essct
520 1972 678 2037 interdum
709 1972 751 2035 ad
782 1980 868 2035 tuum
898 1971 1072 2035 hlutianum
1105 1978 1136 2035 ct
1165 1969 1387 2054 interpolanda
1416 1992 1488 2035 con·

182 2073 291 2137 cordia
340 2073 432 2138 Patet
453 2074 537 2138 enirn
559 2093 691 2156 campus
710 2073 777 2138 stili
798 2074 944 2153 laxioris,
973 2072 1056 2155 quod
1079 2072 1190 2136 oborta
1219 2074 1261 2137 sit
1286 2072 1381 2137 isthic
1407 2074 1491 2137 inter

182 2176 266 2241 viros
285 2174 416 2239 literarii
438 2176 559 2241 ordinis
579 2177 793 2241 controversia
820 2183 852 2241 et
875 2176 1029 2240 inritatus
1054 2174 1181 2257 quidam
1202 2174 1310 2239 llicius
1328 2174 1369 2237 ad
1391 2177 1489 2239 lacos·

182 2276 323 2342 sendum.
365 2275 450 2353 Quid
466 2277 597 2343 Proteus
613 2277 732 2344 sentit?
773 2278 921 2341 llanetne
937 2276 1166 2359 imperterritus
1187 2296 1227 2339 an
1249 2276 1353 2359 passis
1374 2278 1489 2359 palmis

182 2378 286 2444 Cordo
319 2379 500 2462 supplicat?
552 2381 631 2459 Quis
662 2388 709 2445 cst
741 2380 795 2446 illc
826 2379 999 2444 l'ellifluus?
1047 2380 1126 2456 Hui,
1157 2379 1234 2461 quid
1264 2380 1325 2443 sibi
1351 2381 1489 2445 nomini·

182 2482 325 2563 arrogat!
367 2482 401 2546 Si
423 2484 494 2564 quis
514 2483 601 2547 velut
622 2483 757 2547 immitia
777 2483 882 2549 adhuc
906 2492 938 2547 et
959 2482 1057 2547 cruda
1076 2502 1168 2565 poma
1197 2481 1330 2545 acerbus
1350 2490 1433 2546 esset
1458 2490 1490 2547 ct

181 2584 297 2647 irarum
327 2593 422 2666 atque
447 2584 572 2650 insanie
601 2586 714 2668 plenus
746 2604 784 2650 ao
818 2605 946 2669 prorsus
976 2584 1070 2649 homo
1104 2582 1276 2663 barbarus,
1310 2583 1488 2665 iracundus,

181 2686 380 2765 temerarius,
406 2684 489 2750 huno
509 2705 570 2767 ego
592 2696 720 2771 propter
739 2687 893 2752 eiusmodi
921 2687 1078 2751 leuitatem
1099 2684 1262 2750 l'ellifluum
1283 2686 1487 2769 appellarem.

180 2787 259 2864 Quis
285 2787 409 2871 peperit
433 2788 493 2851 hoc
514 2789 667 2851 verbum?
708 2788 856 2853 Fortasse
879 2789 1119 2872 Labyrinthus?²
1168 2787 1263 2853 Poste
1286 2786 1487 2852 iucundiores

180 2898 245 2955 tum
267 2889 407 2954 melliflui
431 2897 494 2953 turn
518 2891 691 2973 melliloqui
712 2892 983 2974 cognominantur.
1028 2891 1132 2955 Desiit
1152 2910 1235 2955 nunc
1255 2908 1294 2954 cx
1315 2890 1401 2954 dulci
1421 2908 1487 2955 oar-

180 2993 264 3056 mine
285 2990 382 3056 fluere
406 2993 487 3057 sicut
508 2993 569 3057 mel
591 2994 739 3074 ericeum,
757 2994 813 3057 sed
836 3000 967 3057 manaut
987 2992 1157 3069 absinthii,
1179 3000 1228 3055 tus
1251 2998 1282 3055 et
1302 2992 1420 3055 amaris
1442 2992 1487 3054 in-

179 3094 257 3177 tyba
276 3092 390 3159 fibris.³
430 3095 525 3159 Porro
547 3096 575 3159 si
597 3095 657 3160 hcc
678 3104 712 3159 ut
734 3094 1038 3175 alieuacoutemnis,
1063 3094 1166 3157 scribe
1188 3094 1309 3171 saltem,
1331 3112 1424 3174 quam
1446 3094 1487 3158 ob

180 3216 244 3262 rem
265 3204 375 3261 taceas
396 3197 446 3262 vel
468 3195 508 3262 de
530 3198 747 3262 communibus
767 3197 883 3262 studiis
904 3218 942 3260 ac
963 3196 1123 3279 responsis
1145 3194 1222 3275 tuis,
1243 3202 1278 3258 ut
1300 3195 1485 3277 intelligam,

178 3299 334 3380 quomodo
365 3299 540 3380 coniungas
574 3300 787 3382 eloquentiam
823 3319 893 3364 oum
928 3300 1176 3383 iurisperitorum
1215 3298 1331 3381 copiis,
1371 3298 1486 3379 quibus

178 3401 373 3482 argumentis
394 3400 523 3465 evincas
544 3401 666 3466 auxilia
688 3402 908 3483 barbarorum,
936 3420 997 3483 que
1018 3400 1076 3464 tibi
1100 3400 1282 3466 testimonia
1304 3406 1336 3463 et
1356 3419 1486 3481 quorum

177 3500 400 3566 authoritatem
422 3502 539 3567 habere
559 3503 736 3568 rideantur.
778 3502 861 3567 Num
885 3501 1151 3569 adhucBartholo
1171 3500 1302 3565 faveas?
1343 3502 1391 3563 An
1414 3519 1485 3584 pru-

177 3602 263 3667 denti
287 3604 615 3687 consilioUlpiauum,
637 3604 741 3687 quoad
763 3606 832 3669 eius
847 3605 916 3668 lieri
928 3610 1039 3688 potest,
1061 3602 1216 3668 imiteris?
1257 3603 1337 3667 Sunt
1347 3601 1485 3665 audaces

177 3704 385 3787 sceleratiquc
399 3707 551 3786 nonnulli,
575 3708 628 3788 qai
649 3707 790 3789 maligne
811 3706 921 3771 dicant
938 3714 969 3771 te
984 3706 1211 3790 philosophari.
1254 3705 1322 3769 lloc
1340 3704 1485 3785 quamvis

177 3806 306 3872 honesto
336 3808 491 3872 vocabulo
520 3807 654 3874 irrident
687 3808 772 3892 apud
806 3828 880 3873 suos
909 3809 1079 3874 vilissimos
1113 3808 1285 3872 nebulones
1315 3807 1484 3871 latinorum

176 3908 380 3990 industriam,
410 3911 502 3992 quasi
530 3930 604 3976 vero
634 3912 864 3977 iureconsultus
889 3930 953 3974 non
974 3910 1117 3975 obtineat
1136 3909 1362 3993 pulcherrime·
1384 3906 1483 3990 philo-

176 4012 287 4095 sophie
309 4019 448 4095 partem,
477 4014 545 4077 sire
566 4013 671 4077 dolum
693 4014 809 4077 malum
835 4014 982 4094 detegat,
1006 4013 1074 4077 sivo
1104 4018 1220 4075 rectam
1251 4012 1316 4075 vite
1342 4028 1483 4073 normam

174 4120 322 4196 protegat
342 4121 374 4181 et
394 4116 610 4195 patrocinetur
631 4116 801 4181 innocenti.
851 4115 936 4196 Quc,
961 4115 1093 4195 malurn,
1121 4120 1170 4179 est
1202 4113 1265 4177 ista
1283 4110 1409 4193 τιμητία
1433 4110 1485 4175 vel

244 4228 257 4255 ⁸
273 4236 308 4283 Ta
325 4238 498 4297 pulcerrime.

236 4444 249 4488 ¹
269 4449 332 4520 Vgt
348 4448 472 4508 Beato.

235 4526 249 4568 ²
271 4530 337 4600 Vgl.
357 4529 403 4585 Br.
417 4530 474 4583 att
496 4531 523 4587 S.
537 4530 596 4585 364
617 4531 699 4585 Anm.
714 4530 738 4585 7.

234 4605 249 4650 ³
269 4610 375 4683 Vergil,
395 4609 610 4685 Georg.1,l?0.
