3625 5192
212 386 216 393 ·
319 374 372 428 266
695 376 956 445 Gcschiclrtaqucllcn
974 378 1024 431 rlnr
1041 376 1114 430 Pmr.
1134 376 1255 431 Sauluscn.

318 523 494 588 iudicamus
514 524 642 588 liberius
664 532 695 589 et
715 545 833 590 arcana
854 523 1011 591 credimus
1031 525 1183 609 epistolis.
1225 525 1288 590 Sed
1318 532 1382 589 tum
1406 524 1624 590 mediusfidius

318 646 444 711 appono
466 626 594 693 verbnm
617 626 783 709 imperiale
803 648 965 711 concerpc.
1009 628 1074 693 Fac
1095 629 1239 707 decesse,
1265 634 1369 692 tanuen
1392 628 1513 692 anricus
1530 628 1626 693 debet

318 729 462 794 nocitura
488 748 685 813 concerpere.
735 731 803 794 Huc
827 730 913 807 adde
940 730 1104 795 consilium
1136 730 1272 795 hominis
1300 749 1433 814 preceps
1449 737 1491 793 'ct
1517 731 1623 794 imma-

319 837 435 905 tnrum,
462 850 524 913 quo
552 833 632 897 velle
659 832 785 897 videtur
811 832 1008 897 transvolare.
1033 832 1074 894 ad
1106 852 1285 916 supremam
1306 832 1449 914 gloriam.
1491 832 1561 896 Non
1577 839 1625 897 est

318 931 469 1013 Dedulus,
481 933 616 997 eundum
629 932 832 1017 pedetentim,
852 934 978 999 colendi
994 934 1098 1013 amici,
1120 935 1166 998 ita
1179 934 1378 1012 studendum,
1395 953 1435 998 nc
1449 934 1625 1017 superbiae,

317 1035 364 1098 itu
394 1034 593 1116 litigandum,
625 1043 658 1099 ut
685 1038 805 1101 exitum
835 1032 901 1100 litis
933 1056 1109 1118 presumas,
1140 1036 1185 1100 ita
1216 1036 1352 1119 denique
1391 1037 1519 1119 agenda
1549 1046 1623 1101 sunt

317 1135 462 1218 singula,
493 1145 527 1201 ut
551 1138 641 1203 lavor
668 1139 826 1203 hominum
855 1158 916 1204 uon
948 1138 1118 1202 arnitratur.
1161 1137 1348 1221 l'recipitem
1376 1139 1459 1223 rapit
1487 1139 1625 1203 ambitus

317 1246 413 1321 atque
435 1239 543 1304 libido.
584 1241 666 1304 Puer
686 1248 742 1305 est.
778 1240 885 1305 Nimia
906 1241 1037 1305 licentia
1056 1239 1248 1318 fitinsolens,
1270 1260 1331 1305 uon
1345 1241 1450 1305 omnia
1470 1240 1623 1322 providet,

308 1341 413 1407 'ciniis
433 1361 467 1407 se
488 1349 584 1422 aurat,
607 1365 668 1407 non
689 1343 951 1422 ereditllutiann,
972 1362 1033 1407 nnn
1047 1342 1184 1420 Urbano,
1205 1342 1318 1423 quibus
1339 1348 1407 1407 etas
1428 1351 1460 1407 et
1481 1343 1622 1425 pericula

316 1442 521 1528 prudenciam
549 1446 699 1509 maiorem
725 1445 904 1510 conciliant.
953 1446 1052 1510 litem
1075 1444 1217 1525 inceptat
1246 1464 1314 1509 cum
1337 1463 1375 1509 eu
1397 1444 1536 1523 homine,
1568 1446 1621 1527 qui

316 1564 408 1610 carus
434 1553 482 1610 est
509 1546 642 1612 lacobo¹
679 1554 710 1611 ct
736 1548 858 1612 Paulc²
889 1554 922 1612 et
953 1552 1182 1628 consequenter
1211 1547 1286 1611 aliis
1318 1545 1395 1610 viris
1426 1546 1623 1629 primatibus.

316 1646 446 1730 Colligit
477 1648 657 1726 mansilium,
696 1668 758 1712 non
791 1650 951 1730 colligitur
981 1647 1162 1728 consilium,
1193 1646 1249 1713 sed
1285 1648 1326 1711 ab
1357 1648 1469 1712 amicis
1497 1649 1620 1731 petitur.

317 1751 385 1813 Sul)
406 1750 520 1831 quibus
543 1750 700 1814 iudicibus
721 1749 911 1815 contendet?
952 1751 1063 1814 Nonne
1086 1750 1143 1815 sub
1166 1750 1309 1815 osoribus
1330 1748 1520 1814 latinorum?
1561 1751 1623 1813 Ita-

315 1870 377 1933 que
398 1852 527 1935 l'rangat
549 1852 629 1915 illud
650 1853 815 1917 consilium
837 1861 870 1917 et
891 1853 1024 1934 tempori
1045 1853 1163 1917 serviat
1177 1857 1209 1916 et
1224 1852 1289 1917 alia
1302 1851 1479 1933 viaqnerat
1492 1852 1619 1917 horroris

317 1955 558 2037 prerogativam.
602 1954 669 2037 ligo
691 1962 725 2019 ut
745 1955 926 2035 rescribam,
950 1954 1094 2035 quamvis
1115 1954 1207 2019 aliter
1229 1954 1400 2033 statuerim,
1422 1955 1510 2035 legas
1526 1953 1620 2018 Here-

316 2054 413 2121 burdo
443 2056 525 2121 hanc
558 2057 739 2139 epistolam,
771 2076 833 2122 non
861 2056 969 2131 dabis,
1003 2076 1042 2121 ne
1074 2058 1104 2121 in
1132 2058 1298 2141 pernitiem
1327 2076 1429 2119 meam
1455 2056 1621 2121 scribentis

314 2158 498 2242 proferatur.
550 2158 625 2223 llihi
657 2160 833 2224 consultum
864 2158 1005 2236 ridetur,
1038 2166 1072 2222 ut
1102 2178 1165 2223 rem
1198 2158 1334 2222 maxime
1364 2157 1523 2221 diversam
1560 2178 1621 2222 non

313 2259 454 2341 copulet:
480 2260 599 2325 ambire
625 2268 656 2323 et
682 2261 814 2325 t'utuere.
862 2261 968 2325 Aliam
995 2260 1097 2342 leges,
1126 2260 1223 2323 aliam
1247 2260 1352 2323 Venus
1377 2260 1472 2325 telam
1502 2266 1621 2325 texunt.

314 2360 448 2443 Adeptis
470 2361 641 2427 honoribus
662 2373 726 2427 tum
748 2366 850 2427 tutuat
871 2372 903 2427 et
924 2370 1008 2428 umet
1024 2361 1163 2444 ctgeniu
1182 2381 1237 2425 suo
1258 2360 1430 2443 indulgeat.
1474 2361 1621 2426 Preterca

313 2464 355 2527 sit
376 2464 488 2542 cornis,
509 2464 663 2542 affabilis,
686 2464 855 2545 hunuanus,
877 2485 938 2531 non
960 2465 1115 2549 superbus
1136 2484 1198 2528 non
1220 2463 1431 2545 Lenlrurgius,
1454 2483 1515 2527 uon
1538 2462 1621 2527 vicc-

313 2565 489 2630 rlomiuusl.
553 2566 613 2644 Qui
654 2566 738 2630 eninr
773 2587 846 2633 suos
884 2567 1007 2631 natales
1039 2565 1236 2629 admirantur
1276 2574 1307 2629 et
1338 2584 1439 2649 genus
1475 2572 1507 2629 et
1542 2584 1619 2648 opes

313 2674 487 2744 ostentant,
530 2669 636 2733 multis
668 2677 740 2733 suunt
778 2668 852 2733 odio
891 2670 923 2733 et
941 2668 1108 2733 ¹habentur
1140 2668 1290 2733 vecordes
1328 2676 1359 2731 et
1396 2668 1486 2731 fatui.
1548 2667 1619 2733 lstis

316 2767 464 2851 presidiis
505 2769 656 2834 utendum
691 2779 755 2850 est,
793 2790 855 2834 uon
894 2770 1098 2839 abutendum.
1158 2768 1236 2834 lllud
1274 2769 1467 2853 inexplebile
1500 2769 1617 2833 dolium

314 2870 449 2935 lacobus
474 2890 545 2935 cum
574 2891 630 2936 suo
655 2872 797 2952 mitrato,
831 2892 901 2936 cum
928 2892 984 2937 suo
1012 2873 1193 2954 signil'ero5,
1231 2890 1299 2935 cum
1324 2872 1442 2936 ceteris
1470 2871 1620 2937 lacobitis

315 2972 423 3036 humili
457 2973 525 3039 loco
560 2982 667 3053 natus,
699 2974 876 3040 barbariem
912 2975 1058 3052 edoctus,
1099 2973 1231 3055 pecunie
1266 2972 1425 3038 studiosus
1461 2994 1520 3037 nun
1562 2974 1622 3038 fert

313 3073 507 3139 dominatum
530 3076 628 3159 pueri.
662 3076 767 3153 Quare
782 3078 828 3141 sic
842 3077 1023 3141 iaciendum
1041 3074 1110 3140 esse
1128 3095 1249 3154 censcu,
1273 3083 1305 3137 ut
1322 3094 1423 3141 monm
1434 3074 1621 3155 satistaciat,

313 3194 376 3239 non
398 3176 492 3242 nimis
521 3187 632 3258 urgeat
660 3178 955 3261 l'rancotrergicmss.
999 3179 1088 3257 Scio,
1113 3176 1207 3261 plane
1226 3177 1308 3257 scio,
1331 3196 1404 3243 nam
1428 3176 1479 3243 hic
1498 3184 1567 3242 erat
1587 3178 1619 3241 in

377 3402 385 3444 ¹
406 3406 699 3475 ducubusDcliutcn'c,
720 3409 826 3464 Ductor
840 3408 907 3463 iuris
929 3408 1072 3479 utriunque
1091 3409 1145 3462 rrnd
1157 3408 1260 3465 Rector
1280 3410 1329 3463 der
1340 3408 1512 3464 Unircrsita'it
1523 3408 1619 3464 Erfurt

312 3486 351 3540 im
372 3486 591 3542 Sommer1502
614 3508 669 3543 wau
688 3489 729 3543 als
750 3490 880 3544 Deehunt
899 3490 948 3543 des
976 3489 1102 3560 dortigen
1122 3488 1307 3544 chcristiftos
1329 3489 1390 3544 ciue
1411 3488 1619 3545 einflunsreiclrc

313 3566 542 3622 Persdoliclrkeit

373 3644 387 3685 ²
408 3647 466 3700 Der
483 3646 680 3702 Weihbischof
699 3649 803 3703 Paulus
822 3648 975 3703 Hutlrcner.
1017 3648 1079 3719 Vgl.
1102 3649 1170 3703 iiber
1191 3648 1238 3701 iim
1254 3648 1301 3702 Br.
1314 3646 1352 3701 24
1375 3648 1403 3705 S.
1416 3648 1453 3702 33
1477 3648 1559 3702 Anni.
1571 3648 1597 3703 l.

372 3723 386 3765 3
410 3727 446 3780 lis
480 3727 594 3781 handelt
623 3728 684 3782 sich
710 3729 771 3784 hier
805 3748 853 3782 um
891 3730 936 3783 ein
969 3728 1143 3797 juristisclres
1180 3728 1354 3795 Gutachten,
1388 3730 1437 3783 das
1471 3729 1614 3784 Herebord

311 3826 335 3863 v.
362 3809 387 3861 d.
417 3807 543 3862 Marthen
571 3807 610 3861 irn
639 3807 775 3881 Auiti-age
802 3811 852 3863 der
871 3808 996 3864 Erfurter
1016 3807 1151 3864 Gemeine
1182 3837 1214 3847 --
1244 3826 1308 3863 man
1336 3808 1413 3865 weiss
1441 3808 1520 3863 nicht
1545 3810 1615 3865 iiber

312 3888 417 3943 welche
444 3886 556 3942 Punlrte
580 3888 609 3941 in
638 3889 701 3943 dem
723 3888 824 3944 Streite
846 3890 990 3960 ,zwischen
1015 3889 1059 3943 iltr
1088 3888 1144 3943 und
1168 3889 1230 3942 dem
1258 3889 1403 3943 Patriciate
1426 3918 1461 3927 -
1488 3888 1615 3945 ubfasseu

312 3968 400 4023 sollte.
551 3977 558 3985 '

372 4043 387 4087 4
407 4048 470 4121 vgl.
490 4048 536 4101 Br.
551 4047 605 4100 111
634 4047 660 4103 S.
675 4048 730 4102 152
753 4048 873 4106 numa.

371 4124 495 4183 ⁵.loann
515 4127 699 4201 Sdmrnering.

371 4204 385 4247 θ
400 4208 542 4263 Johuuues
552 4208 672 4263 Emerici
683 4208 935 4280 arrsFraukcnberg
944 4210 1019 4263 lratte
1028 4208 1206 4279 gleichzeitig
1216 4206 1449 4261 mitHcrebordv.
1457 4209 1482 4261 d.
1491 4207 1617 4263 lllarthen

313 4288 372 4342 cicli
387 4288 603 4343 ‹lnsBaeuluriat
621 4289 677 4343 und
692 4290 737 4345 die
746 4289 921 4343 Licenziatur
931 4288 1025 4343 beiden
1036 4288 1142 4343 Rachle
1155 4288 1304 4341 erncrben.
1331 4287 1363 4341 ln
1376 4288 1439 4341 dem
1448 4288 1617 4343 stiidtisclaeu

313 4367 438 4421 Aufrulrr
463 4386 518 4422 arar
543 4386 572 4423 er
594 4367 635 4422 als
656 4368 857 4441 Parteigiinger
882 4369 931 4423 des
951 4369 1035 4422 Rates
1060 4366 1213 4438 gelliichtet
1240 4367 1454 4436 (Falckenstein.
1495 4367 1616 4422 Historie

312 4466 364 4503 von
385 4448 508 4503 Erffurth
529 4448 725 4503 sasamon
746 4456 828 4503 unter
847 4449 900 4503 den
919 4446 1090 4503 Geflohenen
1114 4448 1194 4502 einen
1217 4447 1367 4518 „Magister
1381 4445 1616 4519 Frankcnberger,

312 4546 360 4582 zur
379 4529 480 4584 weiseu
495 4528 602 4584 Lilieu“
623 4519 686 4608 aus)
709 4529 766 4583 und
788 4528 866 4581 1512
887 4528 959 4582 uach
973 4528 1068 4582 Erfnrt
1088 4527 1316 4599 zuriickgelrehrt.
1358 4527 1416 4582 Dus
1431 4527 1501 4583 Jahr
1521 4526 1621 4582 damus

311 4608 382 4667 hielt
403 4626 433 4667 cr
451 4609 496 4669 bei
518 4607 704 4685 Gelegeuheit
730 4609 822 4666 »einer
841 4607 1105 4683 Ductorpromotiou
1127 4608 1180 4663 den
1208 4606 1340 4664 iiblichen
1365 4607 1530 4663 feierlicheu
1550 4606 1618 4665 Um-
