3625 5192
308 328 362 383 aaa
690 312 951 399 omureummuen
973 331 1022 385 uer
1040 328 1119 384 nov.
1136 320 1261 384 satan.

310 478 391 548 256.
414 474 459 547 ll.
476 494 523 543 an
539 476 675 544 Urbau.
778 450 782 456 ⁴
1000 476 1133 560 (liothn
1147 478 1243 549 1513.
1272 476 1438 543 Vordem
1451 463 1619 557 aanor.)

380 601 443 649 lint.
464 601 498 647 ist
518 602 607 647 bbohst
625 603 787 653 nnzulriedeu
812 603 857 649 ruit
878 604 934 649 dem
953 618 1050 662 genuen
1070 603 1206 649 tiababreu
1224 602 1268 649 dee
1286 601 1415 649 Herebord
1426 601 1621 651 v.d.llartben.

390 699 545 764 Primario
577 699 646 763 uiro
675 699 785 766 Erriro
813 699 966 764 Urbano
1001 700 1190 765 urbanorum
1220 698 1426 765 festivissimo
1460 698 1622 787 blutianus

309 801 417 867 Rufus.

392 908 427 968 S.
469 903 607 969 Causam
636 902 765 969 dissidii
793 906 876 968 inter
896 902 1114 968 Herebordum
1144 910 1176 967 et
1196 902 1421 986 Aperbaoobos
1445 907 1521 967 aute
1545 900 1622 965 mibi

309 1006 504 1088 ineognitam
525 1012 635 1088 aparte
655 1006 783 1086 soribis,
811 1016 845 1069 ut
864 1008 973 1071 seiam.
1017 1005 1178 1069 Dicerem:
1203 1004 1323 1087 iupiter
1343 1012 1374 1069 te
1394 1006 1478 1068 male
1499 1002 1623 1087 perdat,

311 1110 373 1174 nisi
395 1108 568 1173 benevolus
588 1126 689 1172 essem
711 1115 744 1173 et
763 1110 869 1172 fautor
895 1109 1020 1172 invenis
1048 1108 1179 1172 nimium
1203 1107 1369 1171 temerarii.
1411 1106 1524 1171 Servet
1550 1124 1620 1171 eum

310 1212 417 1295 potius
437 1210 523 1273 bona
542 1211 676 1278 fortuna.
719 1210 801 1289 Vah,
822 1211 909 1274 solus
921 1210 972 1274 bio
985 1210 1178 1273 umbraticus
1189 1208 1298 1273 dootor
1310 1207 1422 1273 affines
1443 1227 1621 1287 emungere,

311 1311 470 1378 eohortem
492 1310 788 1395 pbilosopbauuium
809 1332 946 1391 vexare,
968 1330 1049 1376 unus
1069 1331 1178 1377 omnes
1199 1310 1342 1375 fastidire
1366 1310 1479 1393 pergit.
1522 1309 1623 1375 Casti·

309 1414 395 1497 gabo
417 1414 579 1477 levitatem
601 1420 647 1492 et,
667 1415 695 1478 si
716 1420 821 1478 mente
841 1433 923 1478 sana
942 1421 999 1492 est,
1021 1413 1161 1495 quietum
1183 1418 1215 1475 et
1236 1412 1396 1496 plaoidum
1416 1411 1547 1477 reddam
1570 1430 1621 1475 ne-

309 1536 370 1601 que
392 1516 497 1601 patiar
518 1516 721 1599 plurimorum
739 1514 860 1580 diutius
882 1515 1008 1579 inuidia
1029 1514 1184 1579 laborare.
1230 1512 1406 1597 Epistulam
1428 1524 1534 1578 autem
1562 1513 1621 1578 tibi

310 1620 452 1703 patulam
474 1617 621 1696 ostendo,
640 1626 695 1697 ut,
723 1618 750 1682 si
773 1618 948 1695 videbitur,
975 1617 1083 1681 tradas
1112 1616 1238 1681 bomini.
1287 1616 1447 1681 Dioturum
1475 1624 1621 1680 autumo:

310 1723 398 1787 Nibil
415 1723 501 1804 agia,
519 1720 668 1791 Mutiaue.
711 1721 783 1783 Non
804 1722 850 1784 sis
869 1720 948 1784 mibi
971 1728 1109 1802 patruus.
1153 1719 1308 1789 Satiuris
1325 1739 1394 1783 sum
1412 1718 1621 1784 oonsultnset

310 1824 417 1889 omnia
437 1823 513 1889 salo.
556 1822 630 1909 Mea
649 1822 740 1887 stabo
762 1822 929 1886 sententia.
973 1821 1098 1886 Habere
1118 1822 1217 1885 multa
1239 1822 1327 1902 volo,
1350 1840 1411 1887 uon
1432 1840 1516 1901 euro,
1536 1821 1621 1885 unde

309 1924 455 1991 babeam.
503 1924 623 1989 Affines
650 1924 829 2008 oompilabo
858 1923 961 2005 deque
988 1924 1081 1987 vietis
1114 1921 1379 2006 philosophastris
1408 1922 1620 2005 triumphabo.

309 2028 442 2093 Paream
462 2028 642 2093 mortalium
664 2027 791 2091 nemini.
835 2026 900 2089 llee
921 2032 1016 2107 atoue
1036 2026 1116 2090 talia
1139 2026 1224 2090 iutra
1237 2044 1272 2089 se
1283 2024 1439 2107 gloriosus
1460 2024 1621 2089 commini-

309 2131 415 2196 soitur.
460 2128 493 2192 ld
515 2129 598 2213 qnod
620 2129 690 2210 tibi,
713 2129 841 2195 Urbane
862 2128 1082 2208 solertissime,
1104 2128 1198 2192 fenile
1222 2128 1349 2212 probari
1373 2134 1485 2211 potest.
1529 2128 1621 2192 Nosti

309 2233 395 2299 enim
417 2252 519 2297 mores
540 2242 572 2297 et
592 2240 738 2296 naturam
760 2233 864 2297 amini.
905 2232 949 2294 At
976 2232 1045 2313 ipse
1071 2249 1194 2313 quoqne
1224 2230 1304 2295 tueri
1332 2230 1508 2294 institutum
1535 2229 1621 2293 illius

309 2336 368 2401 boo
380 2336 452 2399 luno
463 2355 599 2417 possem,
620 2335 648 2399 si
659 2334 783 2413 vellem,
796 2344 852 2397 aut
862 2331 1036 2415 expediret.
1081 2333 1128 2396 lta
1143 2332 1409 2413 nunomosviget.
1450 2332 1618 2414 Auspieari

309 2440 402 2503 aliter
423 2438 483 2502 fori
504 2437 652 2502 tirocinia
672 2436 830 2501 nonlicet
871 2434 1192 2523 Neminiliueuudum
1205 2454 1284 2514 esse,
1306 2434 1453 2499 intentum
1465 2434 1620 2508 omnibus,

307 2542 414 2606 omnia
435 2541 564 2604 venalia
588 2540 714 2618 babere,
734 2539 855 2616 t'allere,
877 2556 998 2620 rapere,
1020 2538 1184 2621 superbire
1203 2536 1363 2621 proprium
1376 2546 1424 2600 est
1435 2536 1620 2601 excellentis

308 2641 478 2717 causidici,
506 2648 540 2705 ut
560 2642 679 2705 imitari
700 2640 779 2705 illud
803 2640 984 2703 luvenalis¹
1012 2640 1160 2703 videatur
1180 2640 1384 2704 eontenoiosa
1410 2657 1522 2703 uranus
1548 2640 1620 2702 illa:

308 2742 426 2825 „Aude
446 2743 568 2825 aliquid
591 2744 740 2807 brevibus
750 2743 867 2825 Gyaris
888 2752 921 2807 et
941 2761 1066 2806 earcere
1089 2742 1231 2823 dignum,
1253 2743 1280 2807 si
1300 2743 1349 2806 vis
1372 2762 1442 2806 esne
1462 2742 1618 2823 aliquid“.

308 2846 398 2910 Nihil
420 2855 505 2911 esset
524 2855 558 2910 et
578 2846 662 2928 patri
684 2853 716 2909 et
737 2846 840 2927 patrie
861 2845 1071 2928 contemptui,
1095 2846 1156 2907 imo
1177 2843 1263 2908 velut
1285 2845 1437 2927 ignavus,
1457 2844 1552 2923 iners,
1574 2843 1621 2907 in·

307 2948 441 3030 glorius,
470 2948 677 3027 intestabilis,
699 2946 725 3011 si
747 2966 818 3011 meo
838 2966 924 3011 more
945 2945 1055 3027 iidem,
1077 2945 1340 3024 benevolentiam,
1361 2945 1548 3011 modestiam
1570 2966 1619 3011 as

308 3058 482 3113 seeturetur
502 3057 534 3113 et
555 3048 680 3113 eoleret.
723 3050 770 3111 lta
792 3047 884 3112 nihili
905 3046 941 3110 fit
960 3048 1149 3129 simplicitas
1170 3054 1202 3110 et
1224 3048 1427 3122 innocencia,
1450 3048 1504 3111 ita·
1517 3049 1619 3112 laetus

308 3156 340 3214 et
360 3150 531 3215 insolentia
551 3158 583 3215 et
602 3148 788 3213 dominandi
810 3149 910 3213 libido
932 3150 1106 3234 substrepit
1130 3151 1161 3214 in
1189 3149 1275 3213 omni
1303 3150 1428 3233 populo.
1470 3149 1618 3214 Preterea

308 3260 414 3335 posset
433 3253 535 3331 nobis,
555 3253 584 3316 si
604 3253 833 3335 obiurgaretur,
855 3253 1059 3335 respondere:
1081 3252 1274 3333 Margaritus
1292 3270 1359 3317 sum
1382 3251 1495 3315 etmel
1518 3252 1618 3335 patris

306 3350 398 3417 lilius.
437 3354 579 3419 Gloriola
593 3353 742 3432 delector,
766 3354 914 3437 politicis.
937 3356 1000 3419 iuro
1022 3355 1131 3438 politis
1152 3354 1293 3419 vestibus
1311 3354 1431 3438 capior,
1450 3355 1619 3419 lireultates

306 3455 430 3536 desunt,
450 3454 742 3537 ergooorradende,
763 3464 914 3536 metuant,
936 3456 1060 3521 oderint
1071 3458 1226 3521 infament
1244 3456 1349 3533 alieni,
1372 3456 1450 3538 quid
1468 3455 1502 3520 id
1524 3457 1617 3521 relert

307 3556 386 3621 tua?
427 3558 498 3621 Non
517 3577 580 3621 uno
601 3577 708 3622 sumus
730 3558 789 3623 sub
814 3558 919 3622 sidere
946 3562 1019 3624 nati.
1074 3562 1123 3624 An
1150 3580 1212 3625 uon
1242 3559 1406 3644 pulchrum
1432 3568 1481 3623 est
1512 3558 1615 3641 digito

306 3659 473 3723 monstrari
502 3667 535 3723 et
565 3659 667 3723 dicier
703 3659 755 3723 bie
780 3661 869 3723 esti2
920 3660 989 3741 ligo
1017 3680 1091 3725 uero
1120 3670 1217 3725 totam
1245 3662 1338 3727 istam
1372 3661 1613 3725 reluemeionem

307 3760 470 3824 eonl'utare
491 3780 617 3844 possum
639 3768 672 3825 et
694 3768 738 3840 tu,
762 3761 898 3825 Urbane.
941 3762 1004 3827 Sed
1027 3763 1104 3827 illud
1127 3764 1316 3827 mantiuinor
1333 3762 1514 3827 Herebordo
1535 3764 1615 3826 lutu-

305 3881 384 3942 rum,
404 3869 439 3926 ut
459 3864 609 3946 peniteat.
652 3864 763 3943 Neque
782 3865 865 3928 enim
882 3864 953 3929 istis
973 3866 1112 3929 moribus
1124 3864 1292 3949 proficiet*
1316 3864 1395 3943 Qui*
1415 3866 1506 3948 paria
1527 3864 1613 3927 laeti·

257 3992 261 4003 ·
306 3971 431 4043 maere,
459 3964 508 4027 vel
530 3965 561 4027 in
584 3964 713 4029 exilium
737 3966 788 4029 vel
809 3966 841 4029 in
862 3967 1033 4031 maximam
1056 3969 1173 4033 malam
1195 3987 1318 4033 orueem
1340 3976 1412 4031 suut
1433 3966 1505 4031 aeti.
1548 3965 1615 4029 Nos

305 4086 366 4149 que
386 4067 471 4132 bella
492 4075 563 4131 suut
584 4077 616 4130 et
638 4069 778 4146 honesta,
800 4068 887 4149 vulgi
910 4070 1114 4153 opinionibus
1136 4076 1376 4153 anteponamus.
1420 4068 1506 4133 Vale.

375 4190 556 4237 Bandaehrlltl.
577 4191 597 4237 F
618 4191 666 4236 317
691 4190 937 4241 founder-2031.

375 4286 388 4313 ⁸
406 4292 512 4351 Equis.

369 4474 380 4517 ¹
402 4479 549 4546 Iuvenall,
561 4479 701 4537 73-74,

367 4556 513 4615 ²Persius
527 4560 549 4626 1,
565 4560 616 4615 28:
638 4560 677 4616 At
696 4562 842 4633 pulchrum
864 4570 907 4615 est
927 4560 1015 4633 digito
1037 4560 1183 4616 inonstrari
1204 4568 1232 4615 et
1252 4559 1339 4614 dicier
1359 4560 1404 4613 bie
1425 4560 1480 4615 est!
