<?xml version="1.0" encoding="UTF-8"?>
<!DOCTYPE html PUBLIC "-//W3C//DTD XHTML 1.0 Transitional//EN"
    "http://www.w3.org/TR/xhtml1/DTD/xhtml1-transitional.dtd">
<html xmlns="http://www.w3.org/1999/xhtml" xml:lang="en" lang="en">
 <head>
  <title>
</title>
<meta http-equiv="Content-Type" content="text/html;charset=utf-8" />
  <meta name='ocr-system' content='tesseract 3.04.00' />
  <meta name='ocr-capabilities' content='ocr_page ocr_carea ocr_par ocr_line ocrx_word'/>
</head>
<body>
  <div class='ocr_page' id='page_1' title='image "./derbriefwechsel00sachgoog_0295.png"; bbox 0 0 3625 5192; ppageno 0'>
   <div class='ocr_carea' id='block_1_1' title="bbox 304 369 1254 448">
    <p class='ocr_par' dir='ltr' id='par_1_1' title="bbox 304 369 1254 448">
     <span class='ocr_line' id='line_1_1' title="bbox 304 369 1254 448; baseline -0.001 -14"><span class='ocrx_word' id='word_1_1' title='bbox 304 374 357 434; x_wconf 79' lang='grc'>226</span> <span class='ocrx_word' id='word_1_2' title='bbox 658 369 919 448; x_wconf 82' lang='lat' dir='ltr'>Geschlchtsquclleu</span> <span class='ocrx_word' id='word_1_3' title='bbox 937 377 985 436; x_wconf 87' lang='lat' dir='ltr'>der</span> <span class='ocrx_word' id='word_1_4' title='bbox 1003 371 1114 436; x_wconf 56' lang='lat' dir='ltr'>provinz</span> <span class='ocrx_word' id='word_1_5' title='bbox 1130 373 1254 436; x_wconf 81' lang='lat' dir='ltr'>Saclrsen.</span> 
     </span>
    </p>
   </div>
   <div class='ocr_carea' id='block_1_2' title="bbox 305 522 1690 1019">
    <p class='ocr_par' dir='ltr' id='par_1_2' title="bbox 305 522 1690 1019">
     <span class='ocr_line' id='line_1_2' title="bbox 305 522 1612 611; baseline -0.003 -18"><span class='ocrx_word' id='word_1_6' title='bbox 305 529 554 594; x_wconf 86' lang='lat' dir='ltr'>cautiortamen</span> <span class='ocrx_word' id='word_1_7' title='bbox 583 528 711 609; x_wconf 90' lang='lat' dir='ltr'>ceteris,</span> <span class='ocrx_word' id='word_1_8' title='bbox 732 528 789 611; x_wconf 74' lang='lat' dir='ltr'>‚qui</span> <span class='ocrx_word' id='word_1_9' title='bbox 817 526 896 593; x_wconf 90' lang='lat' dir='ltr'>nihil</span> <span class='ocrx_word' id='word_1_10' title='bbox 919 528 1037 594; x_wconf 85' lang='lat' dir='ltr'>lrabe&#39;nt</span> <span class='ocrx_word' id='word_1_11' title='bbox 1057 536 1090 595; x_wconf 92' lang='lat' dir='ltr'>et</span> <span class='ocrx_word' id='word_1_12' title='bbox 1111 549 1179 595; x_wconf 89' lang='lat' dir='ltr'>oum</span> <span class='ocrx_word' id='word_1_13' title='bbox 1202 528 1351 594; x_wconf 82' lang='lat' dir='ltr'>Tibullo¹</span> <span class='ocrx_word' id='word_1_14' title='bbox 1372 533 1516 592; x_wconf 81' lang='lat' dir='ltr'>cuntant:</span> <span class='ocrx_word' id='word_1_15' title='bbox 1547 522 1612 608; x_wconf 85' lang='lat' dir='ltr'>„Et</span> 
     </span>
     <span class='ocr_line' id='line_1_3' title="bbox 305 628 1611 716; baseline 0 -22"><span class='ocrx_word' id='word_1_16' title='bbox 305 649 414 712; x_wconf 84' lang='lat' dir='ltr'>regum</span> <span class='ocrx_word' id='word_1_17' title='bbox 439 641 571 711; x_wconf 67' lang='lat' dir='ltr'>magne*</span> <span class='ocrx_word' id='word_1_18' title='bbox 596 628 812 713; x_wconf 79' lang='lat' dir='ltr'>despiciantur</span> <span class='ocrx_word' id='word_1_19' title='bbox 838 633 945 712; x_wconf 90' lang='lat' dir='ltr'>opes.“</span> <span class='ocrx_word' id='word_1_20' title='bbox 994 631 1064 696; x_wconf 91' lang='lat' dir='ltr'>Non</span> <span class='ocrx_word' id='word_1_21' title='bbox 1087 633 1171 696; x_wconf 84' lang='lat' dir='ltr'>eninr</span> <span class='ocrx_word' id='word_1_22' title='bbox 1198 631 1336 716; x_wconf 87' lang='lat' dir='ltr'>despitio</span> <span class='ocrx_word' id='word_1_23' title='bbox 1362 630 1531 696; x_wconf 69' lang='lat' dir='ltr'><strong>facultates</strong></span> <span class='ocrx_word' id='word_1_24' title='bbox 1558 649 1611 694; x_wconf 92' lang='lat' dir='ltr'>ne-</span> 
     </span>
     <span class='ocr_line' id='line_1_4' title="bbox 305 709 1690 817; baseline -0.002 -19"><span class='ocrx_word' id='word_1_25' title='bbox 305 733 477 811; x_wconf 82' lang='lat' dir='ltr'>cessarias,</span> <span class='ocrx_word' id='word_1_26' title='bbox 502 731 559 796; x_wconf 88' lang='lat' dir='ltr'>sed</span> <span class='ocrx_word' id='word_1_27' title='bbox 582 731 724 816; x_wconf 77' lang='lat' dir='ltr'>percipio</span> <span class='ocrx_word' id='word_1_28' title='bbox 745 733 949 814; x_wconf 35' lang='lat' dir='ltr'>,cogitacicne</span> <span class='ocrx_word' id='word_1_29' title='bbox 975 733 1081 799; x_wconf 82' lang='lat' dir='ltr'>futura</span> <span class='ocrx_word' id='word_1_30' title='bbox 1103 743 1136 797; x_wconf 90' lang='lat' dir='ltr'>et</span> <span class='ocrx_word' id='word_1_31' title='bbox 1155 734 1328 817; x_wconf 87' lang='lat' dir='ltr'>aliquando</span> <span class='ocrx_word' id='word_1_32' title='bbox 1348 743 1423 799; x_wconf 84' lang='lat' dir='ltr'>ante</span> <span class='ocrx_word' id='word_1_33' title='bbox 1444 734 1612 808; x_wconf 88' lang='lat' dir='ltr'>constituo,</span> <span class='ocrx_word' id='word_1_34' title='bbox 1681 709 1690 735; x_wconf 58' lang='lat'>³</span> 
     </span>
     <span class='ocr_line' id='line_1_5' title="bbox 305 833 1611 918; baseline -0.001 -20"><span class='ocrx_word' id='word_1_35' title='bbox 305 834 390 918; x_wconf 87' lang='lat' dir='ltr'>quod</span> <span class='ocrx_word' id='word_1_36' title='bbox 410 833 556 899; x_wconf 79' lang='lat' dir='ltr'>cocidere</span> <span class='ocrx_word' id='word_1_37' title='bbox 575 835 686 918; x_wconf 90' lang='lat' dir='ltr'>possit,</span> <span class='ocrx_word' id='word_1_38' title='bbox 707 835 739 898; x_wconf 93' lang='lat' dir='ltr'>iu</span> <span class='ocrx_word' id='word_1_39' title='bbox 757 842 910 916; x_wconf 80' lang='lat' dir='ltr'>utrunque</span> <span class='ocrx_word' id='word_1_40' title='bbox 922 842 1052 918; x_wconf 89' lang='lat' dir='ltr'>partem.</span> <span class='ocrx_word' id='word_1_41' title='bbox 1094 836 1222 901; x_wconf 81' lang='lat' dir='ltr'>Possem</span> <span class='ocrx_word' id='word_1_42' title='bbox 1236 836 1437 917; x_wconf 79' lang='lat' dir='ltr'>tergiversari</span> <span class='ocrx_word' id='word_1_43' title='bbox 1449 842 1481 899; x_wconf 89' lang='lat' dir='ltr'>et</span> <span class='ocrx_word' id='word_1_44' title='bbox 1491 834 1611 898; x_wconf 90' lang='lat' dir='ltr'>dicere:</span> 
     </span>
     <span class='ocr_line' id='line_1_6' title="bbox 306 935 1147 1019; baseline 0.002 -19"><span class='ocrx_word' id='word_1_45' title='bbox 306 935 437 1016; x_wconf 81' lang='lat' dir='ltr'>Edifico,</span> <span class='ocrx_word' id='word_1_46' title='bbox 456 936 571 1002; x_wconf 80' lang='lat' dir='ltr'><strong>desunt</strong></span> <span class='ocrx_word' id='word_1_47' title='bbox 595 939 712 1000; x_wconf 91' lang='lat' dir='ltr'>nummi</span> <span class='ocrx_word' id='word_1_48' title='bbox 762 937 816 1002; x_wconf 89' lang='lat' dir='ltr'>Sic</span> <span class='ocrx_word' id='word_1_49' title='bbox 836 937 966 1019; x_wconf 90' lang='lat' dir='ltr'>quidam</span> <span class='ocrx_word' id='word_1_50' title='bbox 988 938 1147 1002; x_wconf 62' lang='lat' dir='ltr'>Gelliusl:</span> 
     </span>
    </p>
   </div>
   <div class='ocr_carea' id='block_1_3' title="bbox 506 1041 1360 1451">
    <p class='ocr_par' dir='ltr' id='par_1_3' title="bbox 506 1041 1360 1451">
     <span class='ocr_line' id='line_1_7' title="bbox 548 1041 1360 1146; baseline 0.001 -20"><span class='ocrx_word' id='word_1_51' title='bbox 548 1061 693 1142; x_wconf 80' lang='lat' dir='ltr'>„Gellius</span> <span class='ocrx_word' id='word_1_52' title='bbox 713 1059 842 1126; x_wconf 88' lang='lat' dir='ltr'>edificat</span> <span class='ocrx_word' id='word_1_53' title='bbox 862 1041 995 1146; x_wconf 79' lang='lat' dir='ltr'>semper,</span> <span class='ocrx_word' id='word_1_54' title='bbox 1014 1062 1109 1128; x_wconf 92' lang='lat' dir='ltr'>modo</span> <span class='ocrx_word' id='word_1_55' title='bbox 1129 1063 1240 1127; x_wconf 88' lang='lat' dir='ltr'>limina</span> <span class='ocrx_word' id='word_1_56' title='bbox 1260 1063 1360 1146; x_wconf 90' lang='lat' dir='ltr'>ponit,</span> 
     </span>
     <span class='ocr_line' id='line_1_8' title="bbox 506 1163 1251 1247; baseline 0 -19"><span class='ocrx_word' id='word_1_57' title='bbox 506 1163 600 1229; x_wconf 88' lang='lat' dir='ltr'>Nunc</span> <span class='ocrx_word' id='word_1_58' title='bbox 619 1163 739 1229; x_wconf 82' lang='lat' dir='ltr'>toribus</span> <span class='ocrx_word' id='word_1_59' title='bbox 756 1164 863 1228; x_wconf 84' lang='lat' dir='ltr'>claves</span> <span class='ocrx_word' id='word_1_60' title='bbox 885 1173 977 1247; x_wconf 85' lang='lat' dir='ltr'>aptat</span> <span class='ocrx_word' id='word_1_61' title='bbox 997 1163 1134 1246; x_wconf 81' lang='lat' dir='ltr'>emitque</span> <span class='ocrx_word' id='word_1_62' title='bbox 1154 1183 1251 1244; x_wconf 87' lang='lat' dir='ltr'>seras,</span> 
     </span>
     <span class='ocr_line' id='line_1_9' title="bbox 507 1265 1237 1350; baseline 0 -18"><span class='ocrx_word' id='word_1_63' title='bbox 507 1265 645 1348; x_wconf 81' lang='lat' dir='ltr'>Roganti</span> <span class='ocrx_word' id='word_1_64' title='bbox 668 1285 810 1331; x_wconf 90' lang='lat' dir='ltr'>nummos</span> <span class='ocrx_word' id='word_1_65' title='bbox 832 1272 866 1330; x_wconf 90' lang='lat' dir='ltr'>ut</span> <span class='ocrx_word' id='word_1_66' title='bbox 886 1267 993 1332; x_wconf 89' lang='lat' dir='ltr'>dicere</span> <span class='ocrx_word' id='word_1_67' title='bbox 1014 1268 1114 1350; x_wconf 89' lang='lat' dir='ltr'>possit</span> <span class='ocrx_word' id='word_1_68' title='bbox 1135 1267 1237 1332; x_wconf 84' lang='lat' dir='ltr'>arnico</span> 
     </span>
     <span class='ocr_line' id='line_1_10' title="bbox 510 1367 1197 1451; baseline 0.001 -17"><span class='ocrx_word' id='word_1_69' title='bbox 510 1369 611 1434; x_wconf 90' lang='lat' dir='ltr'>Unum</span> <span class='ocrx_word' id='word_1_70' title='bbox 632 1367 711 1433; x_wconf 89' lang='lat' dir='ltr'>illud</span> <span class='ocrx_word' id='word_1_71' title='bbox 733 1369 863 1433; x_wconf 90' lang='lat' dir='ltr'>verbum</span> <span class='ocrx_word' id='word_1_72' title='bbox 885 1369 1008 1434; x_wconf 81' lang='lat' dir='ltr'>Gellius</span> <span class='ocrx_word' id='word_1_73' title='bbox 1029 1368 1197 1451; x_wconf 87' lang='lat' dir='ltr'>„edifioo.“</span> 
     </span>
    </p>
   </div>
   <div class='ocr_carea' id='block_1_4' title="bbox 307 1491 1652 2393">
    <p class='ocr_par' dir='ltr' id='par_1_4' title="bbox 307 1491 1652 2393">
     <span class='ocr_line' id='line_1_11' title="bbox 387 1491 1611 1573; baseline -0.002 -16"><span class='ocrx_word' id='word_1_74' title='bbox 387 1494 515 1558; x_wconf 81' lang='lat' dir='ltr'>Possem</span> <span class='ocrx_word' id='word_1_75' title='bbox 544 1492 664 1557; x_wconf 87' lang='lat' dir='ltr'>dicere:</span> <span class='ocrx_word' id='word_1_76' title='bbox 696 1512 758 1556; x_wconf 90' lang='lat' dir='ltr'>non</span> <span class='ocrx_word' id='word_1_77' title='bbox 788 1492 850 1556; x_wconf 89' lang='lat' dir='ltr'>ium</span> <span class='ocrx_word' id='word_1_78' title='bbox 879 1492 1009 1573; x_wconf 87' lang='lat' dir='ltr'>cdiiioo,</span> <span class='ocrx_word' id='word_1_79' title='bbox 1038 1493 1094 1558; x_wconf 92' lang='lat' dir='ltr'>sed</span> <span class='ocrx_word' id='word_1_80' title='bbox 1123 1494 1278 1558; x_wconf 85' lang='lat' dir='ltr'>frumenta</span> <span class='ocrx_word' id='word_1_81' title='bbox 1309 1493 1421 1559; x_wconf 88' lang='lat' dir='ltr'>babeo.</span> <span class='ocrx_word' id='word_1_82' title='bbox 1475 1493 1529 1558; x_wconf 89' lang='lat' dir='ltr'>Sic</span> <span class='ocrx_word' id='word_1_83' title='bbox 1554 1491 1611 1557; x_wconf 83' lang='lat' dir='ltr'>alii</span> 
     </span>
     <span class='ocr_line' id='line_1_12' title="bbox 308 1594 1652 1679; baseline -0.003 -19"><span class='ocrx_word' id='word_1_84' title='bbox 308 1594 418 1660; x_wconf 86' lang='lat' dir='ltr'>solent</span> <span class='ocrx_word' id='word_1_85' title='bbox 459 1595 502 1658; x_wconf 90' lang='lat' dir='ltr'>At</span> <span class='ocrx_word' id='word_1_86' title='bbox 521 1594 626 1658; x_wconf 86' lang='lat' dir='ltr'>lucum</span> <span class='ocrx_word' id='word_1_87' title='bbox 641 1613 729 1659; x_wconf 79' lang='lat' dir='ltr'>unior</span> <span class='ocrx_word' id='word_1_88' title='bbox 741 1600 846 1659; x_wconf 90' lang='lat' dir='ltr'>noster</span> <span class='ocrx_word' id='word_1_89' title='bbox 859 1603 984 1660; x_wconf 89' lang='lat' dir='ltr'>mutuus</span> <span class='ocrx_word' id='word_1_90' title='bbox 995 1615 1057 1659; x_wconf 90' lang='lat' dir='ltr'>nou</span> <span class='ocrx_word' id='word_1_91' title='bbox 1070 1595 1196 1678; x_wconf 91' lang='lat' dir='ltr'>patitur.</span> <span class='ocrx_word' id='word_1_92' title='bbox 1238 1595 1355 1658; x_wconf 90' lang='lat' dir='ltr'>Notum</span> <span class='ocrx_word' id='word_1_93' title='bbox 1366 1594 1512 1660; x_wconf 88' lang='lat' dir='ltr'>omnibus</span> <span class='ocrx_word' id='word_1_94' title='bbox 1522 1602 1571 1658; x_wconf 87' lang='lat' dir='ltr'>est</span> <span class='ocrx_word' id='word_1_95' title='bbox 1581 1601 1613 1658; x_wconf 92' lang='lat' dir='ltr'>et</span> <span class='ocrx_word' id='word_1_96' title='bbox 1648 1673 1652 1679; x_wconf 90' lang='lat'>.</span> 
     </span>
     <span class='ocr_line' id='line_1_13' title="bbox 307 1695 1612 1782; baseline -0.002 -19"><span class='ocrx_word' id='word_1_97' title='bbox 307 1715 453 1782; x_wconf 85' lang='lat' dir='ltr'>nupera</span> <span class='ocrx_word' id='word_1_98' title='bbox 480 1695 617 1779; x_wconf 87' lang='lat' dir='ltr'>parocho</span> <span class='ocrx_word' id='word_1_99' title='bbox 644 1704 750 1762; x_wconf 89' lang='lat' dir='ltr'>nostro</span> <span class='ocrx_word' id='word_1_100' title='bbox 775 1696 910 1778; x_wconf 88' lang='lat' dir='ltr'>dictum,</span> <span class='ocrx_word' id='word_1_101' title='bbox 938 1697 1032 1762; x_wconf 89' lang='lat' dir='ltr'>sicuti</span> <span class='ocrx_word' id='word_1_102' title='bbox 1051 1697 1190 1762; x_wconf 83' lang='lat' dir='ltr'>Paulus³</span> <span class='ocrx_word' id='word_1_103' title='bbox 1220 1697 1296 1761; x_wconf 90' lang='lat' dir='ltr'>mibi</span> <span class='ocrx_word' id='word_1_104' title='bbox 1324 1696 1446 1761; x_wconf 89' lang='lat' dir='ltr'>retulit:</span> <span class='ocrx_word' id='word_1_105' title='bbox 1475 1695 1612 1775; x_wconf 88' lang='lat' dir='ltr'>„Frome</span> 
     </span>
     <span class='ocr_line' id='line_1_14' title="bbox 308 1789 1613 1884; baseline -0.002 -20"><span class='ocrx_word' id='word_1_106' title='bbox 308 1789 432 1865; x_wconf 80' lang='lat' dir='ltr'>leutbeb</span> <span class='ocrx_word' id='word_1_107' title='bbox 459 1798 562 1862; x_wconf 87' lang='lat' dir='ltr'>baben</span> <span class='ocrx_word' id='word_1_108' title='bbox 591 1799 697 1880; x_wconf 86' lang='lat' dir='ltr'>wenig</span> <span class='ocrx_word' id='word_1_109' title='bbox 723 1797 864 1863; x_wconf 82' lang='lat' dir='ltr'>Geldis.“</span> <span class='ocrx_word' id='word_1_110' title='bbox 916 1799 979 1863; x_wconf 90' lang='lat' dir='ltr'>Iste</span> <span class='ocrx_word' id='word_1_111' title='bbox 1010 1797 1175 1880; x_wconf 85' lang='lat' dir='ltr'>theologus</span> <span class='ocrx_word' id='word_1_112' title='bbox 1200 1797 1311 1863; x_wconf 87' lang='lat' dir='ltr'>maluit</span> <span class='ocrx_word' id='word_1_113' title='bbox 1335 1795 1420 1884; x_wconf 46' lang='lat' dir='ltr'>mibi,</span> <span class='ocrx_word' id='word_1_114' title='bbox 1445 1797 1613 1882; x_wconf 82' lang='lat' dir='ltr'>probitatis</span> 
     </span>
     <span class='ocr_line' id='line_1_15' title="bbox 308 1899 1612 1984; baseline -0.003 -18"><span class='ocrx_word' id='word_1_115' title='bbox 308 1900 435 1966; x_wconf 88' lang='lat' dir='ltr'>laudem</span> <span class='ocrx_word' id='word_1_116' title='bbox 456 1920 551 1984; x_wconf 88' lang='lat' dir='ltr'>quam</span> <span class='ocrx_word' id='word_1_117' title='bbox 573 1899 757 1965; x_wconf 88' lang='lat' dir='ltr'>divitiarum</span> <span class='ocrx_word' id='word_1_118' title='bbox 780 1901 958 1965; x_wconf 88' lang='lat' dir='ltr'>attribuere.</span> <span class='ocrx_word' id='word_1_119' title='bbox 1001 1900 1054 1964; x_wconf 91' lang='lat' dir='ltr'>Dii</span> <span class='ocrx_word' id='word_1_120' title='bbox 1074 1903 1208 1982; x_wconf 88' lang='lat' dir='ltr'>perdant</span> <span class='ocrx_word' id='word_1_121' title='bbox 1231 1900 1314 1964; x_wconf 89' lang='lat' dir='ltr'>buno</span> <span class='ocrx_word' id='word_1_122' title='bbox 1338 1900 1442 1983; x_wconf 90' lang='lat' dir='ltr'>ipsum</span> <span class='ocrx_word' id='word_1_123' title='bbox 1470 1899 1612 1962; x_wconf 82' lang='lat' dir='ltr'>stillum</span> 
     </span>
     <span class='ocr_line' id='line_1_16' title="bbox 308 2001 1612 2088; baseline -0.004 -18"><span class='ocrx_word' id='word_1_124' title='bbox 308 2003 439 2070; x_wconf 64' lang='lat' dir='ltr'>severit</span> <span class='ocrx_word' id='word_1_125' title='bbox 453 2002 633 2088; x_wconf 87' lang='lat' dir='ltr'>parocbum,</span> <span class='ocrx_word' id='word_1_126' title='bbox 653 2002 706 2084; x_wconf 91' lang='lat' dir='ltr'>qui</span> <span class='ocrx_word' id='word_1_127' title='bbox 722 2003 916 2066; x_wconf 84' lang='lat' dir='ltr'>adurensem</span> <span class='ocrx_word' id='word_1_128' title='bbox 930 2003 1029 2082; x_wconf 87' lang='lat' dir='ltr'>Pauli,</span> <span class='ocrx_word' id='word_1_129' title='bbox 1051 2001 1214 2086; x_wconf 76' lang='lat' dir='ltr'>episcopi⁵</span> <span class='ocrx_word' id='word_1_130' title='bbox 1235 2002 1333 2068; x_wconf 90' lang='lat' dir='ltr'>nostri</span> <span class='ocrx_word' id='word_1_131' title='bbox 1340 2015 1361 2082; x_wconf 79' lang='lat'>⁰,</span> <span class='ocrx_word' id='word_1_132' title='bbox 1383 2001 1465 2067; x_wconf 79' lang='lat' dir='ltr'>dixit</span> <span class='ocrx_word' id='word_1_133' title='bbox 1475 2019 1544 2066; x_wconf 81' lang='lat' dir='ltr'>raro</span> <span class='ocrx_word' id='word_1_134' title='bbox 1562 2021 1612 2065; x_wconf 89' lang='lat' dir='ltr'>me</span> 
     </span>
     <span class='ocr_line' id='line_1_17' title="bbox 308 2104 1612 2188; baseline -0.001 -19"><span class='ocrx_word' id='word_1_135' title='bbox 308 2105 460 2170; x_wconf 90' lang='lat' dir='ltr'>obtulisse</span> <span class='ocrx_word' id='word_1_136' title='bbox 482 2104 595 2188; x_wconf 89' lang='lat' dir='ltr'>stipem</span> <span class='ocrx_word' id='word_1_137' title='bbox 617 2104 789 2188; x_wconf 89' lang='lat' dir='ltr'>intemplo.</span> <span class='ocrx_word' id='word_1_138' title='bbox 833 2104 881 2167; x_wconf 88' lang='lat' dir='ltr'>Ad</span> <span class='ocrx_word' id='word_1_139' title='bbox 894 2105 1102 2188; x_wconf 87' lang='lat' dir='ltr'>propositum:</span> <span class='ocrx_word' id='word_1_140' title='bbox 1129 2104 1236 2188; x_wconf 82' lang='lat' dir='ltr'>Elige,</span> <span class='ocrx_word' id='word_1_141' title='bbox 1259 2105 1309 2170; x_wconf 88' lang='lat' dir='ltr'>cui</span> <span class='ocrx_word' id='word_1_142' title='bbox 1332 2105 1434 2169; x_wconf 86' lang='lat' dir='ltr'>dicas:</span> <span class='ocrx_word' id='word_1_143' title='bbox 1457 2104 1531 2183; x_wconf 84' lang='lat' dir='ltr'>„En</span> <span class='ocrx_word' id='word_1_144' title='bbox 1553 2104 1612 2168; x_wconf 91' lang='lat' dir='ltr'>tibi</span> 
     </span>
     <span class='ocr_line' id='line_1_18' title="bbox 308 2205 1615 2290; baseline 0 -20"><span class='ocrx_word' id='word_1_145' title='bbox 308 2205 522 2272; x_wconf 88' lang='lat' dir='ltr'>fideiussorem</span> <span class='ocrx_word' id='word_1_146' title='bbox 534 2206 739 2270; x_wconf 63' lang='lat' dir='ltr'>Murranum·</span> <span class='ocrx_word' id='word_1_147' title='bbox 781 2208 881 2290; x_wconf 81' lang='lat' dir='ltr'>Spero</span> <span class='ocrx_word' id='word_1_148' title='bbox 899 2205 992 2270; x_wconf 86' lang='lat' dir='ltr'>fidem</span> <span class='ocrx_word' id='word_1_149' title='bbox 1012 2215 1150 2270; x_wconf 87' lang='lat' dir='ltr'>nostram</span> <span class='ocrx_word' id='word_1_150' title='bbox 1173 2228 1235 2272; x_wconf 91' lang='lat' dir='ltr'>nou</span> <span class='ocrx_word' id='word_1_151' title='bbox 1257 2207 1430 2286; x_wconf 75' lang='lat' dir='ltr'>decoxisse,</span> <span class='ocrx_word' id='word_1_152' title='bbox 1451 2207 1510 2271; x_wconf 88' lang='lat' dir='ltr'>etsi</span> <span class='ocrx_word' id='word_1_153' title='bbox 1530 2206 1615 2271; x_wconf 87' lang='lat' dir='ltr'>desit</span> 
     </span>
     <span class='ocr_line' id='line_1_19' title="bbox 309 2307 1364 2393; baseline 0 -20"><span class='ocrx_word' id='word_1_154' title='bbox 309 2308 398 2384; x_wconf 92' lang='lat' dir='ltr'>illud,</span> <span class='ocrx_word' id='word_1_155' title='bbox 419 2308 651 2392; x_wconf 90' lang='lat' dir='ltr'>propterquod</span> <span class='ocrx_word' id='word_1_156' title='bbox 672 2307 832 2372; x_wconf 79' lang='lat' dir='ltr'>Scariotes</span> <span class='ocrx_word' id='word_1_157' title='bbox 854 2310 1013 2373; x_wconf 90' lang='lat' dir='ltr'>dominum</span> <span class='ocrx_word' id='word_1_158' title='bbox 1035 2308 1183 2393; x_wconf 91' lang='lat' dir='ltr'>prodidit.</span> <span class='ocrx_word' id='word_1_159' title='bbox 1227 2309 1311 2373; x_wconf 88' lang='lat' dir='ltr'>Vale.</span> <span class='ocrx_word' id='word_1_160' title='bbox 1360 2346 1364 2353; x_wconf 92' lang='lat'><strong>·</strong></span> 
     </span>
    </p>
   </div>
   <div class='ocr_carea' id='block_1_5' title="bbox 310 2431 1614 2562">
    <p class='ocr_par' dir='ltr' id='par_1_5' title="bbox 310 2431 1614 2562">
     <span class='ocr_line' id='line_1_20' title="bbox 380 2431 1614 2482; baseline -0.001 -4"><span class='ocrx_word' id='word_1_161' title='bbox 380 2431 559 2479; x_wconf 79' lang='lat' dir='ltr'>Haudschrit&#39;tl.</span> <span class='ocrx_word' id='word_1_162' title='bbox 579 2431 599 2476; x_wconf 89' lang='lat' dir='ltr'>F</span> <span class='ocrx_word' id='word_1_163' title='bbox 615 2431 648 2478; x_wconf 88' lang='grc'>90</span> <span class='ocrx_word' id='word_1_164' title='bbox 667 2431 708 2478; x_wconf 87' lang='lat' dir='ltr'>lul.</span> <span class='ocrx_word' id='word_1_165' title='bbox 724 2431 811 2479; x_wconf 77' lang='lat' dir='ltr'>esv-</span> <span class='ocrx_word' id='word_1_166' title='bbox 826 2433 884 2482; x_wconf 80' lang='lat' dir='ltr'>nur.</span> <span class='ocrx_word' id='word_1_167' title='bbox 930 2433 1005 2479; x_wconf 85' lang='lat' dir='ltr'>Gedr.</span> <span class='ocrx_word' id='word_1_168' title='bbox 1025 2434 1042 2479; x_wconf 94' lang='lat' dir='ltr'>b</span> <span class='ocrx_word' id='word_1_169' title='bbox 1069 2434 1102 2479; x_wconf 82' lang='lat' dir='ltr'>Tz</span> <span class='ocrx_word' id='word_1_170' title='bbox 1120 2435 1143 2482; x_wconf 81' lang='lat' dir='ltr'>S.</span> <span class='ocrx_word' id='word_1_171' title='bbox 1161 2433 1193 2480; x_wconf 82' lang='lat'>74</span> <span class='ocrx_word' id='word_1_172' title='bbox 1217 2449 1264 2478; x_wconf 78' lang='lat' dir='ltr'>eoo</span> <span class='ocrx_word' id='word_1_173' title='bbox 1281 2433 1373 2478; x_wconf 82' lang='lat' dir='ltr'>Notum</span> <span class='ocrx_word' id='word_1_174' title='bbox 1394 2431 1508 2478; x_wconf 86' lang='lat' dir='ltr'>omnibus</span> <span class='ocrx_word' id='word_1_175' title='bbox 1529 2431 1566 2478; x_wconf 79' lang='lat' dir='ltr'>bie</span> <span class='ocrx_word' id='word_1_176' title='bbox 1587 2431 1614 2477; x_wconf 83' lang='lat' dir='ltr'>in</span> 
     </span>
     <span class='ocr_line' id='line_1_21' title="bbox 310 2504 411 2562; baseline 0.01 -13"><span class='ocrx_word' id='word_1_177' title='bbox 310 2504 411 2562; x_wconf 87' lang='lat' dir='ltr'>templo.</span> 
     </span>
    </p>
   </div>
   <div class='ocr_carea' id='block_1_6' title="bbox 380 2592 1303 2670">
    <p class='ocr_par' dir='ltr' id='par_1_6' title="bbox 380 2592 1303 2670">
     <span class='ocr_line' id='line_1_22' title="bbox 380 2592 1303 2670; baseline 0.005 -17"><span class='ocrx_word' id='word_1_178' title='bbox 380 2603 432 2653; x_wconf 73' lang='lat' dir='ltr'>‘F</span> <span class='ocrx_word' id='word_1_179' title='bbox 448 2608 561 2655; x_wconf 71' lang='lat' dir='ltr'>maximo.</span> <span class='ocrx_word' id='word_1_180' title='bbox 634 2592 646 2628; x_wconf 77' lang='lat'>¹³</span> <span class='ocrx_word' id='word_1_181' title='bbox 665 2609 697 2652; x_wconf 72' lang='lat' dir='ltr'>Tu</span> <span class='ocrx_word' id='word_1_182' title='bbox 716 2609 830 2656; x_wconf 86' lang='lat' dir='ltr'>Frommu</span> <span class='ocrx_word' id='word_1_183' title='bbox 848 2609 936 2657; x_wconf 89' lang='lat' dir='ltr'>Lcuto.</span> <span class='ocrx_word' id='word_1_184' title='bbox 1007 2603 1019 2630; x_wconf 74' lang='lat'>⁰</span> <span class='ocrx_word' id='word_1_185' title='bbox 1039 2611 1072 2656; x_wconf 69' lang='lat' dir='ltr'>Tc</span> <span class='ocrx_word' id='word_1_186' title='bbox 1090 2611 1169 2656; x_wconf 79' lang='lat' dir='ltr'>nostri</span> <span class='ocrx_word' id='word_1_187' title='bbox 1187 2609 1303 2670; x_wconf 82' lang='lat' dir='ltr'>episcopi.</span> 
     </span>
    </p>
   </div>
   <div class='ocr_carea' id='block_1_7' title="bbox 309 2791 1614 2888">
    <p class='ocr_par' dir='ltr' id='par_1_7' title="bbox 309 2791 1614 2888">
     <span class='ocr_line' id='line_1_23' title="bbox 309 2791 1614 2888; baseline 0.002 -26"><span class='ocrx_word' id='word_1_188' title='bbox 309 2793 386 2862; x_wconf 74' lang='lat'>155.</span> <span class='ocrx_word' id='word_1_189' title='bbox 408 2791 453 2860; x_wconf 85' lang='lat' dir='ltr'>li.</span> <span class='ocrx_word' id='word_1_190' title='bbox 474 2811 520 2859; x_wconf 86' lang='lat' dir='ltr'>un</span> <span class='ocrx_word' id='word_1_191' title='bbox 541 2792 714 2876; x_wconf 76' lang='lat' dir='ltr'>spalatin.</span> <span class='ocrx_word' id='word_1_192' title='bbox 1349 2791 1614 2888; x_wconf 69' lang='lat' dir='ltr'>(docueruut).</span> 
     </span>
    </p>
   </div>
   <div class='ocr_carea' id='block_1_8' title="bbox 243 2915 1618 3175">
    <p class='ocr_par' dir='ltr' id='par_1_8' title="bbox 243 2915 1618 3175">
     <span class='ocr_line' id='line_1_24' title="bbox 386 2915 1618 2978; baseline -0.003 -14"><span class='ocrx_word' id='word_1_193' title='bbox 386 2917 449 2964; x_wconf 81' lang='lat' dir='ltr'>Mul.</span> <span class='ocrx_word' id='word_1_194' title='bbox 471 2919 573 2976; x_wconf 83' lang='lat' dir='ltr'>erztlhlt,</span> <span class='ocrx_word' id='word_1_195' title='bbox 592 2917 649 2962; x_wconf 83' lang='lat' dir='ltr'>dass</span> <span class='ocrx_word' id='word_1_196' title='bbox 668 2917 802 2978; x_wconf 69' lang='lat' dir='ltr'>Bellica-rar</span> <span class='ocrx_word' id='word_1_197' title='bbox 822 2917 952 2964; x_wconf 79' lang='lat' dir='ltr'>Fabricius</span> <span class='ocrx_word' id='word_1_198' title='bbox 970 2918 1013 2964; x_wconf 80' lang='lat' dir='ltr'>ibn</span> <span class='ocrx_word' id='word_1_199' title='bbox 1034 2919 1139 2965; x_wconf 87' lang='lat' dir='ltr'>besucbt</span> <span class='ocrx_word' id='word_1_200' title='bbox 1159 2919 1222 2965; x_wconf 85' lang='lat' dir='ltr'>babs</span> <span class='ocrx_word' id='word_1_201' title='bbox 1241 2918 1293 2966; x_wconf 89' lang='lat' dir='ltr'>und</span> <span class='ocrx_word' id='word_1_202' title='bbox 1311 2919 1394 2976; x_wconf 76' lang='lat' dir='ltr'>klngt,</span> <span class='ocrx_word' id='word_1_203' title='bbox 1414 2915 1470 2962; x_wconf 78' lang='lat' dir='ltr'>desa</span> <span class='ocrx_word' id='word_1_204' title='bbox 1488 2916 1528 2962; x_wconf 90' lang='lat' dir='ltr'>die</span> <span class='ocrx_word' id='word_1_205' title='bbox 1547 2915 1618 2961; x_wconf 85' lang='lat' dir='ltr'>Briei</span> 
     </span>
     <span class='ocr_line' id='line_1_25' title="bbox 254 2986 1616 3048; baseline -0.003 -13"><span class='ocrx_word' id='word_1_206' title='bbox 254 3001 259 3010; x_wconf 91' lang='grc'><strong><em>·</em></strong></span> <span class='ocrx_word' id='word_1_207' title='bbox 311 2993 394 3048; x_wconf 74' lang='lat' dir='ltr'>triiger</span> <span class='ocrx_word' id='word_1_208' title='bbox 419 3003 446 3034; x_wconf 84' lang='lat' dir='ltr'>so</span> <span class='ocrx_word' id='word_1_209' title='bbox 472 2988 536 3034; x_wconf 77' lang='lat' dir='ltr'>holte</span> <span class='ocrx_word' id='word_1_210' title='bbox 554 2987 732 3045; x_wconf 79' lang='lat' dir='ltr'>Fordernngen</span> <span class='ocrx_word' id='word_1_211' title='bbox 763 2989 802 3032; x_wconf 80' lang='lat' dir='ltr'>tilr</span> <span class='ocrx_word' id='word_1_212' title='bbox 826 2987 879 3034; x_wconf 84' lang='lat' dir='ltr'>ihre</span> <span class='ocrx_word' id='word_1_213' title='bbox 898 2989 1075 3048; x_wconf 62' lang='lat' dir='ltr'>Besorgungen</span> <span class='ocrx_word' id='word_1_214' title='bbox 1100 2991 1199 3041; x_wconf 85' lang='lat' dir='ltr'>stelion,</span> <span class='ocrx_word' id='word_1_215' title='bbox 1244 2989 1278 3034; x_wconf 84' lang='lat' dir='ltr'>Er</span> <span class='ocrx_word' id='word_1_216' title='bbox 1299 2987 1427 3047; x_wconf 86' lang='lat' dir='ltr'>bespricht</span> <span class='ocrx_word' id='word_1_217' title='bbox 1452 2987 1493 3032; x_wconf 86' lang='lat' dir='ltr'>die</span> <span class='ocrx_word' id='word_1_218' title='bbox 1510 2986 1616 3032; x_wconf 77' lang='lat' dir='ltr'>Absielrt</span> 
     </span>
     <span class='ocr_line' id='line_1_26' title="bbox 243 3055 1616 3126; baseline -0.004 -19"><span class='ocrx_word' id='word_1_219' title='bbox 243 3076 247 3086; x_wconf 85' lang='lat'>·</span> <span class='ocrx_word' id='word_1_220' title='bbox 311 3058 445 3120; x_wconf 83' lang='lat' dir='ltr'>Spelatins,</span> <span class='ocrx_word' id='word_1_221' title='bbox 466 3057 519 3104; x_wconf 86' lang='lat' dir='ltr'>sich</span> <span class='ocrx_word' id='word_1_222' title='bbox 537 3057 581 3104; x_wconf 84' lang='lat' dir='ltr'>dus</span> <span class='ocrx_word' id='word_1_223' title='bbox 593 3057 740 3115; x_wconf 79' lang='lat' dir='ltr'>juristische</span> <span class='ocrx_word' id='word_1_224' title='bbox 760 3057 904 3104; x_wconf 82' lang='lat' dir='ltr'>Buculariut</span> <span class='ocrx_word' id='word_1_225' title='bbox 925 3073 956 3105; x_wconf 84' lang='lat' dir='ltr'>zu</span> <span class='ocrx_word' id='word_1_226' title='bbox 974 3060 1100 3106; x_wconf 80' lang='lat' dir='ltr'>ermerben</span> <span class='ocrx_word' id='word_1_227' title='bbox 1122 3061 1172 3106; x_wconf 89' lang='lat' dir='ltr'>und</span> <span class='ocrx_word' id='word_1_228' title='bbox 1194 3063 1289 3106; x_wconf 83' lang='lat' dir='ltr'>iiussert</span> <span class='ocrx_word' id='word_1_229' title='bbox 1306 3059 1376 3106; x_wconf 79' lang='lat' dir='ltr'>seinte</span> <span class='ocrx_word' id='word_1_230' title='bbox 1395 3055 1616 3126; x_wconf 48' lang='lat' dir='ltr'>Unzuirlsvnbeit</span> 
     </span>
     <span class='ocr_line' id='line_1_27' title="bbox 310 3127 719 3175; baseline -0.002 0"><span class='ocrx_word' id='word_1_231' title='bbox 310 3129 356 3175; x_wconf 88' lang='lat' dir='ltr'>mit</span> <span class='ocrx_word' id='word_1_232' title='bbox 374 3127 462 3174; x_wconf 83' lang='lat' dir='ltr'>dassen</span> <span class='ocrx_word' id='word_1_233' title='bbox 482 3127 719 3174; x_wconf 75' lang='lat' dir='ltr'>Unterrielrtsweise.</span> 
     </span>
    </p>
   </div>
   <div class='ocr_carea' id='block_1_9' title="bbox 309 3211 1616 3702">
    <p class='ocr_par' dir='ltr' id='par_1_9' title="bbox 389 3211 1075 3294">
     <span class='ocr_line' id='line_1_28' title="bbox 389 3211 1075 3294; baseline 0.004 -17"><span class='ocrx_word' id='word_1_234' title='bbox 389 3213 527 3294; x_wconf 82' lang='lat' dir='ltr'>Georgio</span> <span class='ocrx_word' id='word_1_235' title='bbox 548 3211 764 3294; x_wconf 85' lang='lat' dir='ltr'>Spalatino</span> <span class='ocrx_word' id='word_1_236' title='bbox 787 3211 948 3278; x_wconf 85' lang='lat' dir='ltr'>Mutiauus</span> <span class='ocrx_word' id='word_1_237' title='bbox 969 3214 1075 3280; x_wconf 76' lang='lat' dir='ltr'>Rufus.</span> 
     </span>
    </p>

    <p class='ocr_par' dir='ltr' id='par_1_10' title="bbox 309 3311 1616 3702">
     <span class='ocr_line' id='line_1_29' title="bbox 389 3311 1614 3399; baseline -0.002 -20"><span class='ocrx_word' id='word_1_238' title='bbox 389 3315 421 3380; x_wconf 90' lang='lat' dir='ltr'>S.</span> <span class='ocrx_word' id='word_1_239' title='bbox 452 3312 572 3396; x_wconf 86' lang='lat' dir='ltr'>Accepi</span> <span class='ocrx_word' id='word_1_240' title='bbox 587 3311 697 3376; x_wconf 85' lang='lat' dir='ltr'>literas</span> <span class='ocrx_word' id='word_1_241' title='bbox 708 3319 788 3389; x_wconf 85' lang='lat' dir='ltr'>tuas,</span> <span class='ocrx_word' id='word_1_242' title='bbox 806 3313 837 3376; x_wconf 90' lang='lat' dir='ltr'>in</span> <span class='ocrx_word' id='word_1_243' title='bbox 850 3315 965 3396; x_wconf 93' lang='lat' dir='ltr'>quibus</span> <span class='ocrx_word' id='word_1_244' title='bbox 976 3315 1183 3399; x_wconf 82' lang='lat' dir='ltr'>significabas</span> <span class='ocrx_word' id='word_1_245' title='bbox 1195 3316 1293 3381; x_wconf 80' lang='lat' dir='ltr'>iuuisse</span> <span class='ocrx_word' id='word_1_246' title='bbox 1304 3315 1388 3399; x_wconf 87' lang='lat' dir='ltr'>apud</span> <span class='ocrx_word' id='word_1_247' title='bbox 1401 3323 1432 3380; x_wconf 88' lang='lat' dir='ltr'>te</span> <span class='ocrx_word' id='word_1_248' title='bbox 1442 3314 1614 3393; x_wconf 89' lang='lat' dir='ltr'>Urbanum,</span> 
     </span>
     <span class='ocr_line' id='line_1_30' title="bbox 311 3415 1616 3500; baseline -0.002 -20"><span class='ocrx_word' id='word_1_249' title='bbox 311 3415 364 3499; x_wconf 92' lang='lat' dir='ltr'>qui</span> <span class='ocrx_word' id='word_1_250' title='bbox 376 3415 487 3480; x_wconf 87' lang='lat' dir='ltr'>merito</span> <span class='ocrx_word' id='word_1_251' title='bbox 497 3415 665 3498; x_wconf 88' lang='lat' dir='ltr'>primatum</span> <span class='ocrx_word' id='word_1_252' title='bbox 681 3422 768 3479; x_wconf 90' lang='lat' dir='ltr'>tenet</span> <span class='ocrx_word' id='word_1_253' title='bbox 785 3415 867 3479; x_wconf 91' lang='lat' dir='ltr'>inter</span> <span class='ocrx_word' id='word_1_254' title='bbox 878 3416 997 3481; x_wconf 87' lang='lat' dir='ltr'>amicos</span> <span class='ocrx_word' id='word_1_255' title='bbox 1011 3417 1182 3500; x_wconf 87' lang='lat' dir='ltr'>sapientes.</span> <span class='ocrx_word' id='word_1_256' title='bbox 1224 3416 1326 3481; x_wconf 89' lang='lat' dir='ltr'>Huius</span> <span class='ocrx_word' id='word_1_257' title='bbox 1337 3416 1469 3480; x_wconf 89' lang='lat' dir='ltr'>consilio</span> <span class='ocrx_word' id='word_1_258' title='bbox 1481 3415 1508 3480; x_wconf 92' lang='lat' dir='ltr'>si</span> <span class='ocrx_word' id='word_1_259' title='bbox 1521 3423 1552 3479; x_wconf 90' lang='lat' dir='ltr'>to</span> <span class='ocrx_word' id='word_1_260' title='bbox 1565 3434 1616 3478; x_wconf 88' lang='lat' dir='ltr'>ac·</span> 
     </span>
     <span class='ocr_line' id='line_1_31' title="bbox 310 3515 1615 3602; baseline -0.003 -20"><span class='ocrx_word' id='word_1_261' title='bbox 310 3515 479 3600; x_wconf 83' lang='lat' dir='ltr'>quieveris,</span> <span class='ocrx_word' id='word_1_262' title='bbox 500 3515 580 3579; x_wconf 90' lang='lat' dir='ltr'>nibil</span> <span class='ocrx_word' id='word_1_263' title='bbox 592 3523 649 3596; x_wconf 91' lang='lat' dir='ltr'>est,</span> <span class='ocrx_word' id='word_1_264' title='bbox 671 3516 753 3598; x_wconf 91' lang='lat' dir='ltr'>quod</span> <span class='ocrx_word' id='word_1_265' title='bbox 767 3515 888 3582; x_wconf 88' lang='lat' dir='ltr'>timeas.</span> <span class='ocrx_word' id='word_1_266' title='bbox 920 3518 1102 3583; x_wconf 83' lang='lat' dir='ltr'>Arbitratur</span> <span class='ocrx_word' id='word_1_267' title='bbox 1115 3519 1198 3584; x_wconf 86' lang='lat' dir='ltr'>enirn</span> <span class='ocrx_word' id='word_1_268' title='bbox 1210 3519 1346 3584; x_wconf 87' lang='lat' dir='ltr'>abomui</span> <span class='ocrx_word' id='word_1_269' title='bbox 1359 3518 1409 3582; x_wconf 89' lang='lat' dir='ltr'>vel</span> <span class='ocrx_word' id='word_1_270' title='bbox 1421 3518 1529 3602; x_wconf 84' lang='lat' dir='ltr'>speeie</span> <span class='ocrx_word' id='word_1_271' title='bbox 1540 3516 1615 3578; x_wconf 88' lang='lat' dir='ltr'>mali</span> 
     </span>
     <span class='ocr_line' id='line_1_32' title="bbox 309 3609 1616 3702; baseline -0.003 -18"><span class='ocrx_word' id='word_1_272' title='bbox 309 3609 532 3684; x_wconf 84' lang='lat' dir='ltr'>abstinendum</span> <span class='ocrx_word' id='word_1_273' title='bbox 559 3635 629 3682; x_wconf 89' lang='lat' dir='ltr'>esse</span> <span class='ocrx_word' id='word_1_274' title='bbox 650 3617 822 3682; x_wconf 87' lang='lat' dir='ltr'>secundum</span> <span class='ocrx_word' id='word_1_275' title='bbox 844 3619 979 3702; x_wconf 89' lang='lat' dir='ltr'>apostoli</span> <span class='ocrx_word' id='word_1_276' title='bbox 1000 3621 1206 3686; x_wconf 77' lang='lat' dir='ltr'>sentenciam.</span> <span class='ocrx_word' id='word_1_277' title='bbox 1246 3619 1433 3684; x_wconf 73' lang='lat' dir='ltr'>Pnaccuust</span> <span class='ocrx_word' id='word_1_278' title='bbox 1458 3617 1544 3702; x_wconf 85' lang='lat' dir='ltr'>apud</span> <span class='ocrx_word' id='word_1_279' title='bbox 1565 3635 1616 3680; x_wconf 87' lang='lat' dir='ltr'>me</span> 
     </span>
    </p>
   </div>
   <div class='ocr_carea' id='block_1_10' title="bbox 308 3847 1317 4098">
    <p class='ocr_par' dir='ltr' id='par_1_11' title="bbox 308 3847 1317 4098">
     <span class='ocr_line' id='line_1_33' title="bbox 375 3847 656 3920; baseline 0.004 -16"><span class='ocrx_word' id='word_1_280' title='bbox 375 3847 388 3890; x_wconf 85' lang='lat'>1</span> <span class='ocrx_word' id='word_1_281' title='bbox 409 3851 515 3906; x_wconf 89' lang='lat' dir='ltr'>Tibull.</span> <span class='ocrx_word' id='word_1_282' title='bbox 531 3849 594 3920; x_wconf 80' lang='lat' dir='ltr'>1,e.</span> <span class='ocrx_word' id='word_1_283' title='bbox 610 3849 656 3905; x_wconf 87' lang='grc'>34.</span> 
     </span>
     <span class='ocr_line' id='line_1_34' title="bbox 308 3924 1188 4003; baseline -0.002 -17"><span class='ocrx_word' id='word_1_284' title='bbox 308 3924 314 3936; x_wconf 82' lang='lat'>&#39;</span> <span class='ocrx_word' id='word_1_285' title='bbox 372 3925 387 3970; x_wconf 75' lang='lat'>2</span> <span class='ocrx_word' id='word_1_286' title='bbox 407 3929 550 4000; x_wconf 81' lang='lat' dir='ltr'>Martialis,</span> <span class='ocrx_word' id='word_1_287' title='bbox 569 3929 777 4003; x_wconf 78' lang='lat' dir='ltr'>Epigrammata</span> <span class='ocrx_word' id='word_1_288' title='bbox 795 3931 846 4000; x_wconf 86' lang='lat' dir='ltr'>IX,</span> <span class='ocrx_word' id='word_1_289' title='bbox 856 3929 906 4002; x_wconf 79' lang='lat'>46,</span> <span class='ocrx_word' id='word_1_290' title='bbox 920 3930 978 3984; x_wconf 89' lang='grc'>1-</span> <span class='ocrx_word' id='word_1_291' title='bbox 989 3930 1007 3984; x_wconf 75' lang='lat'><strong>2</strong></span> <span class='ocrx_word' id='word_1_292' title='bbox 1019 3931 1076 3985; x_wconf 90' lang='lat' dir='ltr'>und</span> <span class='ocrx_word' id='word_1_293' title='bbox 1087 3930 1188 3984; x_wconf 78' lang='lat'>5-62</span> 
     </span>
     <span class='ocr_line' id='line_1_35' title="bbox 592 4025 1317 4098; baseline -0.001 -15"><span class='ocrx_word' id='word_1_294' title='bbox 592 4025 701 4083; x_wconf 82' lang='lat' dir='ltr'>Gellius</span> <span class='ocrx_word' id='word_1_295' title='bbox 721 4027 848 4085; x_wconf 85' lang='lat' dir='ltr'>aedificat</span> <span class='ocrx_word' id='word_1_296' title='bbox 869 4045 990 4098; x_wconf 88' lang='lat' dir='ltr'>semper:</span> <span class='ocrx_word' id='word_1_297' title='bbox 1012 4029 1095 4082; x_wconf 89' lang='lat' dir='ltr'>modo</span> <span class='ocrx_word' id='word_1_298' title='bbox 1115 4027 1214 4081; x_wconf 86' lang='lat' dir='ltr'>limina</span> <span class='ocrx_word' id='word_1_299' title='bbox 1229 4028 1317 4098; x_wconf 90' lang='lat' dir='ltr'>ponit,</span> 
     </span>
    </p>
   </div>
   <div class='ocr_carea' id='block_1_11' title="bbox 553 4107 1229 4179">
    <p class='ocr_par' dir='ltr' id='par_1_12' title="bbox 553 4107 1229 4179">
     <span class='ocr_line' id='line_1_36' title="bbox 553 4107 1229 4179; baseline 0 -17"><span class='ocrx_word' id='word_1_300' title='bbox 553 4107 635 4164; x_wconf 88' lang='lat' dir='ltr'>Nunc</span> <span class='ocrx_word' id='word_1_301' title='bbox 656 4108 763 4164; x_wconf 86' lang='lat' dir='ltr'>foribus</span> <span class='ocrx_word' id='word_1_302' title='bbox 787 4109 878 4164; x_wconf 86' lang='lat' dir='ltr'>clares</span> <span class='ocrx_word' id='word_1_303' title='bbox 899 4114 978 4177; x_wconf 86' lang='lat' dir='ltr'>aptat</span> <span class='ocrx_word' id='word_1_304' title='bbox 997 4109 1120 4179; x_wconf 87' lang='lat' dir='ltr'>emitque</span> <span class='ocrx_word' id='word_1_305' title='bbox 1142 4123 1229 4179; x_wconf 79' lang='lat' dir='ltr'>seras3</span> 
     </span>
    </p>
   </div>
   <div class='ocr_carea' id='block_1_12' title="bbox 554 4187 1198 4338">
    <p class='ocr_par' dir='ltr' id='par_1_13' title="bbox 554 4187 1198 4338">
     <span class='ocr_line' id='line_1_37' title="bbox 554 4187 1182 4258; baseline 0.002 -16"><span class='ocrx_word' id='word_1_306' title='bbox 554 4187 652 4244; x_wconf 84' lang='lat' dir='ltr'>Oranti</span> <span class='ocrx_word' id='word_1_307' title='bbox 672 4206 800 4244; x_wconf 87' lang='lat' dir='ltr'>nummos</span> <span class='ocrx_word' id='word_1_308' title='bbox 817 4193 849 4242; x_wconf 91' lang='lat' dir='ltr'>ut</span> <span class='ocrx_word' id='word_1_309' title='bbox 870 4187 962 4242; x_wconf 86' lang='lat' dir='ltr'>dicere</span> <span class='ocrx_word' id='word_1_310' title='bbox 983 4188 1072 4258; x_wconf 86' lang='lat' dir='ltr'>possit</span> <span class='ocrx_word' id='word_1_311' title='bbox 1090 4188 1182 4243; x_wconf 83' lang='lat' dir='ltr'>amico</span> 
     </span>
     <span class='ocr_line' id='line_1_38' title="bbox 555 4266 1198 4338; baseline 0.002 -15"><span class='ocrx_word' id='word_1_312' title='bbox 555 4268 650 4324; x_wconf 91' lang='lat' dir='ltr'>Unum</span> <span class='ocrx_word' id='word_1_313' title='bbox 673 4269 743 4323; x_wconf 92' lang='lat' dir='ltr'>illud</span> <span class='ocrx_word' id='word_1_314' title='bbox 763 4267 878 4322; x_wconf 84' lang='lat' dir='ltr'>verbum</span> <span class='ocrx_word' id='word_1_315' title='bbox 899 4267 1008 4322; x_wconf 84' lang='lat' dir='ltr'>Gellius</span> <span class='ocrx_word' id='word_1_316' title='bbox 1026 4266 1198 4338; x_wconf 84' lang='lat' dir='ltr'>,‚Aedifico.“</span> 
     </span>
    </p>
   </div>
   <div class='ocr_carea' id='block_1_13' title="bbox 374 4364 1615 4685">
    <p class='ocr_par' dir='ltr' id='par_1_14' title="bbox 374 4364 1409 4441">
     <span class='ocr_line' id='line_1_39' title="bbox 374 4364 1409 4441; baseline 0.003 -18"><span class='ocrx_word' id='word_1_317' title='bbox 374 4364 651 4425; x_wconf 79' lang='lat' dir='ltr'>³Wehrsebeinlieb</span> <span class='ocrx_word' id='word_1_318' title='bbox 671 4370 720 4424; x_wconf 88' lang='lat' dir='ltr'>der</span> <span class='ocrx_word' id='word_1_319' title='bbox 741 4369 873 4424; x_wconf 82' lang='lat' dir='ltr'>Famulus</span> <span class='ocrx_word' id='word_1_320' title='bbox 894 4368 1024 4424; x_wconf 80' lang='lat' dir='ltr'>Mutians,</span> <span class='ocrx_word' id='word_1_321' title='bbox 1065 4369 1315 4441; x_wconf 79' lang='lat' dir='ltr'>vgtBr.13.35</span> <span class='ocrx_word' id='word_1_322' title='bbox 1336 4390 1361 4426; x_wconf 93' lang='lat' dir='ltr'>u.</span> <span class='ocrx_word' id='word_1_323' title='bbox 1383 4390 1409 4427; x_wconf 81' lang='lat' dir='ltr'>a,</span> 
     </span>
    </p>

    <p class='ocr_par' dir='ltr' id='par_1_15' title="bbox 375 4445 1465 4507">
     <span class='ocr_line' id='line_1_40' title="bbox 375 4445 1465 4507; baseline 0.004 -5"><span class='ocrx_word' id='word_1_324' title='bbox 375 4445 390 4487; x_wconf 78' lang='lat'><strong>⁴</strong></span> <span class='ocrx_word' id='word_1_325' title='bbox 411 4449 465 4502; x_wconf 89' lang='lat' dir='ltr'>Die</span> <span class='ocrx_word' id='word_1_326' title='bbox 486 4449 612 4503; x_wconf 80' lang='lat' dir='ltr'>Erfurter</span> <span class='ocrx_word' id='word_1_327' title='bbox 632 4449 810 4504; x_wconf 82' lang='lat' dir='ltr'>Stiftskirohe</span> <span class='ocrx_word' id='word_1_328' title='bbox 831 4467 864 4503; x_wconf 84' lang='lat' dir='ltr'>zu</span> <span class='ocrx_word' id='word_1_329' title='bbox 885 4447 924 4504; x_wconf 74' lang='lat' dir='ltr'>St</span> <span class='ocrx_word' id='word_1_330' title='bbox 945 4447 1029 4504; x_wconf 82' lang='lat' dir='ltr'>Seuer</span> <span class='ocrx_word' id='word_1_331' title='bbox 1049 4450 1086 4504; x_wconf 89' lang='lat' dir='ltr'>ist</span> <span class='ocrx_word' id='word_1_332' title='bbox 1105 4451 1236 4505; x_wconf 88' lang='lat' dir='ltr'>darunter</span> <span class='ocrx_word' id='word_1_333' title='bbox 1258 4469 1292 4504; x_wconf 86' lang='lat' dir='ltr'>zu</span> <span class='ocrx_word' id='word_1_334' title='bbox 1313 4454 1465 4507; x_wconf 84' lang='lat' dir='ltr'>versteheu.</span> 
     </span>
    </p>

    <p class='ocr_par' dir='ltr' id='par_1_16' title="bbox 374 4523 1155 4601">
     <span class='ocr_line' id='line_1_41' title="bbox 374 4523 1155 4601; baseline 0.001 -20"><span class='ocrx_word' id='word_1_335' title='bbox 374 4523 389 4566; x_wconf 74' lang='lat'>⁵</span> <span class='ocrx_word' id='word_1_336' title='bbox 410 4527 514 4582; x_wconf 85' lang='lat' dir='ltr'>Paulus</span> <span class='ocrx_word' id='word_1_337' title='bbox 534 4529 687 4586; x_wconf 88' lang='lat' dir='ltr'>Huthener.</span> <span class='ocrx_word' id='word_1_338' title='bbox 724 4530 789 4601; x_wconf 87' lang='lat' dir='ltr'>Vgl.</span> <span class='ocrx_word' id='word_1_339' title='bbox 812 4528 857 4587; x_wconf 93' lang='lat' dir='ltr'>Br.</span> <span class='ocrx_word' id='word_1_340' title='bbox 873 4529 912 4582; x_wconf 80' lang='lat'>24</span> <span class='ocrx_word' id='word_1_341' title='bbox 933 4528 960 4585; x_wconf 88' lang='lat' dir='ltr'>S.</span> <span class='ocrx_word' id='word_1_342' title='bbox 975 4529 1012 4584; x_wconf 88' lang='grc'>33</span> <span class='ocrx_word' id='word_1_343' title='bbox 1034 4529 1115 4585; x_wconf 84' lang='lat' dir='ltr'>Aum.</span> <span class='ocrx_word' id='word_1_344' title='bbox 1127 4529 1155 4583; x_wconf 83' lang='lat'>4.</span> 
     </span>
    </p>

    <p class='ocr_par' dir='ltr' id='par_1_17' title="bbox 376 4603 1615 4685">
     <span class='ocr_line' id='line_1_42' title="bbox 376 4603 1615 4685; baseline 0.005 -22"><span class='ocrx_word' id='word_1_345' title='bbox 376 4603 390 4647; x_wconf 79' lang='lat'><strong>⁶</strong></span> <span class='ocrx_word' id='word_1_346' title='bbox 411 4607 556 4664; x_wconf 84' lang='lat' dir='ltr'>Balthusar</span> <span class='ocrx_word' id='word_1_347' title='bbox 570 4609 713 4665; x_wconf 79' lang='lat' dir='ltr'>Fabricius</span> <span class='ocrx_word' id='word_1_348' title='bbox 724 4610 758 4665; x_wconf 90' lang='lat' dir='ltr'>de</span> <span class='ocrx_word' id='word_1_349' title='bbox 769 4609 844 4665; x_wconf 85' lang='lat' dir='ltr'>Fach</span> <span class='ocrx_word' id='word_1_350' title='bbox 867 4609 907 4682; x_wconf 88' lang='lat' dir='ltr'>(iu</span> <span class='ocrx_word' id='word_1_351' title='bbox 920 4608 1049 4683; x_wconf 73' lang='lat' dir='ltr'>diessen),</span> <span class='ocrx_word' id='word_1_352' title='bbox 1071 4611 1122 4666; x_wconf 84' lang='lat' dir='ltr'>wie</span> <span class='ocrx_word' id='word_1_353' title='bbox 1139 4611 1188 4665; x_wconf 88' lang='lat' dir='ltr'>ibn</span> <span class='ocrx_word' id='word_1_354' title='bbox 1204 4612 1249 4666; x_wconf 91' lang='lat' dir='ltr'>die</span> <span class='ocrx_word' id='word_1_355' title='bbox 1257 4611 1466 4685; x_wconf 84' lang='lat' dir='ltr'>Wittenberger</span> <span class='ocrx_word' id='word_1_356' title='bbox 1476 4611 1615 4668; x_wconf 85' lang='lat' dir='ltr'>Mutrikcl.</span> 
     </span>
    </p>
   </div>
   <div class='ocr_carea' id='block_1_14' title="bbox 0 0 1826 5192">
    <p class='ocr_par' dir='ltr' id='par_1_18' title="bbox 0 0 1826 5192">
     <span class='ocr_line' id='line_1_43' title="bbox 0 0 1826 5192; baseline 0 0"><span class='ocrx_word' id='word_1_357' title='bbox 0 0 1826 5192; x_wconf 95' lang='lat' dir='ltr'> </span> 
     </span>
    </p>
   </div>
  </div>
 </body>
</html>
