3625 5192
308 350 342 405 92
678 348 938 420 Gosehicbtsquellen
955 350 1004 405 der
1021 350 1095 405 Pron.
1114 350 1237 407 Secbssn.

308 518 326 563 e
348 499 483 581 vestigio
503 519 575 564 reus
598 498 686 565 lieret
707 499 880 565 ineluibilis
900 500 1003 584 culpe.
1045 500 1132 565 Bene
1152 500 1266 565 suadet
1286 500 1474 579 senecaitl:
1498 499 1611 581 „Quod

309 604 440 668 tacitum
462 622 532 668 esse
557 603 622 677 vis,
648 603 766 668 nemini
787 602 931 668 dixeris“
959 608 990 668 et
1013 602 1193 668 Tibulluslz
1217 601 1297 684 „Qui
1326 602 1425 683 sapit,
1453 602 1485 666 in
1517 608 1613 669 tacito

307 704 448 785 gaudeat
468 706 523 771 ille
543 705 645 771 sinu.“
686 706 900 789 Propertius2:
929 706 989 787 „ln
1011 706 1108 771 tacito
1130 705 1243 770 cobibe
1262 704 1383 785 gaudia
1404 705 1492 770 cluse
1511 706 1612 771 sinu.“

307 809 480 876 Ovidium:
502 808 675 892 ,d'recipue
688 808 845 891 Cytherea
858 808 945 874 iubet
966 827 1024 873 sua
1042 808 1126 873 turta
1149 808 1268 871 taceri“
1289 814 1321 871 et
1335 807 1449 872 alibilr
1472 807 1613 889 „Persen

308 910 368 976 erit
394 911 479 975 luero
507 909 619 994 lingua
645 918 768 976 retenta
793 912 876 976 tu0.“
923 912 980 975 Sin
1015 916 1120 989 autem
1151 910 1222 991 quis
1258 911 1435 976 clanculum
1460 910 1612 977 Norianis

307 1013 438 1079 auribus
458 1013 628 1078 instillaret
648 1013 709 1078 bec
728 1014 840 1078 verba:
869 1012 979 1087 Pater,
1003 1013 1145 1096 peceavi,
1166 1010 1341 1077 Matianum
1363 1020 1395 1077 et
1412 1012 1611 1097 Spoletinum

307 1120 340 1179 et
361 1116 523 1181 Urbanum
545 1116 657 1197 derisi,
684 1115 833 1181 convitiis
857 1116 948 1181 falsis
972 1115 1120 1194 adobrui,
1149 1114 1281 1198 perdere
1310 1121 1342 1179 et
1362 1114 1491 1196 exigere
1517 1115 1612 1196 volui,

308 1218 501 1282 tumdiceret
523 1216 652 1298 „tmdus
662 1217 833 1283 abdomine
845 1217 1008 1282 venter·“⁵:
1032 1217 1121 1281 Nihil
1133 1216 1283 1300 peccasti,
1303 1216 1456 1281 invenisti
1476 1219 1611 1299 gratiam

307 1321 394 1405 apud
416 1320 593 1385 Dominum.
635 1319 826 1386 Ot'raudem
847 1322 1020 1386 sacrorum!
1063 1320 1233 1384 Horatius6
1255 1318 1405 1403 precipit:
1426 1321 1610 1396 „Arcanum

308 1442 409 1506 neque
430 1428 464 1487 tu
485 1422 677 1487 scrutaberis
698 1422 794 1487 ullius
820 1422 988 1504 unqnanr.“
1031 1422 1079 1486 Tu
1108 1423 1157 1487 vis
1185 1422 1267 1487 scire
1293 1428 1416 1487 secretu
1441 1424 1611 1503 bominum,

307 1532 342 1589 ut
371 1544 486 1589 noceas
505 1530 537 1588 et
557 1532 700 1605 questum
726 1524 835 1589 facias.
882 1524 955 1589 Non
981 1524 1075 1589 credo
1101 1524 1217 1589 Stoicis
1243 1524 1322 1589 istis.
1366 1524 1496 1604 „Fronti
1524 1525 1611 1592 nulla

307 1626 393 1693 tides.
435 1627 515 1704 Quis
536 1627 621 1692 enim
641 1628 802 1691 nonvicus
823 1626 966 1691 abundat
987 1626 1129 1691 tristibus
1150 1626 1360 1691 obscenis?“⁷
1401 1626 1475 1692 Plus
1496 1647 1611 1710 peccas

306 1728 494 1795 confitendo.
536 1728 620 1807 Quid
642 1729 725 1794 bunc
745 1727 873 1813 putabis
893 1728 1070 1807 taciturum,
1092 1729 1147 1811 qui
1167 1727 1293 1812 publice
1315 1729 1466 1794 damnat⁸
1487 1750 1545 1794 nos
1566 1730 1610 1794 in-

308 1838 458 1897 nocentes
480 1852 502 1897 a
521 1839 619 1912 tergo.
662 1832 830 1897 Neminem
846 1839 979 1912 veretur,
1000 1831 1173 1896 contemnit
1193 1850 1309 1896 omnes.
1352 1832 1518 1897 Neminem
1540 1832 1611 1896 dili·

306 1936 355 2018 git
375 1934 436 1998 nisi
462 1933 622 1999 conscium
651 1934 717 1999 vite
742 1933 1006 2015 inquinatissima
1049 1933 1128 2011 Quis
1155 1934 1320 1998 mirabitur
1346 1934 1440 1999 istum
1466 1935 1611 2016 gloriam,

306 2037 334 2102 si
362 2056 424 2102 non
451 2036 558 2120 potins
583 2044 632 2101 est
655 2036 853 2102 ostentacic?
901 2034 1012 2101 Facile
1043 2044 1092 2100 est
1123 2035 1249 2099 rusticis
1278 2036 1459 2119 imponere,
1496 2036 1611 2118 quibus

306 2147 414 2222 pastor
444 2140 567 2224 prefuit.
623 2138 770 2204 Urbanos
797 2137 973 2221 Medosque
1003 2158 1064 2203 non
1098 2139 1144 2201 ita
1182 2138 1279 2203 t'allet.
1333 2137 1507 2202 Contrabat
1536 2157 1610 2203 suas

307 2241 449 2323 legiones
470 2248 503 2306 et
524 2240 663 2320 auxilia,
691 2241 792 2304 minor
814 2248 919 2305 tamen
945 2241 1005 2305 erit
1025 2240 1164 2324 presidio
1184 2245 1299 2305 nostro.
1347 2240 1524 2325 Arripietur
1543 2247 1611 2305 tan-

305 2340 378 2407 dern
406 2345 438 2407 in
466 2344 676 2426 preindicium
701 2351 734 2407 et
758 2362 829 2408 rens
855 2343 1020 2408 sentencie
1041 2343 1191 2407 bonorum
1219 2348 1396 2426 peragetur.
1444 2342 1511 2407 Nos
1546 2362 1610 2407 nra-

306 2464 437 2509 neamus
448 2447 480 2509 in
491 2446 604 2524 cilicio,
626 2444 798 2527 diligamns
815 2466 874 2510 nos
893 2454 1010 2510 mutuo.
1053 2446 1086 2509 Si
1109 2444 1345 2509 iusiurandum
1366 2433 1489 2526 exigis.b
1511 2464 1531 2508 a
1550 2464 1609 2517 me,

305 2552 374 2614 iuro
403 2556 544 2613 sanctam
566 2547 768 2624 fidelitatem,
797 2567 977 2631 quanquam
999 2548 1077 2614 tides
1099 2546 1243 2612 amicicie
1265 2566 1326 2610 non
1349 2547 1459 2629 erigut
1479 2566 1610 2630 syngra-

305 2652 411 2735 plram,
430 2660 465 2715 nt
484 2652 594 2715 scribit
613 2652 646 2715 in
670 2652 815 2734 epistolis
836 2651 1063 2732 symachusrt.

387 2752 503 2818 Incidit
526 2753 699 2818 iri-manus
720 2773 807 2817 meas
827 2752 991 2819 Chiliani⁹
1012 2772 1091 2835 opus
1114 2751 1241 2835 plenum
1263 2752 1435 2826 erroribus,
1463 2754 1610 2817 retertum

305 2855 410 2936 vitiis,
439 2862 564 2920 scatens
593 2856 808 2921 barbarismis.
857 2856 970 2937 Neque
1001 2854 1067 2919 fieri
1101 2861 1220 2938 potest,
1254 2862 1288 2918 ut
1319 2853 1414 2938 culpa
1442 2856 1610 2920 transfera-

305 2958 413 3022 turin
440 2957 604 3040 librarios,
638 2978 767 3041 quorum
798 2965 902 3021 tamen
932 2956 1082 3021 notabilis
1103 2964 1153 3021 est
1179 2957 1302 3020 interim
1342 2956 1448 3021 nescio
1476 2956 1610 3040 pertidia

304 3060 408 3124 dicam
431 3080 473 3124 an
495 3060 699 3143 negligentia.
742 3060 860 3124 Scribit
886 3058 929 3123 ad
956 3060 1107 3123 mesatis
1136 3068 1267 3139 temere,
1300 3078 1371 3121 nam
1401 3058 1536 3125 laudans
1564 3061 1609 3125 vi·

305 3169 437 3245 tuperat.
484 3161 691 3227 blalet‘aciunt
723 3162 817 3227 arnici
841 3160 892 3226 vel
920 3162 1095 3243 Argentine
1121 3162 1172 3225 vel
1194 3160 1448 3244 Vrryttenburgi‘¹
1478 3162 1609 3226 nimium

304 3263 380 3328 mibi
409 3264 591 3329 tribuentes.
643 3264 726 3329 Hine
756 3264 863 3329 odium
894 3269 927 3326 et
963 3263 1100 3345 invidia,
1136 3284 1197 3328 non
1223 3284 1311 3327 amor
1342 3272 1373 3328 et
1399 3264 1477 3329 lans.
1526 3263 1609 3328 Stul-

304 3367 445 3446 mellic,
478 3366 621 3449 quisquis
653 3367 726 3439 fuit,
760 3366 812 3447 qui
844 3366 973 3448 scripsit
1000 3365 1184 3445 „Matienus
1211 3364 1412 3431 doctissimus
1437 3366 1608 3430 Germano·

304 3470 443 3534 rum¹⁰“.
492 3468 628 3533 Locueio
656 3469 765 3552 proba.
814 3467 904 3531 Nihil
929 3469 1012 3531 enim
1038 3467 1124 3532 aliud
1146 3468 1314 3551 significat
1340 3486 1434 3549 quarn
1464 3485 1514 3529 rne
1539 3484 1609 3530 csse

303 3571 521 3636 doctissimum
547 3578 579 3636 et
606 3570 808 3635 Germanum.
863 3570 926 3635 Sed
958 3572 1051 3655 pauci
1083 3571 1129 3635 sic
1157 3569 1320 3651 accipiunt
1350 3568 1431 3631 t'alsc
1463 3576 1611 3650 putantes

303 3674 398 3739 tribui
422 3673 513 3738 nobis
542 3673 754 3756 principatum
780 3672 933 3739 doctrine.
975 3672 1095 3739 Eodem
1123 3671 1215 3736 modo
1242 3670 1341 3734 iblsus
1367 3676 1415 3733 est
1436 3670 1611 3751 Chilianns,

374 3812 436 3865 ²l'z
455 3834 500 3866 nos
521 3818 631 3864 damnat.
686 3804 751 3865 sz
769 3835 785 3865 a
803 3834 842 3865 me
860 3820 943 3878 erigis.
999 3812 1063 3863 0Τκ
1081 3817 1249 3877 symmachns.
1303 3800 1314 3834 '¹
1336 3817 1368 3860 Ta
1386 3815 1565 3877 Wittenlrurgi.

369 4018 448 4090 llll,
463 4020 507 4074 13.
520 4021 546 4076 8.
619 4016 805 4090 2ΙΙ,25.30,
877 4020 965 4079 ³Ars
986 4022 1120 4078 amatoria
1133 4021 1170 4091 11,
1183 4022 1248 4079 607.
1319 4018 1488 4078 ⁴Remcrlia
1508 4023 1609 4079 amoris

305 4102 373 4155 642.
444 4096 459 4141 ⁵
479 4100 832 4173 vg1.1nvem1.1v,107:
853 4104 978 4159 Montani
998 4120 1109 4173 quoque
1129 4112 1226 4158 ventcr
1240 4104 1319 4159 adest
1339 4104 1487 4159 abdomine
1509 4104 1609 4159 tardus.

305 4178 661 4253 ⁶Epistolacl,18,3l.
751 4178 902 4239 ⁷duvenal
924 4185 946 4251 1,
968 4184 993 4239 2.
1014 4184 1038 4237 8.
1127 4177 1273 4255 81v‚ep.
1297 4184 1333 4238 63
1365 4184 1436 4239 nach
1458 4185 1510 4239 dcn
1533 4184 1606 4238 Non.

304 4262 401 4317 Germ.
423 4263 485 4317 bist.
506 4262 588 4317 Auct
607 4263 693 4333 antiq.
714 4263 762 4331 vl,
785 4262 808 4318 1.
834 4264 897 4317 120.
981 4260 1110 4317 ilKilian
1132 4264 1235 4319 Rcrrtcr
1253 4282 1303 4319 aris
1325 4265 1504 4318 Mellerstadt.
1546 4264 1610 4335 Vgl.

304 4342 439 4413 Biiclring.
461 4343 537 4396 Hutt
558 4360 603 4413 op.
625 4343 653 4411 1,
679 4362 706 4413 p.
730 4344 866 4397 13-15.
937 4340 964 4383 ¹⁰
985 4344 1084 4400 Uirieb
1109 4344 1203 4399 Zasius
1223 4351 1311 4399 nennt
1330 4345 1378 4397 ihu
1404 4364 1434 4397 sn
1461 4344 1489 4397 in
1516 4344 1608 4399 einem

307 4423 402 4478 Bricie
422 4441 457 4477 an
479 4422 601 4477 Thomas
612 4424 694 4478 Wolf
698 4444 704 4489 ;
725 4443 756 4477 er
775 4430 845 4479 setut
865 4426 1022 4479 ausserdem
1041 4424 1139 4478 hinnu:
1160 4428 1188 4482 et
1209 4425 1257 4495 qui
1274 4425 1345 4479 alter
1363 4423 1450 4479 Ver-ro
1470 4425 1499 4477 in
1520 4424 1611 4479 omni-

303 4522 382 4637 ξῗιέἶ
400 4504 437 4557 sit
452 4502 596 4638 ἐξὸῐτίηα.
643 4504 705 4577 Vgl.
732 4504 786 4561 Ud.
810 4504 880 4559 Zasii
905 4504 1049 4577 epistolae.
1098 4504 1146 4559 Ed.
1170 4504 1221 4560 los.
1243 4504 1307 4560 Ant.
1335 4504 1488 4578 Ricggerus
1510 4505 1610 4563 Ulmus

385 4602 438 4656 .p.
513 4627 518 4639 .
