3625 5192
648 356 737 415 Brisfs
754 356 875 414 Matiane
892 356 952 414 274.
973 356 1031 413 275.
1444 350 1493 409 861

184 507 231 570 ita
252 507 336 570 enirn
358 524 393 572 se
413 508 555 590 appellat
568 509 794 591 -arrogantis
816 508 910 589 tituli,
933 509 994 586 rel,
1016 516 1047 571 ut
1060 506 1290 589 potiusdicam,
1314 505 1495 589 petulantis,

184 616 290 693 proter
308 608 521 692 theologorum
542 610 690 689 officium,
713 630 842 693 quorum
865 610 965 674 virtus
984 609 1170 673 humilitatis
1189 608 1313 673 nomine
1332 606 1495 674 aGhristi-

185 713 256 776 anis
277 711 455 794 praedicarl
477 710 619 792 deberet,
641 719 683 791 et,
703 719 738 776 ut
760 711 1040 795 Pythagoricorum
1061 710 1383 793 Academicorumque
1405 730 1518 801 prae-¹

185 813 333 897 ceptione
363 815 553 889 continetur,
586 833 744 896 nonquam
774 814 824 878 vel
849 834 920 879 raro
949 813 1076 893 docere,
1111 812 1217 876 doceri
1248 832 1372 897 semper
1405 812 1496 895 velle,

185 914 337 979 iudicium
362 916 484 996 odisse,
512 915 734 998 silentiumque
765 934 880 980 amare.
932 915 1088 994 Obmitto,
1119 911 1203 995 quod
1234 912 1398 996 theologus
1433 932 1495 979 nou

186 1018 352 1082 lacessitus
371 1018 581 1082 accussatoris
602 1026 709 1103 partes
726 1026 758 1082 et
775 1017 891 1083 iudicis
907 1018 1086 1103 assumpsit.
1129 1016 1164 1081 Si
1179 1023 1287 1080 contra
1300 1016 1495 1099 Oapnionem

185 1120 343 1201 agendum
367 1121 398 1183 in
420 1122 495 1201 iure,
516 1110 556 1185 et'
570 1120 655 1204 apud
677 1140 766 1184 suurn
789 1120 926 1185 iudicem
948 1125 1168 1183 concertasset.
1212 1117 1318 1182 Refert
1339 1118 1496 1202 Ulpianus

187 1229 362 1304 praetorem
386 1221 542 1303 edixisse,
570 1244 609 1288 ue
630 1223 705 1305 quid
727 1222 902 1287 infamandi
925 1242 1023 1286 causa
1041 1220 1113 1303 fiat;
1140 1220 1165 1285 si
1189 1220 1259 1300 quis
1280 1220 1432 1286 adversus
1455 1240 1495 1285 ea

185 1323 313 1398 fecerit,
344 1333 437 1407 prout
467 1344 612 1407 qrraeque
641 1344 690 1390 res
726 1323 801 1404 erit,
838 1324 1101 1388 animadvertam.
1154 1322 1354 1387 Generaliter
1390 1330 1496 1387 sutem

187 1424 302 1505 vetuit,
330 1425 470 1507 nequid
498 1426 539 1489 ad
568 1426 731 1491 infamiam
759 1425 893 1490 alicuius
921 1424 986 1489 liat.
1028 1424 1193 1489 Pulchrum
1223 1430 1291 1488 erat
1319 1432 1351 1489 et
1377 1424 1496 1490 iudicio

187 1534 259 1591 meo
284 1527 512 1605 necessarium,
542 1528 739 1611 Capnionem
766 1529 808 1602 (si
835 1526 928 1592 modo
956 1526 1156 1609 deliquisset)
1179 1524 1337 1590 Amoldus
1363 1532 1395 1591 et
1415 1545 1497 1590 com-

188 1630 288 1713 plices
314 1630 364 1693 sui
391 1630 586 1712 populariter
614 1630 712 1694 iudici
741 1629 850 1695 debito
870 1628 1166 1701 denunciauisseut‚
1193 1626 1318 1692 occasio
1338 1628 1416 1693 data
1434 1647 1496 1693 non
1603 1668 1607 1675 .

186 1731 308 1810 fuisset,
329 1738 363 1795 ut
384 1731 486 1794 denum
507 1731 653 1815 Capnion
677 1731 786 1794 honori
809 1750 865 1795 suo
879 1731 1064 1815 consuleret,
1087 1730 1142 1795 sed
1160 1748 1221 1811 uua
1241 1730 1339 1793 animi
1359 1731 1496 1813 synceri-

189 1840 255 1897 tate
286 1833 335 1896 vel
374 1833 469 1897 etiam
507 1834 581 1898 boui
612 1832 750 1914 theologi
782 1832 885 1910 officio
918 1839 1027 1897 contra
1060 1833 1256 1914 Gapuionem
1287 1852 1344 1916 pro
1381 1831 1497 1897 ludseo

154 2006 158 2011 ⁴
189 1934 369 2026 Christiano
390 1954 472 1999 novo
493 1936 841 2019 inceptumaotumque
860 1936 915 2009 sit,
941 1935 994 2015 qui
1023 1934 1136 2016 legerit
1163 1934 1284 2017 scripta
1311 1933 1418 1998 formis
1444 1953 1495 1999 ex-

189 2056 265 2100 cusa
285 2044 380 2118 atque
401 2038 528 2119 emissa,
546 2036 642 2102 l'acile
662 2044 832 2120 cognoscet
881 2037 1028 2121 Capuion
1048 2035 1188 2099 Arnoldo
1208 2035 1312 2100 denuo
1334 2035 1498 2120 respondit

189 2138 355 2203 lacessitus
376 2157 437 2216 non
452 2139 562 2220 solum,
580 2140 684 2204 sedet
702 2145 837 2203 coactus.
881 2139 1000 2203 Caesar
1012 2144 1086 2203 ante
1103 2156 1202 2220 nuper
1216 2156 1307 2218 onam
1321 2138 1496 2219 Augustam

187 2238 342 2317 venisset,
371 2239 546 2322 Capnionis
573 2240 809 2305 excusationem
838 2239 1087 2322 perhumaniter,
1112 2236 1152 2303 'ut
1173 2238 1269 2317 solet,
1296 2238 1442 2303 audivit¹
1465 2244 1497 2303 et

189 2340 313 2419 literas,
340 2359 420 2421 quas
442 2340 642 2405 inhibitorias
664 2342 842 2424 appellant,
867 2340 1008 2405 decrevit
1027 2348 1073 2420 et,
1101 2339 1126 2405 si
1157 2339 1232 2403 rnihi
1255 2348 1337 2405 reete
1364 2341 1495 2404 relatum

190 2450 253 2518 est,
286 2442 403 2505 iniuria
433 2449 467 2505 ut
493 2442 577 2507 omni
606 2443 733 2507 sublata
766 2444 834 2508 iure
861 2462 973 2507 uranus
994 2450 1202 2506 consererent.
1256 2443 1323 2506 Hae
1350 2461 1424 2506 vero
1455 2460 1495 2506 an

188 2545 324 2609 emissae
343 2544 475 2623 fuerint,
503 2544 639 2609 noudum
661 2554 853 2629 compertum
876 2544 983 2609 habui.
1025 2544 1058 2609 Si
1081 2545 1158 2625 quid
1179 2544 1271 2609 aliter
1292 2545 1495 2609 constitutum

190 2647 241 2709 vel
270 2646 428 2711 decretum
459 2647 491 2710 in
526 2665 596 2709 eum
622 2646 746 2716 thisset,
782 2650 947 2727 hactenus,
968 2638 1086 2727 ¹credo,
1118 2630 1353 2711 iuteller'rissem.
1406 2646 1497 2728 Amo,

190 2768 323 2812 veneror
350 2757 382 2814 et
409 2749 543 2813 observo
569 2750 671 2812 virum
685 2768 813 2818 summa
834 2750 920 2813 vitae
941 2764 973 2813 et
994 2768 1113 2812 morum
1134 2748 1332 2831 integritate,
1359 2748 1499 2813 maxima

190 2869 314 2932 quoque
335 2850 510 2914 eruditione
536 2850 731 2931 praeditum,
758 2852 808 2916 cui
831 2872 888 2935 pro
909 2852 1060 2916 facultate
1088 2870 1158 2927 mea
1184 2870 1245 2914 non
1268 2849 1371 2915 deero.
1413 2850 1497 2915 Dedi

191 2972 291 3036 nuper
307 2954 406 3017 Beato
423 2952 595 3017 lihenauo2
616 2960 649 3017 et
665 2952 815 3017 amicost
831 2953 982 3035 perdocto
999 2953 1128 3016 Paulum
1148 2952 1321 3017 Cortesium
1331 2953 1364 2998 ³³
1378 2952 1497 3019 Romae

191 3055 300 3119 formis
332 3073 495 3132 excusum,
535 3062 568 3119 ut
601 3054 704 3118 denuo
739 3055 979 3138 imprimeretur.
1034 3054 1167 3137 Scripsit
1198 3054 1226 3117 is
1259 3054 1290 3117 in
1323 3054 1498 3119 sententias

191 3155 389 3219 Christianae
410 3156 646 3220 accuratissime
667 3158 749 3238 stylo
774 3156 912 3239 politiori
935 3167 966 3220 et
988 3156 1098 3219 latiali.
1140 3156 1168 3218 Α
1187 3155 1289 3219 Gallis
1310 3174 1394 3235 vero,
1416 3174 1498 3237 quae

192 3258 379 3321 laurentius
418 3257 512 3322 Valla
547 3259 579 3321 iu
614 3266 836 3321 testamentum
874 3278 988 3321 novum
1023 3256 1203 3334 annotavit,
1240 3274 1361 3337 quaeve
1400 3257 1497 3321 etiam

191 3358 325 3423 lacobus
351 3359 456 3423 Faber
483 3359 705 3441 Stapulensis4
733 3359 766 3422 in
793 3358 861 3422 divi
889 3358 979 3422 Pauli
1008 3358 1159 3441 epistolas
1187 3340 1414 3421 cournrehtstus
1442 3358 1498 3421 iru-

191 3478 302 3543 pressa
321 3460 512 3525 circumferri
532 3461 643 3534 solent,
667 3462 805 3543 prot‘eeto
827 3460 945 3525 iudicio
966 3480 1035 3523 meo
1051 3478 1113 3524 non
1130 3459 1284 3539 vulgaria,
1306 3457 1362 3522 sed
1380 3458 1498 3523 multae

191 3560 353 3626 doetrinae
381 3570 412 3626 et
442 3564 624 3626 remotioris.
672 3562 759 3629 llaec
784 3562 904 3637 scribo,
932 3562 1014 3643 quod
1042 3561 1236 3643 Capnionem
1266 3560 1369 3642 ipsum
1397 3560 1498 3643 philo-

191 3662 323 3746 sophum
350 3665 547 3748 praeclarum
574 3666 651 3729 iuris
679 3673 711 3729 et
737 3664 937 3746 eloquentiae
964 3662 1137 3727 consultum
1169 3660 1385 3742 contuendas,
1412 3663 1497 3727 adde

262 3781 273 3807 ³
295 3787 353 3834 (hd.
364 3788 429 3834 Mon.
440 3804 463 3833 n.
474 3787 514 3835 Ill.
526 3788 568 3834 sir.
580 3803 616 3847 cp.
626 3778 773 3835 Corrosinm.

196 3934 256 3941 -μ-

254 4020 265 4062 ¹
286 4026 319 4077 ln
340 4025 503 4097 Geislingen
524 4044 568 4079 aru
592 4027 637 4081 13.
657 4028 733 4081 Jrrni.
775 4026 962 4097 Vgl.Geiger,
982 4025 1156 4081 RcuchlinS.
1173 4026 1240 4082 279.

252 4100 267 4142 ²
288 4104 351 4176 vgl.
372 4106 436 4159 zwei
451 4106 583 4160 Arufsdtae
604 4124 658 4161 ron
679 4107 818 4161 Horawitz
838 4108 867 4160 in
886 4108 938 4159 deu
956 4104 1071 4161 Wiener·
1093 4104 1364 4179 Sitaurrgsberichten
1390 4105 1417 4176 a)
1438 4105 1497 4161 Des

191 4184 295 4239 Beatus
319 4185 470 4239 Rhenanus
495 4185 665 4241 literarische
693 4186 857 4258 Thiitiglreit
882 4187 911 4239 iu
933 4188 985 4241 den
1006 4187 1110 4241 Jahreu
1136 4186 1350 4245 tuos-1535.
1383 4186 1433 4239 Bd.
1452 4186 1497 4239 il.

190 4265 287 4336 Jahrg.
301 4264 387 4322 1872.
409 4264 436 4318 S.
456 4265 632 4322 643-690.
692 4268 721 4335 b)
743 4267 796 4321 Die
817 4266 980 4320 Bibliothek
999 4268 1055 4320 und
1077 4266 1306 4337 Korrespondenz
1325 4269 1374 4321 des
1394 4266 1497 4321 Beatus

190 4345 341 4399 Rhenanus
363 4364 395 4398 zu
406 4344 594 4401 Schlettstadt.
635 4347 685 4401 Bd.
699 4347 745 4400 78.
767 4348 861 4419 Jahrg.
875 4345 962 4403 1874.
986 4346 1010 4403 S.
1023 4346 1080 4399 313
1093 4346 1200 4401 -340,
1396 4344 1400 4351 ’

209 4489 216 4498 ,
252 4420 358 4479 ³Geb.
379 4424 471 4496 1465,
499 4426 617 4497 apostol.
640 4427 807 4482 Protonotar
824 4428 881 4482 und
900 4427 1045 4487 Verfasser
1073 4426 1149 4489 eines
1172 4426 1369 4487 Kommentars
1390 4444 1422 4483 zu
1442 4427 1496 4483 deu

192 4501 347 4560 Sentenzen
368 4506 416 4560 des
434 4506 534 4561 Petrus
553 4506 736 4565 Lombardus.
821 4554 826 4562 .

249 4580 452 4663 fugasset
475 4585 501 4643 S.
513 4586 552 4643 80
565 4586 648 4644 snm.
660 4586 685 4646 4.
