3625 5192
629 371 719 426 Briote
735 371 857 425 Mutlans
874 370 935 424 243.
949 368 1079 424 141245.
1451 375 1501 429 321

195 520 376 585 conahatur.
419 518 656 585 Pollicehantur
675 518 801 584 sodales
827 520 882 583 isti
901 517 992 583 fratri
1018 526 1140 584 tanturn
1169 519 1351 603 coquinario
1371 522 1503 589 inferias

196 622 441 700 anniversarias,
462 640 543 704 quas
561 628 594 685 et
614 621 804 686 cancellario
827 622 957 685 etmihi
979 620 1226 701 debent,‚velint
1241 624 1352 690 nolint.
1382 625 1503 707 'Itaque

197 744 354 806 nunqnam
389 724 431 789 ah
456 725 516 789 hoc
544 724 661 806 scripto
689 723 836 788 recedere
864 725 964 803 volni,
991 743 1031 789 ne
1060 724 1145 787 velut
1166 724 1283 805 impius
1303 734 1335 789 et
1356 728 1503 793 conventi

195 825 416 908 pactionisqoe
443 825 585 890 desertor
610 846 784 908 peccarem.
826 824 985 891 Edifieere
1005 832 1110 890 autern
1132 845 1193 890 non
1215 834 1279 890 tani
1301 827 1386 891 nolui
1409 848 1502 911 qnam

195 934 258 992 non
280 928 366 1010 potui
379 927 503 1014 delectu
515 928 658 1010 pecunie.
699 928 799 992 Intret
819 938 851 991 te
871 928 952 991 duce
974 947 1075 992 novus
1096 926 1220 1011 hospes.
1262 928 1503 995 peculatorem

197 1048 268 1093 creo
294 1028 474 1093 reficiendis
509 1028 587 1093 locis
615 1036 646 1093 et
675 1030 810 1094 ruinosis
842 1038 874 1093 et
903 1030 1105 1109 nutantibus,
1140 1030 1197 1094 sed
1229 1030 1309 1095 citra
1341 1039 1427 1096 turun
1459 1032 1504 1095 in-

196 1130 402 1196 commodum.
455 1130 505 1195 De
533 1130 758 1213 Engelmauni,
789 1133 943 1214 sapientis
975 1132 1054 1211 viri,
1085 1132 1215 1195 consilio
1246 1133 1341 1197 etde
1373 1133 1505 1215 Georgii

197 1233 360 1297 voluntate
380 1232 548 1297 lecito-nie
568 1232 812 1315 diligentissime
833 1234 1007 1298 certiorem.
1051 1232 1138 1299 Vale.

266 1354 538 1403 maachamraso
558 1357 599 1403 ror.
612 1356 686 1403 rrrr.

749 1490 951 1501 m

198 1605 279 1672 245.
302 1604 346 1676 ll.
368 1622 414 1671 an
435 1604 615 1671 Petrelus.
754 1603 889 1686 (Gotho
901 1606 996 1673 1513.
1030 1605 1217 1673 Zwlschen
1231 1608 1259 1677 1.
1272 1608 1368 1679 u.18.
1381 1606 1504 1690 llllrn).

267 1730 329 1777 Mul.
352 1729 480 1789 hospi-ioht
508 1730 549 1777 ein
575 1745 626 1775 von
650 1730 702 1777 ihm
727 1732 860 1777 versas-stes
878 1731 1036 1791 juriatisches
1057 1732 1223 1779 Schriitstllek
1248 1732 1297 1778 und
1325 1732 1448 1779 irritisiart
1472 1733 1506 1779 irn

196 1802 333 1846 Anachluas
353 1800 441 1845 hieran
461 1799 501 1846 dia
519 1800 675 1846 literarische
694 1800 838 1861 Thittigheit
856 1802 899 1848 dos
918 1801 1026 1848 Tilonin.

161 1903 163 1908 ’
278 1897 410 1962 Erudito
431 1896 603 1975 Petreio,
624 1898 692 1961 viro
714 1898 845 1963 literarii
867 1898 988 1963 ordinis
1012 1900 1169 1983 preclaro,
1194 1900 1296 1963 amieo
1316 1900 1394 1975 fido,
1415 1900 1507 1965 Muti-

198 2021 278 2065 anus
303 2000 410 2064 Rufus.

278 2103 310 2170 S.
333 2103 363 2168 d.
405 2102 475 2167 Tuo
503 2121 578 2165 vero
600 2109 724 2184 coactu,
750 2123 811 2168 non
838 2103 938 2167 solum
967 2103 1051 2185 quod
1072 2103 1254 2169 Haliensis1
1282 2090 1507 2169 excusaciones

199 2214 324 2271 nostras
351 2204 512 2283 reiecerit,
539 2204 682 2268 effectum
710 2212 775 2285 est,
798 2213 833 2268 ut
862 2205 980 2288 scripto
1006 2204 1135 2269 docturo
1159 2205 1309 2287 preirem;
1342 2225 1403 2269 non
1428 2204 1508 2269 mihi

199 2306 355 2386 blandior,
378 2325 441 2370 uon
463 2304 642 2389 descriptis
664 2315 718 2369 aut
738 2307 906 2387 elegancia
925 2308 1003 2371 mihi
1026 2308 1137 2391 placeo
1158 2306 1260 2387 honio,
1282 2308 1399 2385 utscis,
1420 2307 1506 2370 nullo
1607 2368 1611 2378 ,

199 2408 292 2473 modo
322 2409 483 2492 superbus.
535 2407 582 2471 Te
613 2416 718 2473 autem
750 2419 890 2473 nostram
907 2428 1049 2473 vtriarnum
1081 2408 1279 2491 el'llagitante
1311 2429 1374 2473 non
1407 2408 1507 2473 solum

200 2531 305 2575 coram
326 2510 449 2592 verbis,
467 2510 524 2575 sed
545 2510 642 2574 etiarn
664 2530 719 2595 per
739 2511 891 2595 epistolas
913 2510 1009 2575 durus
1028 2504 1129 2575 essem
1151 2520 1246 2592 atque
1268 2509 1424 2590 difficilis,
1445 2511 1508 2574 imo

200 2632 330 2690 saxeus,
361 2614 388 2677 si
422 2612 479 2676 tibi
508 2632 658 2695 negarem
687 2620 752 2676 tam
782 2614 880 2697 proho
910 2619 942 2679 et
970 2613 1135 2695 ingenioso
1164 2613 1275 2677 amico.
1327 2613 1370 2676 At
1403 2612 1507 2677 dices:

112 2760 116 2765 -
164 2761 167 2767 ,
200 2715 284 2797 Ergo
317 2735 380 2780 non
407 2714 536 2798 obsequi
564 2716 614 2779 vis
647 2716 763 2798 pretori
794 2723 856 2779 tuo.
902 2713 981 2778 Vide
1011 2716 1042 2778 in
1070 2715 1316 2789 contumaciam,
1349 2714 1430 2796 qnod
1460 2722 1508 2779 est

200 2817 370 2881 niaximum
391 2817 494 2881 scelus
516 2817 601 2901 apud
624 2817 764 2891 rabulas,
787 2836 827 2881 ne
848 2816 955 2881 cadas.
998 2814 1083 2897 Ego,
1105 2817 1147 2879 mi
1167 2816 1289 2891 Petrei,
1317 2834 1507 2897 quamquam

125 2973 128 2981 .
199 2919 437 2984 archidiaconi2
466 2919 564 2983 nostri
585 2920 775 2999 ministrum,
804 2924 838 2982 ut
859 2919 977 2998 deheo,
997 2936 1156 2996 revereor,
1179 2916 1278 2999 pluris
1298 2924 1404 2981 tamen
1424 2916 1507 2979 l'acio

200 3022 382 3086 Haliensem
403 3040 496 3102 quarn
513 3020 692 3085 ‚officialem
736 3022 802 3084 Hec
819 3028 867 3084 est
881 3021 1044 3104 popularis
1065 3018 1244 3102 appellacio
1263 3017 1361 3099 uulgo
1382 3036 1509 3099 magna,

174 3188 178 3195 ,
201 3124 317 3187 rustico
337 3122 502 3203 terribilis,
529 3122 572 3185 ad
592 3122 760 3187 facultates
781 3123 917 3201 lucrosa,
938 3132 1074 3186 ceterum
1096 3120 1191 3205 plene
1212 3120 1389 3199 turbarum,
1410 3120 1506 3203 plena

176 3299 180 3306 ,
200 3227 406 3307 querelarum,
427 3224 523 3309 plena
544 3225 630 3299 fatue
649 3224 829 3288 coniectore
849 3244 870 3286 a
891 3222 1109 3287 communibus
1129 3219 1244 3285 studiis
1265 3230 1297 3285 et
1317 3220 1410 3285 heato
1424 3227 1507 3285 tran-

199 3328 356 3410 quillitate
379 3328 506 3391 omnino
526 3326 708 3390 abhorrens.
750 3326 785 3389 ln
800 3325 944 3389 Hellensi
966 3344 1040 3389 vero
1060 3322 1227 3387 iucundum
1246 3323 1347 3386 virum
1368 3322 1508 3403 politiori

200 3429 342 3496 doctrine
360 3429 539 3506 laventem,
561 3427 691 3493 Urbano
711 3427 915 3503 familiarem,
937 3426 1060 3491 Petreio
1085 3424 1379 3503 familiarissimum,
1408 3424 1505 3488 nostri
1564 3428 1571 3439 '

201 3539 375 3609 amantem,
404 3529 529 3595 Cotioni
556 3538 695 3610 gratum,
722 3530 858 3611 denique
883 3526 1061 3604 cordatum,
1091 3547 1152 3590 non
1180 3526 1340 3604 fallacem,
1369 3545 1431 3588 non
1460 3526 1507 3589 in·

201 3632 370 3710 sidiosum,
391 3653 454 3696 non
474 3631 662 3710 derisorem,
682 3640 715 3693 ut
734 3632 799 3694 t'ere
820 3639 893 3693 sunt
914 3629 999 3693 illius
1020 3630 1134 3693 ianoe3
1157 3628 1307 3719 presides,
1325 3647 1388 3691 non
1409 3626 1506 3690 ctiam

202 3735 327 3801 invidia
348 3734 572 3811 decoloratum,
594 3754 655 3797 non
678 3733 825 3797 iniectum
849 3732 1014 3795 insolentie
1031 3748 1122 3809 nevo,
1144 3749 1204 3794 non
1221 3727 1386 3810 indignum
1400 3736 1507 3793 nostro
1531 3796 1533 3803 Α

200 3840 309 3903 lavore
337 3836 547 3918 agnoscimus.
588 3834 734 3898 Ohtinoit
761 3833 859 3915 igitur
886 3840 951 3896 tarn
973 3833 1039 3896 suis
1060 3830 1187 3896 dotibus
1207 3850 1301 3913 quarn
1323 3830 1386 3895 tuis
1407 3829 1507 3912 preci·

202 3940 260 4005 hus
287 3939 462 4003 orationem
491 3936 554 4001 sihi
580 3937 818 4000 honestamento
837 3935 991 4013 futuram,
1018 3933 1045 3996 si
1072 3934 1223 4016 scripturn
1244 3938 1383 3997 nostrum
1405 3932 1506 4014 ipsius

200 4042 285 4105 actio
313 4037 591 4104 commendaverit.
649 4037 721 4100 Non
754 4046 802 4101 est
827 4036 963 4099 lllutiani
989 4035 1119 4097 laudare
1148 4052 1214 4121 sna.
1265 4033 1299 4097 Si
1327 4038 1449 4097 mature
1475 4040 1507 4096 et

201 4143 358 4224 graviter,
379 4141 408 4205 si
428 4145 504 4224 apte
526 4145 558 4204 et
578 4138 741 4217 distincte,
762 4138 789 4201 si
811 4156 890 4221 pure
912 4144 943 4199 et
963 4134 1132 4217 diligenter
1150 4136 1278 4219 scripsi.
1300 4133 1433 4200 accedat
1453 4135 1508 4199 de-

264 4351 663 4427 lwmmmom

263 4430 277 4475 ²
298 4436 422 4491 Jacohus
442 4434 603 4489 Doliatoris.
644 4432 710 4503 vgr.
726 4432 772 4488 Br.
787 4432 840 4486 191
856 4432 884 4487 S.
896 4432 954 4486 266
965 4432 1047 4485 Anni.
1063 4429 1087 4484 1.

265 4510 281 4555 ³
300 4516 364 4587 Vgl.
379 4514 492 4571 Bam
514 4513 540 4568 S.
555 4513 613 4567 318
635 4512 717 4568 Anm.
730 4514 757 4569 3.
797 4514 885 4567 lanua
909 4513 1071 4569 bezeichnot
1088 4509 1150 4563 hier
1168 4508 1381 4581 Gerichtshnus,
1406 4510 1506 4564 mithin

201 4596 409 4667 dasselbe,.was
429 4598 492 4651 dort
512 4594 600 4649 durch
619 4592 768 4647 hostiolam
790 4592 977 4665 ansgedriickt
997 4610 1060 4647 war.
1149 4620 1154 4631 ·

255 4676 601 4749 cmmemoresxvrn.
1270 4686 1300 4738 21
