3625 5192
658 341 746 396 Brieie
767 341 886 394 blotiano
903 341 964 394 453.
984 341 1044 392 454.
1453 337 1500 391 lll

196 527 275 596 454.
299 525 343 596 ll.
365 545 408 591 an
432 524 567 594 Urban.
927 521 1165 604 (liotbalbll.
1197 519 1297 586 llnde
1315 520 1501 602 lllrtober.)

264 666 327 714 Mat.
351 668 478 712 verwahrt
501 665 553 712 siclt
576 681 654 725 gagen
679 665 726 711 den
746 665 863 710 i'orwurl
878 663 977 711 Urbana
1000 663 1071 710 uirlrt
1095 663 1134 708 bis
1157 665 1220 709 zohn
1244 665 1331 710 arilrlen
1351 680 1380 710 zu
1399 665 1501 710 konnen

195 737 244 783 und
265 739 365 787 erkldrt
384 738 432 782 deu
453 738 501 782 liat
521 737 627 796 illinisti,
648 737 692 782 der
711 737 852 793 Selilangen
873 735 992 793 Kluglreit
1013 736 1216 793 uacbuuabmen,
1234 733 1260 778 in
1284 735 1391 780 anderen
1408 735 1500 780 Weiss.

194 809 227 852 Es
249 809 285 854 sei
310 809 379 854 uiclrt
405 808 486 866 ii'abr,
511 821 560 854 uras
583 808 649 856 Solril
678 807 738 852 iiber
762 806 968 864 Verabroielrung
994 821 1043 852 von
1066 805 1260 864 Eritiuclrungen
1288 819 1321 850 arr
1343 805 1385 851 die
1407 805 1502 852 Iliener

194 877 326 938 belraupto.

273 975 445 1040 Carissimo
466 995 522 1039 suo
546 975 572 1038 ll
582 973 711 1056 rbano,
733 975 834 1038 amico
859 973 1057 1056 dignissimo,
1079 964 1111 1033 εὖ
1132 966 1283 1053 πράττειν.

331 1165 335 1176 ,
434 1098 644 1180 „indubitata
665 1099 777 1162 rel'ers:
800 1117 913 1180 sparsa
935 1104 983 1160 cst
1006 1095 1064 1160 bec
1085 1097 1203 1175 l'abula,
1224 1096 1313 1176 Rufe,

435 1201 482 1266 Te
504 1201 626 1266 nescire
645 1199 675 1264 X
697 1218 922 1264 connumerare
944 1199 1093 1282 stipes¹.“

435 1302 557 1368 Taliter
579 1302 727 1366 Urbanus
750 1301 880 1384 sapiens
901 1300 1007 1365 illudit
1027 1302 1138 1376 amieo,

437 1406 495 1469 Cui
517 1407 620 1488 potuit
641 1405 720 1468 duro
742 1402 834 1468 corde
857 1422 975 1486 negare
991 1402 1059 1467 X2.

384 1503 417 1590 ὁ)
439 1506 576 1570 Fallitur
598 1505 754 1585 Urbanus,
780 1505 885 1589 plnres
913 1524 1114 1570 numeramus
1135 1505 1167 1568 in
1187 1523 1292 1570 usum:

435 1609 593 1673 Sebilonis
614 1628 742 1673 numero
765 1607 886 1692 perlida
908 1602 1014 1672 lacta3
1033 1615 1150 1673 carent.

433 1711 523 1774 lllius
545 1718 578 1775 ut
600 1712 691 1776 nobis
713 1711 863 1776 recitares
884 1711 977 1788 turta,
999 1710 1161 1792 rogabam,

436 1813 551 1878 Differs
571 1834 622 1878 me
643 1813 743 1876 nimia
765 1812 972 1894 simplicitate
993 1820 1107 1877 notans

434 1915 475 1979 Et
496 1935 606 1980 censes
629 1915 778 1980 damnum
801 1914 907 1979 laliaci
931 1934 1061 1997 parcere
1082 1934 1177 1980 servo

366 2015 416 2100 to)
439 2017 521 2080 Nam
538 2013 661 2081 l'evibus
680 2017 841 2082 dominum
864 2018 1012 2082 convenit
1032 2037 1103 2082 esse
1123 2037 1263 2098 gravem.

433 2121 467 2184 Si
493 2119 608 2203 placet,
629 2120 741 2200 evasit,
760 2121 787 2183 si
809 2119 968 2201 displicet,
989 2138 1094 2201 ungue
1116 2129 1247 2184 tenetur.

435 2221 530 2285 Liber
551 2223 611 2285 erit
632 2222 683 2285 rel
705 2241 766 2286 non
788 2229 819 2286 te
841 2221 931 2294 duee,
954 2241 1050 2286 causa
1070 2229 1126 2286 tua
1146 2229 1202 2286 est.

275 2363 331 2442 lta,
354 2363 396 2426 mi
422 2363 560 2443 Urbane,
583 2363 720 2427 urbanos
742 2384 785 2428 es.
828 2361 963 2446 Rogavi,
984 2371 1018 2426 ut
1040 2363 1188 2427 llartiui‘l
1210 2364 1374 2447 perfidiam
1398 2367 1500 2449 posito

193 2464 313 2529 calculo
341 2465 514 2548 detegeres.
557 2466 606 2530 Tu
635 2485 685 2530 mc
708 2465 849 2550 castigas
871 2474 902 2530 et
925 2467 1034 2548 arguis
1056 2466 1221 2549 imperitia.
1265 2469 1341 2530 Sero
1363 2469 1500 2549 quidem.

195 2567 351 2644 Quoniam
377 2587 541 2632 numerare
563 2567 677 2648 didici,
709 2588 771 2632 non
798 2569 921 2633 discere
949 2569 1011 2632 iam
1038 2569 1148 2632 debeo.
1195 2568 1298 2633 nodis
1325 2563 1437 2634 lect'am
1466 2572 1500 2635 in

192 2669 387 2750 evangelicis
423 2669 523 2734 literis
555 2671 772 2754 metaphoram
804 2679 835 2735 et
869 2672 917 2735 vis
949 2671 1053 2734 imiter
1080 2673 1238 2753 serpentis
1272 2673 1501 2752 prudentisima

195 2771 339 2855 ineptum
357 2771 409 2834 td·
426 2782 456 2836 et
473 2771 667 2837 cavillosum.
711 2774 821 2854 Neque
836 2773 919 2836 enim
939 2792 1008 2837 eam
1031 2772 1128 2837 babet
1147 2772 1393 2854 significantiam
1415 2776 1501 2839 simi-

194 2874 312 2954 litudo,
343 2893 436 2956 quam
471 2881 504 2937 tu
539 2875 709 2958 protendis.
758 2875 829 2938 Non
862 2876 1047 2956 serpentina
1074 2874 1248 2958 prudencia
1282 2875 1425 2942 Christus
1453 2886 1501 2942 est

194 2993 276 3056 usus,
300 2975 331 3039 in
348 2995 440 3057 quem
456 2976 654 3040 dicebaturi:
678 2976 802 3058 „Euge
824 2976 1016 3040 salvosleeit
1032 2976 1123 3056 alios,
1145 2995 1180 3041 se
1199 2977 1269 3059 ipse
1289 2978 1415 3042 salvare
1438 2999 1500 3042 non

193 3079 318 3161 potuit“
339 3076 420 3142 adeo
439 3079 606 3161 negligens
628 3097 731 3143 rerum
748 3085 959 3158 externarum,
979 3082 1014 3141 ut
1028 3078 1247 3160 pauperrimus
1263 3079 1297 3143 in
1315 3080 1383 3144 vita
1397 3082 1500 3160 luerit,

193 3179 241 3243 eui
265 3200 305 3244 ue
326 3180 367 3243 ad
391 3199 568 3263 supremam
591 3179 717 3263 quidem
739 3199 850 3245 cenam
873 3179 934 3244 nisi
957 3181 1082 3262 quesita
1101 3187 1133 3244 et
1148 3180 1254 3245 aliena
1270 3181 1380 3245 domus
1396 3183 1500 3247 fuerit.

192 3281 279 3346 Bene
298 3282 386 3345 novit
407 3284 543 3364 optimus
566 3291 597 3347 et
618 3283 889 3367 prestantissimae
910 3282 1154 3366 petulantibus,
1179 3284 1262 3364 quod
1284 3284 1380 3347 etiam
1403 3285 1501 3348 tradit

192 3385 224 3448 iu
254 3383 366 3448 olilciis
395 3385 520 3458 Cicero,
554 3387 753 3468 prudentiam
785 3386 854 3450 sine
886 3385 1014 3449 iusticia
1042 3384 1086 3449 nil
1111 3384 1229 3448 valere
1250 3385 1291 3448 ad
1320 3387 1498 3451 taciendam
1570 3403 1602 3422 ··

181 3483 295 3549 ¹lidem.
338 3485 407 3562 Quo
434 3485 518 3549 enirn
541 3487 695 3550 versutior
716 3488 787 3570 quis
808 3499 839 3552 et
860 3487 1021 3569 callidior,
1043 3488 1102 3551 hoe
1122 3487 1253 3551 invisior
1273 3495 1305 3552 et
1325 3491 1501 3571 suspectior

191 3586 335 3652 detracta
361 3587 511 3671 opinione
533 3589 718 3671 probitatis,
745 3591 835 3671 quasi
864 3597 897 3653 tu
917 3587 1008 3654 dieas
1028 3590 1185 3672 serpentis
1207 3590 1407 3673 prudentiam
1430 3592 1499 3656 sine

192 3691 338 3756 iusticia¹¹
361 3689 537 3755 maliciam⁰
560 3710 638 3756 esse.
680 3691 743 3756 Sed
765 3693 939 3757 communis
960 3698 1124 3774 preceptor
1146 3693 1308 3758 insinuare
1329 3693 1442 3774 voluit,
1465 3701 1499 3758 ut

261 3809 337 3860 'Bri
356 3815 389 3859 l'e
407 3813 485 3859 lrt'rrter·
505 3813 531 3860 id
549 3815 609 3858 rturlr
629 3819 673 3860 est.
747 3797 810 3858 ''l'e
831 3814 904 3863 irrsta.
976 3808 1041 3859 ⁰7¹2
1059 3813 1166 3861 malicia.

242 3935 390 3942 -.--.----

259 4012 269 4053 1
291 4015 362 4070 Eine
380 4014 478 4070 Glosse
499 4015 567 4070 dazu
589 4015 618 4068 iu
640 4014 1074 4069 dorFranlrfurterHundsc-brilt
1088 4014 1190 4069 lautet:
1211 4014 1357 4086 Arguebat
1371 4017 1500 4072 Urbanus

193 4096 349 4150 Matianum
373 4096 560 4166 simplicitatis
581 4102 609 4150 et
630 4096 699 4150 dixit
719 4113 774 4150 non
796 4113 876 4166 poseo
896 4095 924 4148 X
945 4111 1098 4148 numerare.

253 4172 266 4214 2
288 4176 475 4248 Vgl.Br.383
497 4175 524 4232 S.
538 4175 583 4230 42.
666 4243 669 4250 Ι

253 4253 267 4296 ³
288 4256 351 4327 Vgl.
369 4275 394 4310 u.
409 4273 435 4312 a.
453 4256 506 4320 den
528 4258 640 4329 rotigen
662 4257 743 4313 Brief.

251 4333 265 4373 ⁴*
289 4337 346 4390 Des
368 4335 468 4390 Martin
492 4336 584 4404 Selril,
613 4339 662 4392 der
688 4339 747 4392 siclt
775 4337 847 4391 nach
870 4337 968 4390 violem
991 4336 1124 4406 Driiugeu
1144 4337 1255 4391 errdlicb
1277 4338 1346 4390 dazu
1366 4337 1499 4408 bcqrremt

193 4418 279 4486 hatte,
299 4418 455 4488 Reclrnung
477 4418 637 4490 abzulegeu.

253 4494 267 4535 ⁵
288 4497 386 4552 Mattb.
402 4497 445 4552 10.
460 4498 504 4554 lli.

253 4573 267 4612 ⁶
289 4577 387 4631 Mattb.
400 4577 445 4631 27.
457 4577 503 4633 4‘2.
