3625 5192
617 330 706 386 Briol'e
724 331 921 387 nortmanos.
941 333 1001 386 205.
1020 333 1079 386 206.
1453 336 1503 390 281

197 480 374 562 vulgatum,
407 480 475 545 adil
504 481 663 546 consulem
688 486 735 561 et,
764 499 869 563 spero,
903 501 964 544 non
991 481 1183 565 impetrabit.
1230 481 1363 546 Multum
1396 485 1505 550 arcani
1610 473 1616 481 ’

198 582 336 666 Pyrrhus
362 583 439 646 mibi
466 581 588 648 detexit
612 581 775 648 adbibitus
801 603 887 666 eene.
933 583 1064 649 Videtur
1085 605 1155 649 esse
1177 585 1276 649 nostri
1295 585 1417 651 ordinis
1437 595 1505 652 tum

198 703 315 750 morum
345 685 550 768 simplicitate
568 694 633 750 tum
656 706 761 750 amore
784 685 880 751 studii
903 685 1067 769 politioris.
1109 687 1192 767 Nos,
1214 687 1255 750 mi
1276 686 1424 768 Urbane,
1445 709 1506 753 ser-

197 788 541 869 vemus'gravitatcm,
575 787 722 870 quoniam
757 787 836 851 nibil
869 787 991 854 futilius
1017 795 1065 854 est
1092 789 1231 853 Cotione.
1279 789 1347 854 Hoc
1379 793 1507 854 nomine

197 890 340 970 signetur
365 890 498 956 anobis
523 889 616 956 beros
637 889 667 954 S.
716 890 746 954 ls
774 891 858 954 enim
880 891 990 956 Cotio¹
1016 889 1148 960 dieitur.
1173 891 1227 972 qui
1255 889 1327 972 plus
1352 892 1508 974 promittit

197 1010 291 1073 quam
319 983 449 1074 prestat.
491 994 586 1057 Amat
612 991 795 1072 officialem,
825 993 875 1056 eui
904 993 1058 1076 patefacit
1088 992 1204 1057 omnia.
1247 992 1330 1078 Hinc
1356 993 1507 1057 demanat

198 1113 247 1156 res
281 1093 323 1156 ad
350 1093 556 1171 Frontonem,
589 1094 629 1160 de
656 1094 834 1160 Frontone²
867 1094 909 1159 ad
938 1101 1062 1160 ncstms
1089 1095 1305 1176 adversarios,
1333 1096 1387 1175 qui
1414 1116 1506 1160 nosse

197 1195 306 1260 volunt
327 1197 440 1260 ornnia.
483 1198 516 1261 si
539 1197 651 1260 stultus
673 1217 734 1261 non
758 1205 842 1262 esset
861 1196 1068 1274 llerebordus,
1086 1198 1232 1270 lacerem,
1259 1205 1292 1260 ut
1313 1196 1504 1275 succederet,

198 1304 348 1379 quantum
374 1297 406 1362 in
434 1317 485 1362 me
504 1306 569 1379 est,
598 1299 673 1363 item
694 1307 728 1364 ut
748 1298 886 1380 Pyrrhus
906 1297 1066 1363 liudonii.
1109 1300 1144 1362 ln
1171 1299 1231 1363 hoc
1251 1300 1365 1364 invene
1387 1319 1504 1382 magna

198 1419 271 1481 spes
299 1406 330 1465 et
354 1408 441 1466 certa
460 1400 548 1465 fides.
591 1400 691 1464 Multa
712 1400 798 1482 legit,
819 1401 1035 1484 pragmaticus
1057 1420 1126 1466 esse
1147 1402 1271 1482 cogitur
1290 1399 1331 1465 ob
1353 1401 1506 1483 inopiam.

198 1499 296 1564 Novit
324 1509 427 1566 errata
455 1503 521 1566 stili
552 1503 700 1583 lorensis,
732 1502 818 1566 rudis
848 1523 917 1568 eum
949 1503 1093 1580 rudibus‘,
1125 1502 1253 1567 limatus
1282 1523 1352 1566 cum
1377 1504 1505 1568 limatis.

197 1603 303 1668 Habet
322 1605 530 1686 grammatica
546 1605 725 1670 rudimenta
737 1605 897 1678 Simlerst,
920 1605 972 1686 qui
989 1613 1038 1669 est
1052 1604 1324 1670 loanniiteuehtin
1341 1605 1503 1671 literarum

196 1706 377 1770 commertio
399 1705 492 1771 valde
512 1707 679 1770 familiaris
701 1714 746 1786 et,
773 1714 862 1791 puto,
892 1707 1001 1771 nititur
1022 1707 1210 1770 auctoritate
1232 1704 1406 1771 doctissimi
1431 1705 1503 1770 viri.

196 1806 243 1870 lla
270 1807 380 1872 tradas
406 1809 593 1892 Nepotiane.
637 1808 673 1873 ln
701 1829 836 1888 srrmma,
865 1810 968 1874 iacias
988 1810 1047 1873 tibi
1067 1809 1203 1873 anticum
1232 1808 1314 1874 brine
1342 1808 1506 1892 Pyrrhum,

196 1910 284 1973 utilis
306 1911 365 1974 erit
397 1917 429 1974 et
456 1910 560 1976 indies
587 1911 698 1976 carior.
741 1910 842 1976 Unice
865 1912 981 1992 probo,
1008 1909 1092 1992 qnod
1113 1911 1146 1974 in
1169 1910 1308 1975 tenebris
1329 1910 1503 1974 scribarum

198 2011 276 2076 lueis
294 2011 434 2076 Romane
460 2013 672 2094 cognitionem
699 2013 831 2094 agncmt
856 2013 1011 2094 aliterque
1038 2013 1155 2077 sentiat
1182 2031 1276 2093 quam
1303 2012 1504 2076 termularius

197 2112 228 2175 in
240 2112 459 2178 iorodetritus.
502 2113 584 2178 Huic
604 2115 721 2178 amoris
742 2135 818 2196 ergo
840 2114 895 2178 bos
911 2115 1058 2178 Horatii⁶
1078 2133 1187 2178 versus
1199 2113 1285 2177 velut
1297 2113 1505 2177 incitabnlum

197 2215 359 2298 proposui:
390 2215 498 2298 „Seps
525 2216 631 2281 stilum
657 2223 779 2296 vertas,
806 2217 919 2281 iterum
940 2236 1002 2298 que
1023 2217 1123 2298 digna
1143 2216 1206 2297 legi
1235 2217 1301 2279 sint
1321 2216 1504 2297 scripturus,

196 2333 299 2398 neque
319 2323 350 2380 te
371 2325 405 2381 ut
425 2320 554 2382 miretur
574 2319 666 2383 turba
688 2319 826 2397 labores,
847 2327 1012 2383 contentus
1033 2319 1145 2401 paucis
1167 2318 1372 2382 lectoribus“.
1418 2316 1506 2399 Vale,

199 2417 339 2493 Urbane,
373 2409 406 2484 et
437 2419 606 2484 Henricum
639 2421 881 2504 Aperbacebum
914 2421 1099 2486 Ciceronis⁶
1130 2439 1258 2503 operum
1290 2418 1506 2528 cobergntiurn

197 2518 378 2585 admoneas.

275 2622 383 2686 Pridie
404 2621 481 2687 Idus
501 2623 712 2706 Septembris,
742 2623 804 2688 imo
826 2622 930 2708 pridie
951 2622 1117 2688 Calendas.
1159 2623 1231 2687 Non
1253 2622 1378 2706 inspexi
1405 2622 1505 2688 laetos
1537 2669 1546 2682 .

196 2731 228 2788 et:
259 2723 329 2789 sino
356 2723 426 2790 dies
453 2723 654 2808 preterfluere
683 2745 829 2805 securus,
857 2745 920 2789 non
945 2726 1085 2790 crastina
1112 2744 1239 2800 curans,
1270 2724 1347 2807 quia
1374 2726 1504 2791 minime

196 2845 321 2892 avallis.
418 2865 420 2868 ·

266 2936 446 2984 llandsclrriltl.
466 2937 484 2982 [u
506 2936 556 2985 202
576 2937 617 2984 iol.
642 2937 833 2985 rtcv-lttr.

197 3131 282 3203 206.
304 3131 348 3199 ll.
363 3152 415 3216 ¹au
438 3095 580 3208 Urban.
740 3135 871 3216 (liotba
882 3136 979 3207 1512.
1010 3085 1112 3203 llnde
1124 3136 1354 3218 Augusteum
1365 3137 1505 3221 Arriang

347 3231 583 3316 September.)

265 3357 328 3403 ldut.
347 3359 484 3417 acceptiert
501 3357 534 3404 irn
549 3359 722 3418 Allgemeinon
740 3361 780 3406 dle
794 3359 924 3419 liatnnnrg
937 3360 1044 3420 Urbane,
1063 3360 1183 3420 vorliiulig
1204 3360 1231 3406 in
1249 3360 1293 3407 der
1304 3359 1502 3419 Kritelingsclren

195 3427 426 3474 Streitancbesiclr·
437 3428 509 3487 ruhig
527 3443 557 3474 cu
575 3430 786 3494 verlralten,rrill
804 3431 864 3477 aber
882 3431 965 3490 oinigc
984 3431 1085 3476 weitcro
1103 3431 1214 3478 Sclrrittc
1232 3430 1296 3478 doclr
1317 3431 1388 3476 tbun.

274 3511 406 3596 Erudilo
425 3532 456 3591 ct
476 3527 613 3610 sapienti
634 3527 703 3591 viro
723 3527 859 3593 Henrieo
884 3528 1053 3608 Urbano,
1074 3527 1280 3614 philosopho,
1309 3527 1503 3611 presbytero,

105 3692 111 3701 ,
195 3647 343 3692 economo
364 3634 396 3692 et
415 3629 518 3694 amico
540 3628 632 3712 primi
655 3630 800 3710 nominis,
824 3629 982 3700 Matienus
1004 3630 1111 3695 Rufus.

198 3771 240 3776 ...-
245 3771 302 3778 v-—-
310 3771 395 3778 ——0—1-

259 3843 269 3884 ¹
291 3846 422 3904 Niimlich
449 3851 498 3904 der
520 3847 655 3922 sigillifer
675 3852 818 3906 lohannes
838 3849 1020 3922 S'e'mmering.
1062 3850 1181 3904 blutiau'
1195 3851 1245 3904 bat
1260 3837 1367 3905 ⁴diesen
1395 3850 1501 3905 Numen

183 3933 247 3980 ‘von
269 3927 359 3982 dieser
380 3928 441 3984 Zeit
462 3947 497 3985 an
519 3930 705 3988 beibehalten.

257 4003 328 4061 ²Es
349 4009 458 4082 sebeint
478 4008 574 4064 Simon
592 4001 697 4067 Vblzlte
717 4011 842 4083 gemeiut
860 4030 893 4065 cu
914 4011 982 4067 sein.
1024 4011 1062 4064 Er
1084 4030 1140 4066 war
1158 4010 1284 4065 dasselbe
1309 4029 1354 4065 am
1377 4009 1503 4065 lrlrfurter

196 4085 596 4156 Marionetilte,wasdoban11
618 4090 793 4164 Sbmmering
813 4110 856 4146 am
879 4090 1051 4146 Severistifte
1072 4110 1135 4148 war.

256 4162 270 4206 3
292 4169 356 4239 Vgl.
376 4169 446 4224 iiber
465 4170 513 4224 ihn
535 4171 580 4226 Br.
593 4171 650 4224 174
671 4171 696 4228 S.
714 4171 770 4225 247
794 4170 874 4225 Anm.
887 4171 914 4224 2.

254 4243 268 4286 4
290 4247 385 4321 Georg
404 4248 519 4325 Simler,
543 4250 674 4324 Plnilolog
695 4253 751 4306 und
771 4252 873 4318 durist,
895 4269 951 4306 wer
968 4251 1074 4307 chrer
1095 4252 1316 4308 Melanebthons.
1363 4251 1420 4304 Das
1440 4248 1501 4304 hier

195 4326 222 4380 in
246 4327 321 4388 Rede
347 4330 480 4384 stclrende
505 4333 719 4402 grammatisebe
738 4332 825 4387 'Werlr
855 4332 982 4388 crsehien
1008 4331 1084 4386 1512
1115 4333 1159 4387 bci
1183 4332 1306 4387 Thomas
1327 4331 1442 4386 Ariselrn
1471 4330 1501 4384 in

195 4406 353 4480 Tiibingen.
385 4407 446 4480 vgl.
468 4411 580 4480 Panacr,
604 4408 729 4469 Annales
752 4418 808 4485 typ.
821 4411 900 4488 Vlll,
922 4413 949 4468 S.
960 4411 1028 4472 322.
1281 4416 1286 4423 '

255 4483 395 4548 trecoren
418 4489 439 4558 1,
462 4490 508 4544 no.
532 4491 668 4549 re-rs.

256 4563 271 4608 θ
289 4569 353 4644 Vgt.
363 4569 409 4624 Br.
421 4570 488 4630 200.
