3625 5192
279 310 344 363 ’360
434 336 439 345 ·
542 259 557 271 ·
666 308 926 378 Geschiolrtsquellen
944 307 993 363 dor
1010 304 1084 361 Pron,
1104 304 1227 361 &mssa

289 465 421 523 meeum:
473 456 576 522 Hodie
606 478 656 522 me
687 458 840 523 salutavit
868 456 1037 523 Musardus
1065 465 1097 521 et
1130 456 1241 521 mirum
1270 454 1455 535 eandorem,
1486 454 1597 519 miram

290 560 477 626 modestiam
500 580 610 641 prese
631 559 713 624 tulit.
756 559 820 624 Sed
840 559 913 641 quis
933 566 1039 643 potest
1058 558 1181 621 dnobus
1193 557 1332 623 dominis
1348 558 1489 621 servire?
1529 556 1599 633 Que

290 662 467 728 communio
494 662 575 725 lueis
599 668 632 726 et
657 661 882 752 tenebrarum?
929 658 1070 725 Adheret
1098 659 1255 740 Lotianis‚
1287 659 1411 723 Lotinm
1440 658 1539 740 elegit
1566 658 1598 721 in

289 757 504 847 μυσταγωγὸνε
542 770 707 827 astantem.
765 762 965 827 Saerilioabit
1004 762 1036 825 in
1074 761 1177 845 prims
1208 760 1263 826 die
1299 762 1376 825 solis
1411 768 1483 843 post
1513 759 1598 825 diem

289 864 462 930 Beruardi¹
484 865 618 930 vestitos
638 884 660 927 a
681 864 822 928 Duronio
843 865 981 945 egregie.
1025 864 1146 927 Damus
1170 863 1321 928 Reuohlin
1346 862 1469 945 grande
1488 882 1599 942 argen-

288 975 374 1033 teum
400 966 572 1044 nomisma,
599 987 660 1031 non
688 977 793 1031 tamen
821 966 900 1031 illud
921 967 1103 1044 maximum
1130 965 1254 1047 ltaque
1275 962 1368 1045 tidem
1390 966 1526 1029 cursoris
1545 983 1598 1028 ex-

289 1069 389 1153 plora.
432 1067 743 1148 SeribatPetreius²‚
762 1087 875 1149 -ego
896 1067 992 1152 plane
1012 1074 1043 1133 et
1063 1068 1250 1150 simpliciter
1270 1066 1418 1131 soribo-
1443 1073 1476 1130 ut
1496 1068 1600 1148 magis
1684 1153 1687 1158 -
1794 1118 1795 1137 ,

289 1190 428 1236 amorem
449 1189 543 1252 quam
565 1169 760 1251 elegantiam
779 1169 898 1251 probet.
941 1170 1019 1236 Vale
1040 1178 1071 1234 et
1091 1169 1146 1233 diu
1169 1169 1250 1233 bene
1272 1169 1355 1234 vive.

372 1272 434 1336 Die
455 1270 670 1354 Magdalenes.

362 1395 543 1443 llundsehrittl.
563 1394 645 1442 ΗΜ
662 1396 703 1442 lol.
714 1391 823 1444 autv-
831 1394 884 1444 208
890 1411 910 1444 r.

293 1644 374 1715 275.
396 1643 595 1725 Peutlnger
615 1661 661 1709 an
683 1641 832 1710 llutlan.
1126 1644 1311 1727 Augslsurg
1323 1641 1418 1714 1513.
1450 1643 1529 1709 dull
1543 1642 1601 1709 25.

363 1768 501 1828 Peutingsr
526 1768 693 1816 beantvortet
722 1770 795 1815 einen
818 1770 907 1829 jirngst
933 1783 966 1815 an
989 1768 1033 1815 ilnr
1061 1766 1216 1825 gerichtsten
1239 1768 1311 1815 Brisl
1330 1768 1441 1815 llutians
1470 1768 1521 1815 und
1548 1782 1603 1815 ver·

292 1838 385 1885 breitet
403 1839 457 1885 sich
475 1839 627 1885 austirhrlicli
647 1840 709 1885 uber
727 1840 862 1885 ltsurhlins
880 1839 957 1887 Struit
977 1838 1023 1885 mit
1043 1838 1091 1885 den
1111 1838 1233 1890 lidlnern.

372 1934 778 2017 ChunradusPentingerus
789 1937 994 2017 Augustanus
1006 1936 1153 2001 Cunrado
1164 1934 1258 2000 Muti
1269 1954 1342 2001 ano
1358 1934 1588 2001 iuriseonsulto.

372 2025 518 2119 Epistula
540 2044 596 2101 tua
616 2038 658 2100 ad
677 2038 755 2113 XVI
777 2037 937 2102 Kalendas
959 2038 1095 2103 Sextiles
1117 2037 1195 2101 data
1208 2036 1315 2100 multa
1335 2056 1385 2099 me
1407 2035 1604 2101 iucunditate

292 2136 412 2219 affecit,
435 2158 506 2202 oum
527 2138 611 2221 qruod
633 2139 765 2220 elegans
785 2145 817 2203 et
838 2139 965 2204 erudita
985 2145 1049 2202 tum
1073 2138 1168 2203 etiam
1193 2146 1278 2202 tuum
1301 2158 1378 2219 erga
1394 2158 1443 2203 me
1466 2157 1605 2204 amorem

292 2238 448 2321 simulque
469 2239 609 2305 dolorem
629 2240 772 2305 eomunis
793 2239 886 2304 amiei
907 2240 1005 2307 nostri
1029 2240 1155 2305 loannis
1171 2239 1323 2305 Reuofflm
1342 2240 1518 2324 Capnionis
1532 2259 1604 2304 oon·

292 2348 417 2425 neptum
444 2360 465 2404 a
491 2350 522 2406 te
548 2342 721 2405 insinuans.
763 2341 847 2424 Ego,
875 2349 910 2404 ut
936 2341 994 2406 tibi
1016 2360 1122 2409 amore
1144 2350 1250 2405 mutuo
1271 2341 1497 2425 respondeam,
1525 2339 1602 2423 qnid

292 2441 413 2520 diuam,
442 2453 513 2505 non'
533 2443 611 2506 satis
637 2442 749 2508 habeo.
792 2445 890 2507 Amas
917 2462 967 2507 me
996 2462 1058 2505 non
1081 2442 1161 2506 meis
1182 2443 1319 2524 meritis,
1339 2446 1415 2523 quia
1436 2444 1496 2508 tibi
1518 2442 1604 2507 nulla

291 2542 449 2626 impendi,
480 2549 541 2607 non
577 2545 674 2609 etiarn
708 2543 886 2610 eruditione
922 2562 1009 2625 noea,
1045 2563 1126 2625 quae
1156 2545 1260 2607 tenuis
1288 2543 1466 2608 admodum.
1519 2542 1603 2621 Quid

293 2644 445 2708 tandem?
484 2644 665 2726 Singularis
684 2645 741 2709 illa
763 2653 818 2710 tua
838 2653 886 2711 est
904 2644 1127 2710 benevolentia
1147 2652 1178 2709 et
1200 2646 1397 2726 humanitas,
1420 2646 1534 2727 quibus
1555 2665 1605 2710 me

291 2746 518 2829 oonipleeteris.
565 2748 713 2829 Agnosco
742 2748 892 2830 pietatem
921 2756 1025 2825 tuam,
1056 2765 1134 2827 erga
1156 2766 1205 2811 me
1232 2747 1436 2825 charitatem,
1466 2744 1604 2811 studium

292 2854 387 2939 atque
413 2844 515 2910 fidem.
556 2848 626 2928 Ago
646 2868 708 2913 non
736 2848 835 2912 solmn
867 2846 926 2910 tibi
947 2846 1082 2929 gratias,
1114 2845 1168 2911 sed
1190 2854 1222 2912 et
1243 2847 1357 2913 rel'erre
1378 2848 1511 2929 enrobo,
1534 2866 1604 2913 oum

292 2948 426 3031 primum
454 2948 590 3028 licuerit,
620 2958 666 3029 et,
695 2957 728 3013 ut
750 2950 812 3013 eito
836 2949 948 3028 liceat,
974 2956 1050 3030 opto
1071 2967 1182 3029 meque
1205 2948 1249 3012 tui
1271 2948 1603 3014 observantissimum'

291 3048 475 3114 diiudicato.
517 3050 706 3135 Persor·ipsit
725 3050 766 3115 ad
790 3038 839 3114 me
860 3049 1090 3135 illustrissimus
1115 3050 1263 3133 prindeps
1283 3060 1364 3128 tuus,
1386 3052 1481 3114 immo
1507 3069 1604 3129 nisus,

292 3152 443 3214 maiestas
463 3151 543 3216 bene
566 3153 729 3233 agentium
751 3160 783 3237 et
808 3152 979 3233 praecipue
1001 3152 1190 3215 eruditorum
1214 3160 1245 3216 et
1265 3138 1394 3217 numeni
1432 3152 1466 3216 Si
1484 3152 1603 3215 dudum

292 3251 465 3317 Germania
486 3261 593 3318 nostra
614 3252 670 3316 hos
691 3259 722 3316 et
743 3252 864 3316 similes
885 3252 1155 3334 eorrgerminasset
1175 3252 1277 3328 liores,
1299 3254 1473 3318 consultum
1493 3254 1604 3318 luisset

293 3354 373 3423 bene
402 3360 435 3417 et
460 3353 634 3418 maioribus
659 3355 775 3419 uostris
802 3362 834 3418 et
860 3354 957 3418 etiam
989 3353 1133 3436 posteris.
1181 3352 1230 3417 Ex
1260 3356 1487 3421 Germanorum
1518 3356 1602 3419 enirn

291 3456 392 3537 gestis
417 3454 511 3519 facile
536 3456 785 3539 perspiceremus
813 3454 928 3535 multa,
954 3473 1036 3536 quiae
1065 3454 1171 3545 decori
1199 3476 1305 3521 eorum
1327 3452 1357 3521 et'
1378 3464 1603 3521 exornamento

292 3557 488 3620 secederent.
529 3556 618 3621 Haeo
643 3565 770 3637 torpore
794 3556 877 3620 alias
902 3555 1081 3638 etdesidia
1101 3565 1132 3620 et
1154 3556 1269 3620 iniuria
1298 3558 1468 3623 obliterata
1489 3558 1601 3622 iaoent.

292 3658 488 3741 Capniouem
515 3664 654 3720 nostrum
684 3656 792 3722 laesae
818 3657 995 3721 maiestatis
1022 3656 1152 3721 divinae
1179 3659 1370 3739 postulatum
1396 3660 1534 3725 nondum
1556 3660 1602 3723 in·

291 3759 410 3825 tellexi.
452 3759 719 3825 consultationem
747 3778 837 3823 suam
858 3779 954 3843 super
972 3758 1185 3824 Hebraeorum
1208 3759 1311 3842 libris,
1335 3782 1376 3825 an
1399 3760 1602 3827 comburendi

292 3864 370 3935 siut,
399 3880 514 3942 neone,
539 3867 573 3924 ut
594 3861 693 3939 nosti,
714 3860 862 3925 delendit.
905 3862 942 3925 ln
962 3880 1032 3926 eum
1054 3861 1198 3926 iuventus
1220 3870 1268 3927 est
1290 3862 1446 3928 Amoldus
1464 3860 1601 3944 Tunger,

291 3963 457 4044 theologus
483 3962 746 4046 profundissimus
771 3971 803 4028 et
826 3962 1059 4029 laurentianae
1081 3964 1194 4030 bursae
1220 3984 1333 4047 regens
1354 3964 1541 4048 primarius³
1565 3998 1599 4010 -

362 4080 374 4106 ³
392 4085 433 4133 Ill.
455 4086 498 4132 vir.
518 4086 563 4145 hp,
581 4086 840 4137 observandissimum.

353 4280 366 4323 1
387 4284 446 4339 Der
465 4284 671 4356 Bernhardstag
692 4284 757 4339 tiillt
777 4286 897 4340 atriden
921 4286 967 4339 20.
982 4286 1100 4357 August.
1548 4334 1554 4355 ,

354 4360 368 4404 ²
389 4364 516 4435 Potrejns
536 4365 573 4419 ist
592 4366 695 4419 diesem
715 4364 873 4437 Verlangen
895 4367 1144 4439 rraehgelromrnen.
1186 4368 1244 4424 Der
1269 4368 1438 4423 betrellende
1459 4367 1540 4423 Brief
1566 4368 1602 4425 ist

292 4444 466 4517 abgedruckt
486 4445 515 4498 in
536 4446 585 4499 der
606 4444 651 4502 Ill.
662 4445 710 4499 vir.
722 4463 766 4515 ep.
780 4445 828 4500 fol.
840 4446 913 4517 y4r.

353 4520 368 4564 ³
388 4525 451 4601 Vgl.
465 4524 512 4580 Br.
525 4524 582 4581 218
604 4524 631 4581 S.
644 4524 700 4581 296
722 4524 803 4583 Anrn.
815 4524 852 4587 2„
