3625 5192
652 383 742 439 Brioie
756 383 876 438 Mutisns
893 383 953 438 210.
973 384 1034 442 211.
1441 384 1493 440 287

173 615 175 618 Ι
268 531 302 594 S.
344 529 458 596 Multos
470 531 568 596 nostri
583 530 691 613 studii,
713 533 777 597 imo
796 532 947 615 plurimos
958 532 1085 598 codices
1095 532 1276 598 adservari¹¹
1293 532 1327 596 in
1337 531 1494 600 fornicata

152 665 155 670 ·
186 633 266 698 cella
282 633 486 698 Greculorum
509 635 758 714 argumentosit
781 653 928 698 uumerus
948 635 979 698 in
1002 634 1140 700 liminari
1161 635 1293 718 pagina.
1334 634 1388 700 Sic
1409 636 1493 701 euim

186 741 370 799 annotatum
383 741 445 799 est:
467 737 508 800 48
522 736 646 818 poetice
656 739 677 800 l.
719 736 753 800 Si
769 743 815 800 tot
834 736 987 800 subsellia
1003 736 1109 800 sedern
1121 736 1287 800 Gurdteril
1311 738 1493 820 precedunt,

187 857 247 902 non
267 835 351 901 hunc
371 855 440 900 esse
462 856 576 921 pompe
598 837 691 902 finem
713 838 874 918 existimo,
900 857 970 902 cum
994 846 1026 902 et
1053 839 1123 921 ipsa
1146 838 1277 902 materie
1298 838 1439 920 dignitas
1460 848 1493 903 et

187 939 251 1003 stili
279 939 418 1003 facilitas
445 959 507 1002 uon
535 940 576 1003 sit
597 937 694 1004 infimi
723 939 793 1003 loci.
836 939 867 1003 X
889 949 962 1004 sunt
988 939 1059 1003 libri
1091 940 1180 1004 iuxta
1208 940 1317 1004 literas
1345 941 1491 1020 nominis,

186 1041 268 1124 quod
288 1048 337 1106 cst
358 1041 557 1106 Guillermus.
600 1041 934 1122 Notabilesdicuutur,
956 1041 1033 1124 ucria
1053 1039 1220 1124 depravati
1241 1049 1274 1105 et
1294 1031 1491 1107 criticauota

186 1143 275 1225 digni
306 1163 366 1206 nou
395 1143 494 1208 solum
525 1151 697 1226 temporum
727 1143 858 1222 iniuria,
890 1144 947 1206 sed
975 1142 1112 1208 auctoris
1138 1161 1261 1225 quoque
1288 1143 1491 1226 negligencia

186 1246 256 1329 plus
274 1264 367 1327 quam
383 1245 508 1329 supina.
550 1244 622 1308 Non
637 1253 811 1310 contemno.
854 1245 966 1327 Neque
986 1243 1070 1310 enim
1092 1244 1170 1308 mibi
1191 1245 1301 1309 iudicii
1322 1246 1391 1310 loco
1412 1246 1492 1310 livor

186 1353 234 1412 est
254 1354 288 1411 nt
309 1347 374 1412 lere
395 1346 529 1412 literatis
551 1346 642 1411 huius
663 1347 725 1424 evi,
744 1345 800 1410 sed
818 1345 956 1411 candide
974 1345 1120 1410 iudicans
1133 1346 1306 1429 pronuncio
1326 1357 1491 1414 sexcentos

186 1449 291 1513 incudi
313 1447 492 1534 reddendos
513 1467 581 1514 esse
600 1447 771 1513 rersusvel
795 1445 876 1530 pede
897 1445 1114 1512 claudicantes
1130 1447 1180 1511 vel
1202 1447 1399 1531 eleganciam
1421 1470 1489 1534 pro

185 1549 413 1632 prietatemque
446 1551 537 1614 latini
567 1549 721 1615 sermonis
747 1548 974 1613 desiderantes.
1023 1549 1065 1614 L't
1090 1550 1212 1613 mittam
1240 1549 1372 1615 historie
1397 1550 1489 1616 iidem

184 1651 341 1717 elevatam
362 1651 454 1716 modo
474 1649 590 1732 frigide
613 1650 707 1716 modo
736 1650 853 1730 laxius,
883 1651 916 1714 in
944 1653 1204 1716 connumeratio
1230 1671 1292 1716 uon
1320 1655 1491 1737 respondet

185 1752 319 1820 heroicis
340 1753 445 1836 gestis.
476 1751 597 1818 Vellem
610 1751 839 1820 Horatianum²
862 1751 940 1816 illud
957 1763 1138 1838 preceptum
1150 1755 1297 1818 memoria
1320 1755 1489 1820 tenuisset:

185 1855 330 1936 „Sumite
362 1855 527 1920 materiam
559 1854 690 1934 vestris,
724 1855 778 1936 qui
808 1852 964 1936 scribitis,
997 1873 1110 1935 eqruam
1141 1855 1291 1920 viribus“
1343 1855 1491 1923 Preterea

184 1956 318 2023 libenter
337 1956 471 2041 adoptat
491 1956 553 2022 sibi
576 1975 685 2023 versus
704 1955 836 2036 alienos,
857 1955 950 2037 quasi
969 1955 1066 2020 licoat
1084 1957 1227 2040 expilare
1248 1957 1368 2044 priores
1389 1959 1490 2025 libera

183 2059 293 2125 fronte.
335 2059 400 2124 Sed
422 2059 481 2124 hac
503 2059 534 2123 in
553 2067 643 2142 parte
664 2059 791 2124 veniam
813 2058 934 2122 damus.
976 2057 1047 2122 Non
1069 2066 1118 2122 est
1138 2059 1223 2123 enim
1241 2067 1331 2144 turpe
1353 2061 1489 2126 mutuari

183 2160 283 2228 verba
303 2168 335 2224 et
356 2164 530 2226 sententias
557 2181 578 2226 a
601 2160 726 2242 maguis
755 2157 969 2243 scriptoribus,
1010 2159 1101 2225 l'ocit
1135 2160 1193 2225 boc
1209 2161 1383 2243 Vergilius,
1412 2162 1494 2227 lacit

184 2262 268 2328 idem
295 2273 424 2328 sanctus
458 2271 552 2348 poeta
580 2262 713 2327 loannes
741 2261 892 2345 Baptista.
942 2261 1025 2326 lllud
1052 2263 1162 2342 miror,
1196 2283 1251 2327 cur
1280 2263 1401 2329 librarii
1426 2283 1488 2330 uon

185 2365 323 2431 babeant
344 2365 402 2430 hoc
429 2384 560 2448 poema,
588 2363 672 2447 quod
700 2363 879 2446 legentibus
903 2362 1077 2428 Alexandri
1104 2372 1195 2446 gesta
1219 2365 1375 2449 uoluptati
1400 2365 1490 2446 iuret,

100 2527 110 2548 ,
184 2467 232 2532 De
255 2467 318 2532 illis
339 2467 461 2549 loquor,
489 2469 543 2548 qui
564 2473 693 2531 versant
713 2467 750 2544 Q.
793 2465 936 2530 Curtium
956 2475 988 2531 et
1009 2467 1191 2546 Attianum,
1218 2487 1309 2549 quem
1329 2465 1489 2532 latinitate

185 2567 533 2634 donavitdmhrosius³
553 2567 733 2634 uronacbus.
771 2569 813 2632 Ut
824 2577 928 2637 autem
942 2587 1045 2650 pauca
1065 2567 1105 2634 de
1127 2569 1233 2633 multis
1243 2570 1363 2634 viciose
1384 2569 1489 2654 posita

183 2690 266 2736 nuuc
287 2671 439 2748 indicem,
464 2670 511 2735 sic
531 2669 591 2736 ait:
615 2669 860 2750 „Narbauoues0
882 2668 968 2734 molli
990 2670 1101 2750 Bagou
1121 2670 1319 2754 suplicantel
1338 2671 1489 2754 recepit‘.

183 2773 305 2838 Drusus
325 2771 436 2836 scribit
457 2771 589 2855 oppinio
610 2771 704 2835 nimis
714 2771 867 2855 prodigus
879 2770 1047 2836 literarum.
1090 2772 1150 2835 llic
1171 2771 1339 2840 defraudat
1359 2773 1489 2837 verbum

183 2874 328 2959 supplico
342 2893 403 2939 uuo
418 2895 439 2958 p
457 2874 568 2955 litera,
584 2874 657 2937 item
681 2873 817 2939 loachim
830 2873 1016 2952 Hieremias,
1039 2873 1113 2938 item
1135 2874 1288 2938 Flaudria
1309 2873 1487 2940 Robertuur.
1577 2919 1581 2926 -

183 2976 286 3042 Aliter
306 2977 456 3042 enunciat
477 2977 668 3042 Mantuanus
689 2984 803 3040 noster.
844 2974 957 3038 Verum
979 2982 1084 3040 cetera
1105 2984 1249 3058 pretereo
1269 2975 1399 3041 fastidio
1419 2995 1489 3060 par-

184 3097 266 3144 cens.
309 3079 362 3142 Dii
385 3079 501 3157 faxint,
523 3087 557 3142 ut
578 3084 609 3142 te
630 3085 662 3142 et
685 3077 888 3148 Gecrrsum⁰⁴,
911 3077 989 3141 iuris
1011 3076 1236 3160 neoptolemus,
1259 3077 1392 3141 teliciter
1411 3076 1488 3141 rude

183 3180 300 3246 donent
328 3181 549 3245 iurisconsulti.
598 3179 681 3258 Quid
704 3189 752 3244 est
776 3179 863 3244 rudis
884 3181 945 3244 uisi
973 3179 1129 3244 bacillus?
1168 3179 1245 3244 Vale
1272 3178 1336 3244 diu.
1375 3178 1488 3244 Frater

181 3290 287 3348 tecum
309 3283 423 3348 valeat.
465 3281 534 3364 Ego
552 3283 654 3348 valeo.

262 3383 373 3449 Natali
393 3383 547 3450 Mariano.

251 3491 305 3543 'Ta
314 3497 445 3544 asservari.
484 3482 625 3544 luendus
639 3499 742 3558 poetria.
779 3493 1010 3546 ''d'strbszanes
1046 3481 1262 3558 “Fsupplieanta
1298 3491 1486 3548 θΤκὸιιιιιιιιιιι.

183 3599 383 3607 ..--

135 3717 138 3724 ,
246 3649 425 3724 lPhilippus
452 3653 621 3708 Guultherus
644 3655 678 3710 de
698 3654 865 3711 castellione
890 3655 1022 3711 versasste
1049 3655 1100 3710 aul
1118 3627 1278 3727 (lerundldge
1299 3673 1353 3710 von
1374 3653 1486 3710 Curtius

186 3733 235 3787 das
255 3732 479 3804 Heldengcdicht
499 3733 691 3802 Alexandreis,
720 3736 837 3791 welches
862 3737 890 3789 in
920 3738 973 3790 den
995 3736 1116 3790 Schulen
1144 3737 1193 3790 des
1216 3737 1260 3790 13.
1281 3755 1310 3790 n.
1332 3736 1369 3788 14
1387 3736 1485 3794 Jehrh.

184 3813 239 3868 viel
260 3814 371 3884 gelesen
394 3816 492 3868 surde.
534 3815 595 3886 Vgl.
617 3815 736 3883 Erlrsrd,
762 3815 931 3870 Geschichts
957 3817 1005 3870 des
1021 3816 1308 3871 Wiederaufhliihcns
1328 3816 1485 3873 wissensch.

182 3891 305 3964 Bildung
318 3893 339 3962 1,
359 3891 386 3948 S.
406 3892 498 3946 141—
515 3893 579 3948 142.
622 3893 669 3948 Bis
690 3913 750 3948 zum
773 3896 857 3950 dabre
881 3895 958 3948 1500
985 3897 1146 3950 enschieueu
1175 3898 1245 3951 nach
1267 3896 1355 3964 Hain,
1381 3896 1485 3967 Reper-

181 3973 281 4028 torium
305 3972 353 4029 Nr.
366 3971 574 4026 ulos-7455
595 3975 652 4028 drei
675 3975 795 4030 Drucke.

194 4047 196 4052 ’
241 4047 401 4123 2Ερὶειυιιι
417 4053 453 4121 ll,
474 4073 497 4107 v.
511 4053 591 4107 38-
603 4054 648 4108 39.

242 4129 257 4172 ⁸
277 4132 440 4187 Ambrosius
462 4133 654 4188 'lu-aversarius
675 4133 809 4206 (1386-
822 4135 921 4205 1439),
942 4135 1062 4190 General
1082 4138 1131 4190 des
1147 4133 1484 4201 CamalduenserOrdens,

184 4213 234 4267 hat
255 4212 314 4266 sich
335 4231 379 4266 arn
393 4214 507 4268 meisten
520 4214 606 4268 durch
617 4215 692 4269 suino
705 4215 727 4270 U
732 4217 947 4286 ehorsetzungen
958 4235 1007 4270 aus
1018 4217 1080 4270 deun
1092 4217 1291 4272 Gusebiscben
1303 4217 1427 4271 bekannt
1434 4235 1483 4287 ge-

184 4293 285 4348 macht
316 4291 379 4363 Vgl.
391 4293 626 4365 iiberithoigt:
647 4295 1028 4366 DieWiederbelebungdes
1040 4297 1122 4352 klass.
1133 4297 1265 4365 Alterss,
1280 4295 1483 4351 sarr-324.

243 4367 257 4412 ⁴
278 4373 316 4426 Er
335 4373 460 4445 erlangte
480 4373 607 4428 wirklich
632 4375 810 4447 gleichzeitig
836 4377 887 4430 mit
907 4375 1068 4446 Petrejus'
1060 4395 1098 4430 un
1119 4376 1245 4431 Sommer
1269 4376 1344 4430 1512
1371 4377 1449 4432 die'
1435 4394 1484 4447 Ju-

181 4452 309 4508 ristische
336 4451 610 4508 Bucularistswiirde.
659 4454 718 4509 Der
746 4455 829 4510 Liber
853 4455 990 4510 rationum
1018 4456 1182 4526 (fot114r)
1212 4464 1300 4511 nennt
1323 4464 1405 4510 uenter
1427 4457 1482 4512 den

181 4533 311 4587 withrend
330 4533 379 4587 des
400 4533 561 4589 Rectorates
588 4553 641 4589 von
670 4534 804 4590 Heinrich
822 4535 969 4590 Eberhseh
992 4537 1167 4608 graduierten
1187 4537 1335 4594 duriatent.
1350 4537 1483 4608 Magister

180 4613 324 4668 Johanues
344 4611 465 4683 Geckus,
486 4614 629 4684 utriusque
648 4614 715 4670 iuris
734 4615 899 4670 bucularius
