3625 5192
614 337 701 410 Brieie
720 338 839 411 biutisns
859 335 918 408 180.
939 354 997 414 181.
1017 337 1081 409 tsi..
1440 352 1493 406 255

188 502 264 570 181.
288 498 332 569 ii.
355 517 411 667 unpl
422 501 589 668 Phptrrppps
614 501 690 570 und
712 501 898 570 Hercbord
980 491 1227 586 (dothailbll.
1264 496 1491 568 bktuberii.

336 619 371 667 r.
414 647 424 667 .
474 619 494 666 n
558 619 615 666 cn.

256 725 316 774 Mut.
336 725 412 772 bittot
430 727 499 772 scine
512 727 609 786 jungeri
629 724 752 784 Freundm
771 725 824 772 rich
843 725 1080 782 einesBokunntsn,
1100 725 1145 771 der
1162 724 1241 770 durch
1256 723 1342 770 Eriurt
1360 722 1429 781 reiut,
1448 736 1492 768 an·

185 797 292 844 nebmen
312 811 342 842 mr
362 798 459 843 moilen.

266 877 329 946 Suo
351 880 511 944 Petreio
533 885 564 944 et
584 878 840 956 Herebordo,
861 879 939 942 viris
960 878 1154 944 doctissimis
1175 897 1200 942 s.
1222 897 1253 962 p.
1276 896 1306 960 p.

266 983 373 1046 Nostri
394 981 515 1045 ordinis
536 966 711 1065 bospitem¹
733 979 915 1046 Herebordo
936 989 1005 1060 tuo,
1032 982 1094 1045 imo
1115 988 1222 1046 nostro
1243 978 1492 1058 commendabis,

185 1092 219 1149 ut
238 1085 367 1167 gloriari
386 1084 485 1168 possit
505 1103 539 1148 se
560 1103 580 1146 a
604 1081 744 1146 biutiano
772 1081 874 1147 domis
898 1090 931 1146 et
957 1082 1106 1164 benignis
1126 1080 1384 1146 Eri'urdiensibus
1410 1101 1492 1146 com-

186 1184 367 1250 mendatum
388 1187 495 1251 fuisse.
538 1184 621 1249 Date
642 1203 781 1248 coenam.
825 1184 895 1248 Non
919 1191 969 1250 est
991 1183 1083 1248 bomo
1106 1183 1318 1266 nonroyriusr.
1359 1182 1493 1246 Amatur

188 1288 229 1353 ab
254 1288 433 1352 inachimo³
459 1295 491 1350 et
517 1286 666 1370 episcopo
688 1285 871 1370 bubonion*
893 1295 925 1350 ct
943 1305 1027 1350 nano
1054 1285 1137 1351 redit
1157 1289 1197 1357 εἰς
1218 1282 1346 1370 ἀρχαίας
1366 1277 1490 1369 φάτνας.

187 1389 255 1472 Ego
274 1409 325 1455 me
347 1397 443 1454 totum
467 1389 525 1453 tibi
546 1390 636 1453 trado
660 1397 694 1452 ut
714 1387 834 1452 homini
856 1388 934 1452 iuris
954 1386 1186 1454 studiosissimo
1206 1395 1239 1450 et
1257 1387 1460 1452 amicissimo.

265 1491 310 1555 Xi
334 1491 495 1556 Caicrrdas
517 1491 719 1554 Novembres.
762 1492 854 1555 Anno
877 1489 998 1555 nbxr.

255 1612 331 1662 Gsdr.
353 1613 376 1669 l)
395 1613 429 1658 im
448 1612 504 1660 Lib.
524 1625 580 1658 nov.
601 1612 643 1658 iol.
663 1611 725 1658 lar.
764 1605 792 1672 ²2)
812 1611 835 1659 b.
854 1611 887 1657 Ta
905 1613 929 1659 Β.
941 1611 1096 1662 neo-256.

185 1830 262 1898 rsa.
284 1829 519 1898 carreriam
541 1829 687 1896 uuonan.
978 1799 984 1810 ’
1015 1829 1172 1915 (renen
1186 1831 1285 1899 1512.
1317 1831 1489 1916 nprtlts.

256 1955 370 2002 Petreius
390 1955 466 2000 bittet
485 1954 590 2010 Mutinn,
610 1954 659 2000 ihm
678 1969 722 2000 aur
733 1954 974 2013 Wicdorcrlangung
992 1955 1062 2001 einer
1080 1956 1379 2014 unsgoliehenenSumme
1398 1955 1490 2003 Golden

187 2025 328 2072 bebbissicb
347 2039 376 2071 au
395 2026 449 2070 sein
473 2025 523 2071 und
544 2024 632 2072 sondot
651 2025 701 2070 ihm
721 2039 743 2070 u.
763 2039 785 2070 a.
807 2025 847 2070 dio
866 2024 1012 2084 Abbildung
1034 2025 1105 2071 einer
1124 2026 1294 2073 auffaiisnden
1314 2027 1471 2086 Missgsburt.

194 2205 197 2214 ⁸
266 2122 340 2186 Viro
361 2120 543 2186 doctissimo
566 2131 597 2186 et
617 2121 736 2205 optimo
759 2121 945 2200 Mutiano‚
966 2129 1076 2185 tatano
1097 2129 1202 2187 nostro
1222 2123 1489 2206 praesentissimo.

264 2223 379 2288 Salvus
398 2225 459 2303 sis,
487 2223 528 2286 mi
554 2223 700 2288 blutiane.
742 2223 846 2286 Audio
872 2221 1050 2290 Tiburtium
1074 2223 1249 2288 Caianum⁵
1275 2245 1345 2290 esse
1366 2225 1491 2290 Gotbae

187 2317 274 2410 apud
301 2326 458 2407 quendam
482 2323 816 2403 bieicbenrbodnm⁸⁶,
844 2325 993 2406 quocirca
1014 2326 1120 2407 legavi
1142 2327 1319 2390 ministrum
1346 2346 1449 2392 meum
1470 2347 1492 2390 a

186 2428 330 2511 pedibus,
352 2435 386 2491 ut
406 2427 499 2503 (siout
520 2415 641 2506 dicunt)
664 2435 842 2490 arrestetur.
886 2426 989 2491 Debet
1010 2429 1094 2492 enim
1116 2442 1228 2492 aureos
1243 2428 1327 2491 vul.
1369 2429 1490 2510 ltaque,

185 2549 271 2612 rogo,
292 2528 409 2593 doceas
429 2547 515 2609 cunr,
542 2548 562 2592 a
583 2548 644 2610 qno
666 2527 702 2591 id
721 2526 776 2591 iiat
797 2527 998 2608 magistratu,
1025 2537 1080 2592 ant
1102 2549 1159 2613 per
1179 2529 1323 2593 Rufinum
1353 2531 1490 2594 eiinmve

186 2651 324 2714 puerum,
346 2628 439 2694 modo
450 2632 606 2708 integrum
628 2629 687 2693 tibi
702 2635 753 2710 sit,
775 2631 983 2694 commendes.
1024 2631 1074 2694 Ad
1087 2631 1275 2708 baecmitto,
1295 2631 1378 2713 quod
1392 2651 1492 2717 nuper

185 2733 398 2816 promiseram,
420 2733 585 2797 monstrosi
610 2731 859 2814 partosetiigies,
882 2726 1013 2796 aiteram
1025 2733 1168 2798 servabis
1189 2736 1274 2817 apud
1297 2743 1336 2811 te,
1357 2732 1512 2797 aiteram.

184 2854 253 2898 cnm
275 2833 450 2898 euchiridio
471 2835 663 2916 magicorum
687 2835 861 2898 carminum
883 2841 916 2898 et
936 2833 1037 2899 literis
1057 2836 1186 2914 nostris,
1213 2855 1293 2917 quas
1314 2837 1356 2900 ab
1379 2835 1489 2900 eodem

184 2945 290 3000 nostro
306 2936 407 3026 Borea
427 2937 576 3019 accipies,
596 2936 638 3000 ad
650 2936 786 3016 Crotum,
809 2937 945 3000 amicum
967 2955 1172 3011 communem,
1195 2939 1307 3001 mittes.
1349 2936 1427 3001 Cum
1448 2939 1489 3000 ab

185 3039 394 3103 severioribus
422 3038 536 3102 studiis
564 3039 695 3103 feriatus
722 3040 834 3116 tueris,
865 3039 994 3103 institue
1016 3039 1143 3119 tongam
1165 3038 1420 3102 dissertationem
1448 3040 1489 3101 de

186 3139 273 3205 bisce
304 3142 465 3222 partubus.
522 3139 657 3204 Maiores
686 3142 782 3204 nostri
811 3140 942 3204 indictis
968 3139 1089 3203 litaniis
1117 3148 1149 3203 et
1178 3139 1265 3203 feriis
1291 3139 1490 3215 crucialibus,

187 3242 287 3307 induti
310 3241 430 3323 oilioin,
457 3243 579 3325 aspersi
592 3243 706 3307 'cinere
728 3242 830 3306 Deum
851 3243 930 3306 imm
952 3251 1222 3306 averrunoossent.
1265 3241 1397 3304 Romani
1415 3260 1489 3322 quo-

185 3363 246 3426 que
267 3353 389 3408 veteres
410 3344 595 3408 lustrassent
606 3343 723 3421 urbem,
746 3344 948 3408 circumirent
959 3343 1087 3426 tempta,
1110 3343 1290 3425 pulvinaria
1305 3349 1488 3406 sternerent.

185 3444 270 3523 Quid
291 3455 395 3510 autem
419 3446 518 3510 iaciat
539 3453 711 3510 contemtor
732 3447 825 3511 deum
838 3445 1050 3523 Mezentius&
1071 3463 1113 3507 an
1140 3444 1297 3528 prodigiis
1317 3449 1490 3522 moveatur,

187 3549 306 3630 ignoro.
350 3547 434 3612 Vale.
475 3548 612 3633 Raptim.

268 3651 327 3714 lili
351 3651 514 3715 Kalendas
535 3650 607 3715 Mai.
649 3655 742 3715 Anno
764 3649 900 3719 nuxit.

256 3765 268 3794 ⁸
287 3773 319 3846 ib
338 3772 581 3820 Bleicbonrbodium.

187 3873 388 3884 ——.-.-—-—

250 3933 261 3976 ¹
282 3936 338 3992 Die
360 3937 583 3992 Persis'nlicbkeit
602 3938 671 3991 liisst
691 3938 750 3992 sich
772 3938 850 3992 nicht
867 3939 1042 3996 bestimmen.

248 4012 262 4056 ²
282 4017 345 4089 vgl.
368 4019 437 4074 iiber
456 4018 540 4073 bomo
562 4018 727 4088 Bombylius
747 4018 884 4088 Erasmus,
906 4019 1013 4089 Adsgia
1032 4038 1058 4090 p.
1075 4018 1139 4072 541.

248 4092 420 4166 3Joacbim,
443 4099 576 4152 Kuriiirst
594 4115 648 4152 von
669 4097 875 4170 Brandenburg.

247 4173 262 4216 4
282 4177 413 4233 Theodor
432 4195 485 4232 ron
505 4177 611 4233 Biilow.

248 4253 367 4313 ⁶Beide
387 4259 447 4312 sind
470 4259 522 4312 mir
542 4267 618 4312 sonst
639 4259 717 4313 nicbt
729 4258 860 4312 bekannt
889 4257 1041 4313 Vielieicht
1060 4260 1096 4312 ist
1107 4258 1344 4315 Bicicbenrbodus
1354 4259 1491 4314 identiscb

189 4339 240 4392 mit
259 4339 321 4392 dem
343 4339 428 4396 Mich.
446 4338 520 4391 1498
543 4341 572 4392 in
593 4339 688 4392 Erfurt
707 4337 966 4393 immntrikuiierten
988 4340 1122 4409 „Johsnn
1133 4339 1491 4395 BlichenrodtdeGotba“.

250 4415 264 4457 ⁶
285 4419 348 4490 Vgl.
363 4418 468 4490 Vergil,
488 4419 591 4473 Aeneis
606 4419 669 4487 Vll,
683 4417 865 4472 ort-648:

489 4508 599 4561 Primus
617 4508 670 4561 init
688 4508 794 4562 balium
814 4507 966 4578 Tyrrhenis
986 4525 1065 4579 asper
1085 4508 1121 4563 ab
1144 4509 1199 4564 oris

490 4585 650 4643 contemtor
670 4587 763 4644 dirum
787 4587 948 4646 Mezentius
