3625 5192
641 348 730 405 Briols
749 346 870 404 Mutianr
884 346 944 403 270.
963 344 1022 401 271.
1043 346 1103 402 272,
1470 344 1521 400 857

214 505 322 563 nomer
342 517 444 581 nuper
463 498 525 562 sibi
541 504 667 582 empta·
689 497 965 563 nobisosteudat1.
1008 496 1129 575 Quaml
1151 498 1264 563 vellem
1280 516 1344 562 uon
1366 498 1523 563 irritasset

214 601 342 684 globum
361 600 576 683 sophisticum.
620 601 654 665 Si
676 599 867 672 excludetur,
888 598 966 682 quid
987 598 1020 662 id
1043 601 1192 665 nocebit?
1233 600 1375 665 Recessit
1395 619 1415 662 a
1439 620 1521 664 conr-

213 703 362 769 mnnione
384 703 604 784 magistrorum
634 711 667 767 et
685 701 879 774 diseeucium
905 708 938 765 et
962 702 995 766 in
1017 702 1122 766 album
1146 721 1303 767 musarum
1326 701 1442 766 relatus
1464 707 1521 781 est,

215 805 299 887 quod
321 804 457 868 nomini⁰
479 803 603 869 sufficit.
644 804 784 886 Reliquit
794 804 907 868 cellam
920 803 1110 869 meritoriam
1122 810 1155 869 et
1164 806 1305 886 iungitur
1317 803 1374 867 t'ori
1388 804 1520 867 muueri-

211 906 281 991 bns.
324 907 402 985 Quis
422 907 588 971 damnaret
608 926 693 986 eum,
720 906 775 988 qui
799 925 834 971 se
860 926 881 970 a
905 906 1035 969 domina
1062 907 1320 990 contemplatrice'
1348 906 1390 969 ad
1419 924 1520 969 rerum

214 1010 420 1073 hnmanamm
448 1010 621 1093 reginaml,
643 1010 800 1073 actionem
822 1028 896 1074 vere
918 1008 1057 1087 virtutis,
1084 1008 1255 1092 perlectum
1284 1007 1420 1071 officium
1449 1028 1522 1072 con-

215 1111 296 1175 tulit.
338 1112 411 1177 Alia
432 1110 608 1176 Herebordi
629 1130 726 1175 causa
748 1118 805 1176 est.
847 1111 895 1188 Is,
917 1130 967 1176 me
990 1098 1110 1189 hercle,
1134 1118 1218 1175 stare
1240 1111 1308 1175 sine
1329 1108 1521 1174 adminiculo

213 1213 334 1279 l'avoris
354 1212 535 1278 scholastici
557 1232 619 1277 non
642 1219 755 1297 potest,
777 1214 839 1277 imo
859 1232 960 1295 neque
982 1232 1148 1295 assurgere
1161 1211 1203 1277 ad
1215 1213 1383 1276 lectionum
1405 1211 1521 1276 emolu·
1594 1285 1597 1292 Ι

213 1316 362 1382 lumenta.
405 1315 475 1394 Quo
497 1316 599 1397 magis
619 1315 715 1379 miror
733 1332 877 1379 nonense
898 1315 1030 1379 cureilli
1046 1333 1084 1379 ac
1103 1313 1306 1379 sollicitudini
1328 1313 1522 1377 rumusculos

215 1419 481 1503 philosophomm.
526 1416 664 1482 illudunt
683 1418 712 1481 ei
735 1424 861 1500 spectra
882 1416 982 1481 mala:
1005 1416 1175 1501 phantasie
1194 1426 1250 1480 seu
1272 1414 1522 1497 imagiuaciones

191 1522 397 1607 depravate.
439 1519 527 1603 Nam·
544 1520 674 1584 offertur
694 1520 723 1585 ei
745 1520 869 1603 species
889 1519 976 1583 velut
1002 1519 1162 1583 somnium
1186 1517 1332 1581 utilitatis
1359 1524 1391 1580 et
1410 1517 1520 1599 glorie.

216 1623 286 1702 Qua
306 1642 363 1707 spe
383 1630 478 1704 atquc
500 1622 618 1687 fiducia
639 1623 686 1686 sic
706 1624 870 1696 excitatur,
896 1628 931 1685 ut
955 1620 1063 1685 credat
1082 1621 1233 1704 optimum
1259 1638 1328 1684 esse
1349 1618 1520 1703 superbire,

214 1724 480 1809 philosophastris
499 1724 670 1807 imponere,
692 1723 1054 1815 affinescircumdncere.
1096 1722 1145 1787 lta
1165 1722 1207 1792 fit.
1229 1730 1263 1785 ut
1283 1722 1361 1786 mihi
1382 1722 1522 1803 vigilans

215 1829 373 1893 somniare
401 1826 525 1910 sepulto
548 1827 680 1891 rationis
706 1828 839 1911 imperio
867 1826 1023 1891 videatur.
1074 1826 1165 1889 Hanc
1193 1833 1298 1889 autem
1328 1826 1519 1889 voluntatem

215 1930 257 1994 ab
279 1930 410 1994 honesto
439 1929 566 2014 penitus
590 1948 735 1993 aversam
762 1927 842 1992 duce
874 1929 995 1993 ratione
1024 1946 1062 1992 ac
1092 1927 1225 1991 consilio
1252 1927 1346 1991 ducet
1374 1927 1406 1989 iu
1436 1924 1520 1991 viam

154 2094 159 2102 .
215 2039 343 2097 rectam.
392 2032 461 2097 Etsi
492 2032 556 2096 dux
583 2031 656 2114 ipsa
679 2030 746 2095 vite
773 2033 854 2095 ratio
881 2030 1049 2113 consopita
1075 2029 1370 2093 commonitionibus
1397 2028 1520 2109 dormit,

217 2142 367 2216 sequatur
387 2135 499 2200 saltem
521 2142 552 2198 te
575 2135 719 2198 comitem
741 2152 797 2196 ceu
820 2131 1051 2211 consiliarium,
1078 2152 1118 2195 ne
1139 2131 1266 2195 omnino
1287 2149 1421 2213 preceps
1442 2137 1521 2195 ruat.

216 2237 361 2302 Audacia
381 2237 465 2300 enim
486 2244 518 2301 et
540 2238 588 2300 ira
613 2235 804 2319 precipitant
826 2242 858 2299 et
877 2234 1064 2315 dcmrqneut
1085 2233 1268 2315 plerumque
1283 2231 1454 2295 iuventutis
1475 2230 1521 2295 in-

216 2339 343 2422 genium
367 2340 408 2404 ab
430 2337 629 2403 rectitudine.
670 2337 721 2402 Ad
749 2337 808 2401 hec
834 2338 908 2419 qnia
934 2355 1026 2400 cecus
1047 2354 1135 2399 amor
1160 2335 1206 2399 sni
1223 2335 1285 2397 uel
1310 2333 1521 2417 sapientiores

216 2442 351 2531 decipit,
382 2441 456 2507 ideo
480 2460 550 2505 cum
580 2441 682 2505 doctis
703 2446 735 2503 et
763 2440 854 2504 bonis
881 2439 959 2502 viris
982 2446 1058 2518 agat
1083 2439 1253 2519 capiatque
1279 2436 1418 2500 salutare
1449 2456 1520 2501 con·

216 2544 329 2610 silium.
371 2542 490 2621 Quodsi
513 2536 793 2624 mores'depravati
808 2541 859 2605 vel
869 2540 966 2605 stulta
983 2540 1176 2621 imaginacio
1192 2538 1242 2602 vel
1263 2538 1384 2603 cerebri
1404 2538 1520 2602 vicium

216 2646 266 2711 vel
287 2646 451 2730 populeris
477 2645 586 2727 opinio
613 2643 705 2708 nobis
731 2644 865 2707 amicum
892 2642 1050 2721 invident,
1074 2641 1118 2705 ita
1144 2646 1178 2703 nt
1205 2640 1319 2704 rationi
1346 2646 1401 2703 aut
1430 2640 1521 2705 nobis

216 2748 394 2813 auscultare
405 2767 465 2813 uon
488 2747 597 2830 possit,
620 2748 759 2830 proiecto
769 2744 962 2810 miserabilis
982 2752 1030 2809 est
1050 2744 1227 2825 frustraque
1249 2742 1394 2807 meliores
1413 2742 1521 2807 literas

214 2850 336 2917 didicit.
379 2851 466 2917 Vale.

208 3030 213 3038 .
287 2975 467 3022 Handscbrlitl.
489 2972 569 3019 1⁴·27r3
590 2974 631 3019 iol.
645 2971 836 3019 lucr-mv.
873 2971 948 3017 Gedr.
969 2970 992 3017 b.
1012 2970 1046 3015 Tz
1066 2970 1087 3017 S.
1107 2968 1154 3015 146
1174 2984 1218 3015 uon
1236 2968 1391 3017 Bonisacium
1409 2968 1519 3015 Simone-

218 3050 268 3091 turn
286 3046 323 3091 bis
340 3045 447 3091 officinm
466 3044 574 3091 contulit

288 3144 351 3196 ‘Tc
369 3156 443 3196 emta.
496 3135 564 3194 ”Ta
580 3149 637 3207 Qui.
689 3141 754 3193 ‘Tc
771 3162 829 3193 rrou.
885 3129 1227 3203 11ΤιΙιιιιειιιιιιειι,ιι’ἱιιιιιιειι.

216 3324 296 3391 cre.
318 3322 362 3389 u.
384 3341 429 3391 sn
450 3322 585 3389 ursan.
1040 3290 1042 3293 ’
1121 3314 1345 3405 coenamus.
1378 3300 1519 3380 rurum.

286 3450 348 3495 blut.
371 3448 454 3504 hiltun
476 3447 575 3493 Urbsns
595 3436 751 3495 froundlicho
773 3444 886 3496 Stellunu
911 3456 939 3487 zu
958 3441 1058 3486 'l’llonin
1083 3440 1132 3486 rrrrd
1157 3438 1206 3485 will
1229 3440 1277 3485 den
1302 3437 1446 3485 Ambrosius
1470 3452 1520 3483 von

217 3521 311 3569 sciurram
329 3520 440 3565 salechan
455 3518 533 3575 ngo
552 3516 630 3561 durch
648 3514 843 3572 Ermahnungen
862 3512 1008 3569 abbringsn.
1037 3566 1040 3575 ⁸

297 3616 429 3681 Erudito
450 3615 532 3696 patri
553 3610 872 3688 HeuricoUrbauo,
894 3626 1064 3671 oeconomo
1086 3604 1242 3689 prudenti,
1264 3604 1520 3688 philosophorum
1577 3653 1579 3658 .

217 3719 454 3797 burmanissimu,
474 3716 576 3780 amico
598 3733 659 3779 non
678 3713 813 3794 vulgari.

297 3823 328 3886 S.
370 3819 473 3899 Τίἰοῖ,ι
499 3816 664 3881 Tilonini³
685 3814 874 3896 discipulus,
902 3832 952 3875 rue
975 3812 1172 3875 t‘amiliariter
1200 3818 1232 3874 et
1255 3809 1346 3891 qussi
1373 3827 1429 3873 sno
1454 3809 1522 3873 iure

216 3923 298 3987 adiit
317 3932 349 3985 et
369 3920 545 3986 sciscitanti
565 3917 642 3981 mihi
663 3916 708 3980 de·
725 3914 837 3979 amicis
857 3914 1092 3991 communibus,
1122 3922 1156 3975 ut
1178 3911 1315 3992 rogitare
1338 3910 1447 3975 crebro
1473 3930 1521 3975 so·

218 4025 331 4103 lentus,
361 4022 594 4107 euphonicos,
624 4038 685 4100 que
710 4017 805 4082 uovit.
849 4016 896 4079 De
926 4023 956 4079 te
983 4032 1224 4091 vero‚·snmmo
1251 4013 1387 4077 cohortis
1415 4019 1521 4077 nostre

217 4128 368 4204 larrtore²‚
399 4125 444 4187 ita
471 4110 683 4207 respondebat
702 4118 849 4184 accitum·
867 4118 926 4182 tibi
948 4118 1158 4183 convictorem
1179 4116 1277 4180 luisse
1305 4122 1521 4199 preceptorem

288 4244 299 4270 ⁸
317 4250 343 4295 F
356 4248 454 4295 fautor-l.

280 4422 373 4492 1vgu
393 4420 441 4475 ur.
453 4419 521 4474 aee.

279 4497 293 4541 ²
313 4501 377 4573 Vgl.
398 4499 515 4555 Βι.245
534 4497 561 4557 S.
574 4498 632 4552 322
655 4497 738 4555 dnm.
754 4496 781 4553 5.

279 4576 294 4623 3
313 4582 379 4661 Vgu.
399 4580 494 4641 Btb9
515 4578 542 4637 S.
554 4578 592 4633 75
613 4578 695 4637 Aura.
709 4577 734 4635 1.
