3625 5192
292 329 343 386 llo
663 332 922 402 Geschiohtsqnelleu
940 333 988 386 der
1007 331 1080 385 Pron.
1100 329 1223 386 Saehsen.

287 483 441 566 sernpee,l
465 481 592 548 domino
614 481 771 548 bestiales.
814 483 850 546 ln
873 482 995 565 aliquot
1015 482 1116 548 saeris
1136 489 1169 546 et
1188 480 1315 548 sacellis
1335 481 1423 544 nefas
1443 488 1513 548 erat
1535 480 1578 545 ali

287 584 371 666 quod
393 593 560 650 scorteum:
584 585 761 669 pelliceum,
784 585 938 651 adhiberi.
981 585 1117 650 Proinde
1136 585 1218 649 dixit
1243 583 1391 650 Ovidius:

555 707 705 784 „Soortea
725 726 786 770 non
807 706 863 770 ulli
883 706 933 771 l'as
955 713 1003 770 est
1025 705 1139 771 inl'erre
1161 706 1322 770 sacellum

370 827 412 888 m
437 843 496 888 ero
524 833 630 889 nostro
657 826 804 908 squalida
828 833 933 890 scorta
953 833 983 890 et
1014 826 1084 890 lede
1110 825 1257 908 pellionle
1284 825 1443 891 meliorem
1472 833 1593 909 partem

289 925 496 992 ecelesiastici
527 927 709 1010 patrimonii
735 928 894 992 devorant.
939 929 1043 992 Castis
1069 938 1101 992 et
1127 927 1348 993 innocentibus
1375 927 1460 992 nulle
1494 929 1594 1011 stipes

288 1036 466 1111 erogantur.
509 1029 587 1105 Quis
609 1049 670 1094 non
693 1028 859 1094 damnaret
888 1031 1057 1095 avaritiam
1080 1031 1176 1096 eleri‘?
1220 1030 1285 1093 Lex
1308 1029 1496 1112 evangeliea
1525 1050 1593 1112 pre-

288 1131 375 1212 oipit‚
397 1149 436 1195 ne
459 1143 526 1194 esre
549 1132 725 1213 peouniam,
750 1131 781 1195 in
803 1133 890 1197 nouis
913 1133 1117 1198 habemuse
1159 1133 1251 1213 „Non
1274 1133 1466 1196 habeamus‘
1489 1133 1592 1213 inquit

288 1233 492 1314 Augustinus,
504 1233 736 1315 ,‚entheeanr⁴“.
777 1235 988 1316 Hieronymus
1002 1235 1063 1297 ait:
1088 1235 1286 1316 „ignominia
1299 1235 1437 1298 onmium
1449 1233 1594 1298 sacerdo--

291 1342 355 1401 turn
383 1345 431 1400 est
452 1336 589 1420 propriis
618 1336 744 1401 studere
771 1336 928 1400 divitiis“.
972 1337 1072 1401 Nemo
1096 1357 1116 1400 a
1144 1337 1235 1404 nobis
1262 1357 1357 1402 unum
1385 1336 1592 1418 quadrantem

288 1437 388 1520 gratis
410 1439 544 1504 mutuari
567 1445 686 1521 potest,
707 1439 797 1503 t’enus
819 1459 1014 1514 exercemus,
1037 1440 1194 1504 eredimus
1215 1440 1273 1503 snb
1295 1441 1406 1508 usuris.
1427 1439 1506 1502 nihil
1530 1453 1594 1502 om-

289 1541 364 1604 nino
385 1539 509 1604 dantes.
552 1541 635 1606 Nam
657 1541 733 1624 quid
764 1541 957 1624 pauperibus
983 1550 1137 1625 prestaret
1165 1560 1282 1606 avarus
1301 1543 1386 1604 omni
1407 1541 1593 1605 calamitoso

288 1641 516 1722 ealemitosior,
538 1643 587 1708 oui
610 1645 695 1708 tamb
717 1641 816 1720 deest,
839 1645 924 1726 quod
949 1645 1054 1724 lrabet,
1076 1664 1169 1727 quam
1191 1642 1273 1725 quod
1298 1663 1359 1708 non
1382 1643 1478 1708 lrabet
1499 1645 1591 1726 quasi
1609 1720 1613 1726 Δ

288 1745 456 1828 interoper
469 1745 582 1829 inops?
625 1746 730 1811 Morus
741 1747 896 1811 frumenta
914 1746 1034 1829 oolligit
1055 1755 1137 1811 totus
1159 1746 1255 1811 miser
1276 1752 1307 1810 et
1327 1745 1474 1810 sordidus
1495 1752 1527 1808 et
1547 1754 1594 1810 est

287 1841 568 1930 prirrppnpolrerorc
589 1857 620 1913 et
641 1849 845 1932 superborum
868 1851 1006 1914 omnium
1027 1848 1281 1931 gloriosissimus.
1323 1850 1365 1910 At
1388 1847 1464 1911 mihi
1487 1848 1592 1930 plaoet

287 1949 404 2013 imitari
429 1950 647 2016 Laurentium:
679 1951 828 2034 prodesse
854 1952 1022 2035 egestosis,
1053 1951 1135 2034 quod
1159 1951 1297 2015 avaritia
1317 1951 1360 2015 sit
1386 1951 1417 2014 in
1440 1949 1593 2014 onnonieo

292 2071 353 2116 nou
376 2053 476 2118 solnm
498 2053 608 2136 turpis,
630 2054 687 2120 sed
709 2055 805 2119 etiam
830 2055 985 2120 scelerata
1005 2062 1037 2118 et
1059 2054 1190 2118 nefaria.
1259 2100 1268 2118 .

358 2176 538 2224 llondsolnlnl.
557 2177 577 2222 p
596 2177 627 2224 97
646 2179 686 2225 iol
708 2176 866 2226 sarr-dun.
902 2179 978 2227 Gedr.
997 2179 1021 2224 b.
1038 2179 1072 2225 '1¹2
1089 2181 1112 2227 S.
1133 2178 1245 2224 sl--su
1266 2194 1311 2224 uon
1329 2178 1432 2223 Utinam
1453 2176 1538 2222 botius
1557 2175 1594 2221 bia

289 2251 314 2293 et
335 2247 439 2299 melmin,

349 2333 360 2358 ²¹
381 2339 412 2384 'l'r
430 2355 473 2386 nos
490 2355 520 2385 no
539 2340 677 2400 pornnirnn.
749 2325 761 2364 ¹³
781 2343 813 2388 T:
832 2343 901 2390 doost
921 2353 979 2389 unm.
1049 2337 1060 2362 ⁰
1081 2343 1114 2388 l':
1133 2330 1350 2403 φιλαργυρὸτατυς.

290 2545 362 2614 llll.
376 2543 418 2615 ll.
430 2563 476 2612 an
489 2547 663 2628 spalatin.
726 2547 869 2631 (llothn.
891 2549 1076 2616 ansolron
1088 2549 1187 2616 Endo
1200 2553 1283 2620 1505
1298 2549 1593 2634 rullerlrstlotlrl.)

358 2667 420 2716 llur.
440 2670 521 2716 durrlrt
539 2671 578 2717 sur
596 2672 724 2730 goliolreno
735 2674 839 2731 Biiolrer,
859 2675 898 2720 dio
918 2690 945 2720 er
963 2674 1020 2720 bald
1040 2675 1104 2720 naclr
1115 2675 1283 2729 Georgontlrnl
1304 2675 1491 2721 znriielrsondun
1505 2675 1594 2734 n'ordo,

289 2737 340 2784 und
365 2737 417 2786 lobl
446 2739 486 2786 dlo
513 2755 596 2800 grosso
620 2742 795 2804 (ioliilliglroit‚
822 2745 916 2791 malello
938 2745 1067 2791 llerobord
1083 2761 1107 2790 r.
1123 2745 1146 2791 d.
1162 2745 1277 2790 dlnrtlron
1301 2744 1334 2790 im
1355 2745 1487 2791 Vorloilron
1513 2745 1595 2792 seirrer

290 2809 486 2858 liliolrerselriitze
505 2811 614 2860 bonoisi.

372 2907 459 2973 Bono
480 2916 512 2972 et
534 2907 624 2974 bonis
645 2909 746 2976 literis
766 2911 889 2976 erudito
911 2913 1049 2994 Georgio
1070 2912 1277 2994 Spoletino
1299 2931 1364 2979 suo.

590 3027 717 3110 turegi
739 3029 874 3112 seriptas
895 3029 955 3093 abs
977 3037 1017 3109 te,
1038 3028 1214 3112 spalatina
1237 3029 1384 3110 tabellas,

541 3130 611 3194 Nou
635 3139 703 3196 erat
725 3139 758 3195 ut
779 3132 920 3196 lacerent
940 3132 1083 3196 carmina
1105 3145 1211 3196 nostra
1229 3152 1357 3198 moram.

541 3233 675 3317 Mespila
694 3239 770 3314 quot
791 3233 894 3313 vallis,
916 3243 991 3315 quot
1009 3234 1123 3299 robore
1142 3235 1226 3300 silva
1246 3235 1364 3316 Georgi

541 3334 665 3399 Eduoat
685 3340 717 3400 et
740 3335 863 3418 lepores
884 3344 960 3418 ‹ruot
982 3337 1061 3418 tegit
1082 3348 1114 3402 et
1135 3338 1292 3403 volueres:

488 3440 521 3513 ὁ)
544 3437 605 3500 Tot
625 3436 684 3502 tibi
708 3457 764 3520 pro
787 3439 877 3504 libris
898 3448 1006 3519 grates
1027 3439 1145 3504 debere
1163 3440 1307 3520 latemur,

541 3539 602 3616 Qui
625 3540 718 3604 Latia
739 3559 892 3621 nusquam
917 3561 978 3604 non
1001 3541 1159 3624 probitate
1180 3543 1290 3608 nitent.

542 3643 577 3705 ln
600 3642 713 3707 vallem
736 3643 868 3707 veniunt
888 3643 1113 3725 Georgianam,

541 3745 603 3822 Qui
623 3745 663 3810 de
683 3745 850 3810 barbarica
870 3747 997 3810 oolrorte
1018 3765 1132 3811 nomen

542 3849 711 3914 Aeternum
737 3865 887 3931 peperere
907 3867 978 3912 eum
1000 3848 1168 3932 triumpho.

443 3957 491 4020 iol
514 3951 611 4032 Regis
634 3951 738 4034 primu
758 3969 870 4014 mamus
892 3949 993 4033 polita
1014 3950 1145 4014 Vallae¹

355 4145 362 4187 ¹
384 4149 449 4220 vgl.
470 4150 522 4204 den
545 4169 597 4204 von
621 4149 730 4203 Gellius
750 4149 799 4216 111,
811 4148 836 4202 3.
849 4149 874 4203 6.
897 4149 1081 4219 mitgeteilten
1102 4149 1310 4202 Plautinisolrun
1332 4147 1415 4202 Vero:

621 4245 754 4316 Sotades,
776 4247 935 4316 sorupedae,
954 4246 1119 4315 stritirillae,
1138 4247 1272 4303 sordidae.

353 4347 366 4389 ²
388 4351 462 4405 l'nati
485 4351 506 4420 l,
526 4349 591 4404 629.
633 4347 746 4403 Seorten
764 4365 818 4402 non
841 4348 881 4401 illi
903 4348 946 4402 fus
968 4354 1010 4402 est
1030 4349 1131 4403 inferre
1152 4348 1263 4403 sacello.

354 4426 368 4470 :l
387 4431 483 4486 llattlr.
508 4431 550 4484 10.
572 4429 600 4489 9.

353 4507 366 4550 l
389 4512 570 4584 Augustinus,
591 4510 745 4566 Sermones.
788 4509 831 4572 De
852 4510 949 4564 [liunus.
964 4509 1011 4572 42.
1033 4509 1185 4567 Entheeum
1208 4509 1289 4564 nobis
1308 4508 1411 4564 habere
1432 4506 1578 4564 nonlicet

351 4587 366 4634 ⁵
387 4593 552 4658 Laurentius
570 4591 659 4651 Valla.
