3625 5192
712 409 972 482 Gesebicbtsqnellcn
989 415 1038 470 der
1054 413 1128 472 Pron.
1146 417 1268 472 Ssehsen.

536 555 635 621 Rulus
656 560 698 623 ab
719 559 882 626 Hessiacls
904 570 996 628 notus
1016 562 1058 627 ad
1079 571 1166 629 astra
1187 567 1280 648 iugis.

536 659 705 724 Lusciniae
725 663 827 727 densa
846 664 990 729 loliorum
1014 665 1046 728 in
1067 667 1178 732 fronde
1200 677 1375 748 querentes,

538 761 677 828 Fuudlte
698 763 858 829 flebilibus
880 769 1024 830 carmina
1046 777 1166 834 moesta
1186 773 1278 836 sonis.

538 862 644 927 Dicite
664 866 786 947 lugenti
809 869 933 949 patriae
954 871 1107 935 cecidisse
1129 881 1264 955 poetam,

464 966 516 1041 50)
538 964 671 1030 Lumine
690 987 752 1050 quo
773 988 864 1033 casso
886 981 1009 1035 mortua
1030 972 1119 1038 Musa
1141 975 1233 1038 iacet..

537 1065 681 1133 Hessiaci
704 1090 788 1134 nuuc
806 1071 878 1134 flete
899 1073 942 1136 ad
963 1091 1064 1154 aquas
1086 1074 1233 1156 lugubria
1255 1079 1361 1159 cygni,

537 1169 725 1235 Gutturibus
746 1173 858 1238 fractis
879 1174 1019 1256 clangite
1041 1177 1130 1240 triste
1151 1179 1256 1242 melos.

537 1271 638 1338 Dulce
658 1283 773 1354 tamen,
794 1277 888 1356 quale
909 1278 978 1360 ipse
1000 1277 1099 1342 melos
1118 1289 1247 1344 cantare
1269 1283 1401 1362 solebat,

535 1374 614 1439 Cum
636 1376 729 1439 libuit
748 1377 880 1459 querula
899 1379 1014 1444 ducere
1035 1399 1116 1445 saxa
1132 1381 1223 1448 cheli.

463 1477 515 1552 55)
536 1475 643 1542 Dicite
663 1479 784 1560 lugenti
806 1465 942 1564 patriae,
964 1491 1090 1546 narrate
1111 1484 1223 1566 poetic,

536 1577 622 1654 Quos
643 1599 802 1646 nemorum
825 1582 926 1664 sylvis
949 1582 1064 1648 Hessia
1084 1583 1176 1649 dives
1196 1584 1300 1650 babet

546 1681 669 1746 luteriit
689 1683 764 1746 fatis
784 1684 964 1748 crudelibus
986 1685 1136 1750 Hessicus
1155 1686 1311 1768 Orpbeus,

532 1783 703 1863 Musarum,
726 1786 848 1867 patriae
870 1787 974 1866 gloria
993 1786 1091 1851 Rullus
1112 1797 1188 1853 crat.

533 1886 614 1951 Rufe
637 1906 693 1970 per
714 1886 883 1952 Hessiaoos
902 1888 1064 1969 quondam
1084 1891 1248 1955 notissime
1269 1892 1376 1972 colles,

466 1990 515 2066 60)
536 1988 616 2066 Quis
637 1997 691 2053 tua
712 1991 787 2053 llere
809 1989 888 2054 satis
909 1992 1020 2056 funera
1040 1999 1162 2056 moesta
1181 1993 1298 2074 queat?

536 2090 608 2172 lpse
627 2096 713 2154 tuam
735 2097 866 2156 mortem
887 2091 990 2156 flavus
1010 2090 1141 2158 deflevit
1160 2094 1285 2176 Apollo,

534 2191 612 2258 Odit
631 2199 664 2258 et
684 2193 768 2258 irata
788 2193 913 2275 spicula
935 2199 1061 2276 sumpta
1080 2213 1185 2260 manu.

534 2293 696 2360 Lanificae
716 2313 831 2379 corpus
852 2294 963 2360 videre
983 2313 1130 2377 exangue
1152 2315 1283 2368 sorores,

536 2396 615 2462 Cum
635 2399 683 2462 sic
704 2396 814 2462 audita
833 2403 883 2462 est
903 2397 944 2461 de
966 2397 1066 2461 tribus
1085 2416 1150 2463 una
1171 2398 1270 2480 loqui:

465 2499 515 2578 65)
537 2499 635 2580 „Quis
656 2501 758 2565 malus
778 2499 831 2564 bic
851 2499 966 2564 nostris
987 2500 1128 2583 obrepsit
1149 2499 1274 2582 legibus
1295 2499 1402 2564 error?

536 2601 600 2667 Gur
619 2621 682 2667 non
704 2602 755 2667 bic
774 2601 860 2667 sires
880 2621 939 2666 uos
961 2602 1111 2668 babuisse
1132 2601 1252 2686 pudet?

534 2703 603 2769 Nos
622 2711 730 2770 tamen
750 2704 872 2768 invitae
890 2703 1006 2768 fatalia
1026 2704 1164 2768 stamina
1184 2703 1264 2768 Rulo

536 2803 702 2888 Rupimus,
721 2804 783 2869 beu
804 2811 913 2870 nostra
931 2823 993 2870 uon
1015 2804 1195 2888 reparanda
1213 2825 1317 2870 manu.

536 2905 628 2984 Quod
648 2907 710 2971 nisi
733 2914 841 2973 nostra
860 2906 930 2972 loco
950 2926 1012 2972 non
1031 2913 1160 2992 possent
1179 2904 1250 2972 iura
1269 2907 1399 2987 moveri,

466 3009 517 3088 70)
539 3009 664 3075 Certum
686 3016 755 3074 erat
775 3009 850 3074 huic
869 3010 970 3074 vitam
989 3009 1166 3075 restituisse
1186 3007 1274 3073 viro“

536 3109 629 3176 Dixit
646 3118 679 3176 et
699 3111 836 3176 obducto
856 3110 1000 3176 siccabat
1020 3111 1141 3176 lumina
1161 3109 1267 3192 peplo,

536 3213 607 3278 Nee
626 3214 769 3296 reliquae
789 3212 968 3296 lachrymas
989 3214 1172 3277 continuere
1193 3209 1285 3274 duae.

535 3315 648 3381 Ponite
668 3316 812 3399 lugentes
833 3313 971 3378 ridentia
991 3314 1134 3378 carmina
1154 3313 1273 3392 Musae,

530 3416 652 3482 Sumite
672 3416 829 3482 laetificae
849 3415 954 3480 tristia
975 3413 1096 3499 plectra
1111 3415 1207 3499 lyrae.

467 3519 517 3598 75)
535 3517 662 3585 Occidit
681 3519 815 3600 indigno
834 3517 978 3582 sublatus
998 3517 1107 3581 lunera
1127 3515 1235 3592 Rufus,

537 3619 638 3686 Rufus
657 3619 699 3685 ab
720 3619 882 3686 Hessiacis
899 3625 993 3684 notus
1013 3618 1055 3682 ad
1076 3625 1164 3684 astra
1182 3617 1275 3701 iugis.

536 3721 686 3788 Flumina
705 3741 789 3787 nnnc
809 3727 949 3787 moerent
969 3739 1173 3804 quaecunque
1193 3739 1250 3803 per
1268 3719 1406 3787 Hessida
1426 3725 1554 3804 terram,

538 3824 631 3888 Nunc
651 3823 779 3890 tandem
800 3824 953 3906 gravibus
970 3823 1065 3907 plena
1084 3824 1226 3888 feruntur
1245 3824 1345 3906 aquis.

538 3925 688 3989 Flumina
706 3925 885 4007 linquentes
905 3927 1070 3990 tristantur
1091 3923 1233 3989 Naiadas
1254 3922 1346 4007 udae,

467 4027 518 4106 80)
539 4027 650 4092 Omnis
671 4032 703 4091 et
722 4027 757 4090 in
774 4027 955 4110 lachrymas
978 4029 1064 4090 unda
1084 4026 1188 4091 soluta
1208 4025 1288 4090 fluit.

538 4129 625 4194 Pcne
644 4149 719 4194 suos
740 4135 823 4193 retro
843 4128 916 4193 tulit
936 4127 1053 4192 aurifer
1074 4127 1200 4192 Aedera
1219 4147 1338 4207 cursus,

537 4231 648 4307 Mortis
669 4237 704 4296 nt
726 4229 850 4295 audivit
868 4229 994 4310 nuncia,
1018 4230 1107 4310 Rufe,
1130 4236 1212 4310 tuac,

538 4331 674 4398 Tardior
694 4339 821 4397 msueto
844 4333 988 4415 piscosus
1009 4330 1112 4395 Fulda
1132 4330 1259 4408 fluebat,

539 4433 667 4499 Vitrens
687 4433 813 4499 informi
836 4434 935 4498 Verra
954 4433 1103 4516 stupebat
1122 4451 1215 4514 aqua
1263 4455 1267 4466 ·

470 4535 520 4614 85)
539 4535 660 4600 Tristia
679 4553 738 4600 nec
758 4535 903 4619 rapidum
924 4536 1082 4600 latucmnt
1099 4535 1167 4599 fata
1187 4533 1358 4616 Visurgim,

538 4635 628 4705 Tune
648 4638 752 4702 visum
772 4637 877 4702 nullas
896 4637 1130 4720 transposuisse
1149 4642 1243 4704 rates.
