3625 5192
679 364 769 430 Brieie
788 374 908 431 Mutians
926 374 984 429 281.
1006 372 1066 429 282.
1444 370 1493 427 371

270 520 407 589 Henrioo
430 522 604 605 Urbano,
626 525 730 588 arnico
752 522 946 602 honorando,
968 522 1128 588 Mutianus
1148 522 1255 587 Rufus.

271 624 352 690 Proh
375 626 468 691 deum
488 631 583 707 atque
605 624 764 689 hominum
786 624 896 689 tidem!
938 624 1050 702 Qualis
1070 625 1128 689 hec
1152 631 1200 689 est
1216 626 1405 691 coniuratioi
1447 624 1494 689 Tu

188 727 338 793 Musardo
357 727 462 794 credis
484 734 515 789 et
536 745 610 809 ego,
633 726 688 793 sed
711 727 765 791 iile
787 746 844 791 nos
865 725 991 810 lapides
1012 734 1117 810 putat,
1139 746 1212 792 suos
1234 748 1308 794 vero
1329 727 1405 793 deos
1427 748 1496 811 pro·

191 830 295 912 pitios.
337 829 401 893 Sed
423 828 570 910 quisunt
595 828 642 893 illi
664 829 735 891 sui?
776 828 881 893 Morus
906 836 937 892 et
967 828 1082 893 botius.
1130 830 1184 893 Sic
1211 849 1268 894 nos
1294 829 1414 894 incerta
1440 849 1497 913 pro

126 971 129 982 ι
189 932 284 995 certis
306 931 468 995 habemns.
510 930 546 993 ln
568 928 653 1012 quod
673 949 731 995 nos
752 930 915 995 coniecisti
937 930 1064 1011 matum,
1086 930 1405 1012 quandohiusardum
1427 951 1496 1015 pro·

189 1032 339 1097 movisti?
380 1032 483 1096 Nosse
509 1030 682 1112 debueras,
711 1032 801 1097 euius
830 1038 915 1097 secte
941 1034 1030 1097 foret.
1078 1032 1180 1097 Hodie
1201 1032 1233 1095 in
1258 1032 1357 1096 iorum
1382 1032 1496 1096 [antisl

189 1154 278 1198 mens
306 1133 503 1198 descendens
526 1134 607 1198 vidit
633 1141 770 1199 stantem
797 1135 829 1197 in
857 1134 1019 1198 cemiterio
1045 1133 1086 1199 ad
1113 1134 1191 1199 Mori
1220 1134 1313 1199 latus.
1362 1134 1437 1198 Post
1464 1135 1496 1197 in

189 1256 323 1301 ascensu
344 1236 479 1301 eundem
506 1256 562 1318 pro
583 1235 702 1301 t‘orihus
719 1235 812 1300 Lotii.
855 1235 918 1300 Eos
946 1235 1081 1301 consulit
1109 1236 1207 1315 elain,
1235 1236 1299 1300 illis
1327 1235 1498 1315 blanditur,

190 1338 232 1402 ad
254 1356 308 1402 eos
331 1340 425 1402 refert
444 1337 550 1401 omnia
599 1336 701 1401 Nohis
723 1337 821 1402 verba
840 1336 964 1401 dantur.
1006 1338 1071 1401 iam
1099 1356 1160 1401 non
1183 1357 1278 1401 vocor
1304 1344 1414 1421 poeta,
1440 1338 1496 1401 sed

188 1432 404 1523 philosophus,
426 1439 482 1504 sed
504 1438 572 1520 pari
594 1438 793 1506 contumelia.
837 1438 886 1503 lta
905 1458 956 1503 me
976 1438 1305 1523 appetiuthiusardus,
1325 1440 1371 1503 ita
1383 1439 1495 1503 hioru.

190 1542 266 1605 Erat
287 1560 357 1604 enm
378 1542 528 1605 iratribus
550 1540 719 1624 Augustini
745 1539 888 1605 Nathin²
909 1540 1074 1621 theologus
1097 1540 1149 1605 die
1171 1540 1255 1605 eolis.
1299 1540 1371 1605 Una
1392 1540 1496 1604 Morus

191 1643 377 1726 prandebat.
419 1642 522 1724 Rogat
542 1643 679 1723 Nathin,
706 1642 781 1725 quiid
801 1643 962 1707 Mutianns
988 1650 1065 1723 agat
1086 1648 1118 1707 et
1144 1644 1196 1725 pie
1224 1650 1255 1707 et
1275 1641 1392 1706 sedulo.
1439 1642 1496 1706 Re-

193 1746 323 1828 spondit
335 1744 454 1808 hiorns:
477 1764 556 1824 „suo
572 1764 657 1810 more
676 1744 940 1829 philosophatur“
962 1750 993 1807 et
1015 1744 1080 1806 ntia
1100 1762 1157 1825 per
1173 1744 1278 1823 risum,
1300 1744 1389 1825 quasi
1408 1754 1497 1827 turpe

191 1847 233 1910 sit
249 1845 476 1929 philosophari.
509 1846 635 1925 Audin’,
655 1846 732 1928 quid
752 1846 866 1924 dicam,
883 1846 1033 1909 Urbane?
1075 1844 1159 1921 Quia
1177 1864 1226 1909 me
1248 1844 1373 1910 Lotiani
1397 1846 1496 1929 phiio-

188 1948 320 2031 sophum
342 1948 478 2027 fuciunt,
506 1947 638 2012 eredunt
658 1967 728 2012 ease
748 1948 886 2012 stultum.
929 1947 1024 2010 Initio
1044 1954 1208 2028 suspectus
1230 1955 1297 2011 erat
1320 1946 1496 2012 Musardus.

188 2049 472 2114 lusidiuturuohis.
515 2050 615 2115 Mittis
633 2058 665 2114 tu
684 2069 779 2114 ranas
791 2050 917 2113 Homeri
932 2056 963 2113 et
978 2049 1120 2131 paipas³,
1145 2048 1200 2113 sed
1222 2048 1343 2113 ilietibi
1356 2049 1494 2114 medium

187 2153 326 2216 ostendit
341 2152 484 2233 digitum.
527 2151 587 2230 Ah,
609 2152 704 2215 nimis
725 2170 760 2215 ea
781 2151 890 2216 bonus.
934 2150 1059 2229 Credis,
1080 2148 1194 2231 quibus
1215 2170 1275 2215 non
1299 2158 1346 2215 est
1368 2150 1495 2215 credon-

189 2253 273 2317 dum.
316 2254 377 2318 Die
389 2254 620 2318 Tawhenesser
639 2275 700 2318 non
721 2253 856 2331 intuunt,
876 2274 937 2317 non
959 2260 1066 2315 amant
1089 2258 1201 2335 poetas
1221 2260 1253 2315 et
1274 2258 1306 2316 tu
1327 2256 1444 2317 iututor
1465 2258 1496 2316 et

188 2364 312 2419 amator
332 2366 497 2439 poetarum
518 2357 683 2440 conspiras
704 2374 773 2419 cum
795 2354 868 2418 iilis.
912 2354 1038 2419 Lotiani
1060 2362 1133 2417 sunt
1154 2354 1378 2437 Henningani⁴
1405 2364 1436 2419 et
1463 2364 1495 2419 tu

192 2460 224 2521 in
246 2458 419 2523 iacobitis⁵
449 2465 569 2521 tantam
591 2458 715 2522 turbam
739 2457 880 2523 offendis.
935 2456 1006 2521 Non
1035 2457 1142 2521 omnia
1166 2456 1279 2520 dicam.
1333 2456 1495 2539 intelligis,

190 2561 267 2643 quid
289 2568 420 2624 taceam.
462 2560 545 2623 Audi
575 2561 671 2624 aliam
697 2560 921 2623 calamitatem.
964 2556 1139 2638 Duronius,
1167 2564 1201 2621 ut
1225 2557 1321 2623 Claus
1346 2558 1496 2641 Dopher6

188 2661 349 2727 Arnoldoi
375 2662 532 2742 narravit,
557 2661 649 2724 dedit
674 2661 822 2725 Barthoto
848 2659 1068 2724 auctoritatem
1100 2659 1248 2742 cupiendi
1280 2660 1382 2723 surihe
1412 2660 1495 2725 novi.
1559 2686 1563 2693 ·

190 2764 378 2829 Barthoius⁸
409 2771 513 2827 antem
543 2762 695 2827 Lotianus
728 2769 776 2827 est
807 2769 903 2843 atque
929 2760 1002 2826 ideo
1035 2760 1125 2825 nobis
1153 2761 1298 2826 onrnibus
1334 2762 1495 2826 adversus.

189 2866 318 2930 iitinarn
344 2866 502 2945 cogitares
530 2873 561 2930 te
588 2884 657 2928 esse
685 2864 788 2928 virum
814 2884 945 2945 gravem
975 2872 1006 2929 et
1029 2865 1210 2945 religiosum
1237 2870 1269 2928 et
1296 2864 1495 2946 prudentiam

187 2976 274 3032 tuam
301 2989 362 3032 non
398 2967 518 3032 sineres
544 2987 600 3049 per
627 2967 723 3031 devia
750 2967 832 3031 duci.
881 2966 936 3030 Dii
966 2966 1052 3031 maia
1083 2966 1280 3050 prohibeant.
1327 2966 1418 3029 Talis
1448 2972 1496 3029 est

192 3070 361 3150 Duronius,
383 3070 507 3151 qualem
527 3070 653 3134 Lotiani
673 3070 803 3133 faciunt.
845 3068 909 3133 Sed
931 3070 1030 3132 velint
1051 3069 1160 3145 nolint,
1182 3088 1251 3131 mea
1273 3068 1497 3132 intercessione

189 3180 220 3235 te
241 3174 274 3236 in
297 3172 399 3236 iocum
422 3172 573 3249 restitnit,
600 3178 631 3234 te
658 3169 840 3235 confirmavi
862 3190 924 3233 non
952 3171 1051 3235 solum
1079 3170 1277 3247 adulatione,
1307 3169 1362 3233 sed
1391 3169 1497 3233 verbis

190 3272 358 3357 pensitatis
380 3273 434 3353 ita,
456 3281 490 3336 ut
509 3274 598 3354 quasi
621 3272 757 3355 pedibus
778 3271 872 3336 iverit
892 3272 924 3335 in
947 3292 1050 3336 meam
1071 3272 1269 3335 sententiam.
1313 3270 1420 3335 Habes
1432 3290 1496 3335 rem

187 3375 320 3439 ornnem.
363 3374 440 3438 Mihi
466 3375 630 3454 rescribas,
651 3396 701 3439 me
723 3394 817 3438 ames.
859 3366 925 3440 Tui
944 3373 1104 3439 studiosus
1125 3380 1157 3437 et
1175 3374 1281 3437 vivam
1300 3378 1332 3437 et
1351 3374 1475 3436 moriar.

259 3499 437 3545 Hnndsehristl.
460 3498 479 3543 F
494 3497 545 3544 325
564 3498 604 3545 t'el.
616 3498 718 3545 soar·
730 3495 781 3546 208
787 3514 811 3543 v.

254 3688 262 3729 ¹
285 3692 374 3746 danus
394 3691 523 3760 Urbicus,
544 3690 666 3744 Mutians
686 3688 827 3743 Famulus.

250 3766 264 3809 ²
287 3771 413 3841 Mitgiied
446 3773 495 3825 dea
526 3770 652 3824 Erfurter
684 3768 981 3840 Augustinerhiosters.
1040 3768 1078 3821 Er
1109 3768 1197 3839 bezog
1224 3766 1323 3823 Ostern
1350 3766 1425 3820 1465
1451 3767 1496 3821 die

190 3852 363 3907 Universitiit
388 3852 484 3905 Erfurt
513 3852 667 3920 (Johannes
694 3850 778 3903 Natin
805 3850 838 3903 de
860 3848 1103 3917 Nuwenkirchen),
1134 3850 1226 3903 nunde
1256 3848 1332 3902 1472
1365 3848 1498 3919 Magister

190 3933 291 3985 artium
312 3934 369 3986 und
387 3932 423 3985 im
446 3930 573 3985 Somnrer
593 3929 670 3983 1493
692 3929 833 3983 Liaenziat
853 3931 901 3982 der
923 3929 1077 3999 'l'heologie
1099 3929 1175 4001 (Lib.
1188 3936 1236 3985 rat.
1250 3928 1386 3989 sohsslv.)

251 4008 266 4050 3
287 4012 341 4066 Die
364 4011 678 4081 Batrachomyomuehie
699 4011 747 4064 dea
769 4008 890 4063 'Piionirn

250 4088 439 4163 ⁴Anhiinger
459 4092 507 4146 des
528 4090 661 4161 Henning
679 4090 765 4144 Giide.

249 4168 265 4211 5
285 4172 348 4243 vgt.
359 4170 405 4225 Br.
417 4172 474 4224 232
497 4169 525 4226 S.
537 4170 596 4224 310
616 4170 699 4225 Anni.
709 4170 734 4224 5.

250 4246 265 4291 ⁶
287 4252 356 4307 Eine
377 4252 430 4305 mir
449 4251 628 4305 unbekannte
648 4250 877 4305 Persiiniichkeit.

251 4328 502 4387 ⁷Boteh1utians.

248 4406 263 4450 ⁸
284 4412 447 4483 Priipositus
464 4412 512 4466 dea
533 4412 580 4466 bei
600 4410 694 4465 Gotho
714 4412 868 4482 gelegenen
890 4410 1109 4469 Kreuzkiosters.

250 4488 264 4533 ⁹
284 4491 347 4565 ugr.
362 4490 407 4547 ar.
419 4492 477 4546 aon
490 4510 515 4547 u.
528 4490 593 4547 ase.

745 4656 947 4667 ..ι-...-
