3625 5192
309 346 344 402 sc
663 342 922 415 Geschicbtsquellen
941 344 989 401 der
1006 340 1117 401 Prorinz
1136 340 1259 400 Sachsen.

309 504 381 582 post
407 497 594 562 dictatorem
625 494 815 577 dignitatem
852 496 993 576 gerebat.
1040 494 1090 559 Ad
1119 512 1248 575 quornm
1277 490 1517 559 similitudinem
1548 512 1617 577 pre-

308 601 381 664 fecti
415 600 552 683 pretorio
581 599 679 663 creati
714 603 803 678 sunt,
835 597 920 677 quod
947 600 1032 680 apud
1060 596 1290 680 Pomponiuml
1315 596 1347 659 in
1376 597 1510 677 Origine
1539 597 1616 661 ioris

309 704 473 784 eleganter
495 701 702 786 perscriptum
722 698 871 764 offendes.
913 699 1021 764 Libuit
1041 700 1132 782 plura
1149 719 1211 763 nno
1226 698 1313 764 velut
1332 698 1418 763 fasce
1439 699 1615 782 complecti.

310 805 397 870 Vale.

378 926 561 974 Handscbristl.
579 926 598 971 F
618 920 651 973 74
670 926 710 973 sol.
729 924 888 971 ter-51v.
932 924 1007 973 Gedr.
1026 925 1050 973 b.
1068 925 1103 971 Ta
1119 926 1143 973 S.
1163 924 1274 972 ort-oo
1294 938 1340 971 corr
1358 924 1423 983 Quid
1443 938 1513 985 ergo,
1538 924 1614 987 dices,

309 999 346 1045 bia
362 1015 413 1044 auur
435 998 549 1043 &mrum

309 1205 367 1276 ti.
387 1203 432 1275 ll.
454 1221 499 1271 an
521 1201 697 1287 Spalatln.
1009 1200 1126 1269 (lotha
1136 1200 1235 1271 1508.
1258 1199 1346 1285 (vor
1366 1199 1448 1266 dem
1470 1198 1613 1285 tutat.)

378 1332 440 1380 blut.
459 1331 516 1378 tailt
533 1332 589 1378 dem
603 1330 716 1390 Spalatin
737 1329 792 1390 mit,
810 1328 867 1375 dass
885 1328 1046 1376 Harcbordus
1063 1346 1088 1377 r.
1108 1330 1131 1376 d.
1152 1328 1268 1376 hiarthcn
1287 1331 1332 1377 der
1344 1331 1507 1390 juristisrhan
1527 1330 1614 1376 Praxis

308 1403 361 1449 sich
386 1401 522 1449 zuwenden
545 1403 616 1449 welle
639 1401 689 1446 und
713 1400 789 1446 bittot
812 1414 835 1447 ιι.
855 1414 877 1446 a.
901 1399 942 1445 die
972 1400 1147 1447 Beroaldiuche
1171 1400 1263 1447 Schril't
1291 1402 1329 1447 De
1357 1405 1439 1449 tarrac
1467 1408 1535 1448 motu
1558 1401 1614 1446 dom

310 1473 470 1533 Eigontllmer
488 1472 602 1530 Petrajus
621 1470 837 1531 zurdchzngeben.

390 1569 562 1650 Georgio
588 1568 610 1632 S
619 1566 803 1651 palatino
825 1567 967 1648 impense
989 1566 1097 1647 docto,
1123 1566 1221 1650 probe
1244 1566 1369 1632 docenti
1394 1575 1425 1633 et
1446 1574 1530 1634 recle
1550 1568 1614 1633 dis-

309 1672 391 1736 centi
412 1669 497 1753 apud
519 1670 685 1733 cenobium
706 1668 886 1733 sodalitatis
907 1668 1128 1733 cisterciensis
1149 1669 1308 1735 Mutianus
1330 1670 1436 1735 Rufus.

390 1775 420 1836 S.
463 1771 547 1850 Quid
568 1773 636 1852 agit
657 1770 857 1853 Spalatious‚
882 1771 1003 1835 anricus
1026 1771 1171 1852 integer?
1211 1772 1287 1835 Sive
1309 1771 1378 1836 Deo
1399 1772 1558 1856 supplicat
1580 1778 1614 1837 ut

308 1896 386 1959 sepe
410 1883 560 1957 tanquam
590 1873 720 1955 pietatis
741 1873 901 1951 alumnus,
935 1874 1002 1937 sire
1025 1874 1182 1956 professor
1203 1880 1363 1939 monastas
1384 1873 1488 1939 erudit
1510 1880 1543 1938 nt
1566 1893 1613 1939 se-

200 2003 202 2006 ·
309 1980 389 2062 pius,
411 1978 479 2040 sive
501 1974 607 2040 studet
628 1983 661 2039 ut
682 1994 822 2059 semper,
844 1974 1005 2040 Mutianns
1028 1994 1098 2039 eum
1119 1975 1244 2041 salutat.
1287 1976 1487 2041 Herebordns
1507 1984 1614 2041 noster

308 2079 436 2144 triviale
463 2079 541 2142 iuris
570 2077 759 2160 tyrocinium
785 2077 945 2160 deponere
965 2078 1095 2141 statuit2
1114 2076 1201 2141 iussn
1225 2078 1325 2160 patris
1346 2085 1377 2142 et
1397 2078 1477 2141 inire
1497 2098 1613 2143 notrum

308 2182 536 2263 magistratum.
577 2178 661 2257 Quid
676 2178 750 2243 liet?
791 2178 1083 2243 iurisconsultorum
1099 2179 1253 2263 auspiciis
1264 2185 1296 2243 et
1311 2177 1406 2244 ductu
1418 2180 1564 2245 baculum
1580 2182 1613 2244 in

308 2291 450 2367 apertum
473 2282 594 2347 referet.
636 2280 720 2359 Quid
735 2280 795 2346 hoo
815 2280 885 2347 est?
928 2281 1055 2346 Iuvenis
1067 2281 1221 2345 humanus
1236 2288 1267 2346 et
1286 2281 1428 2346 eruditus
1442 2289 1474 2347 et
1495 2284 1613 2363 optime

308 2384 425 2449 indolis
455 2405 494 2449 ex
524 2384 625 2448 letica
652 2383 782 2467 specula
810 2382 982 2448 descendet
1014 2384 1045 2447 in
1077 2382 1224 2447 tenebras
1247 2382 1451 2466 Cpmmerias.
1500 2382 1613 2448 Adhuc

308 2508 369 2553 non
399 2485 574 2568 intelligis?
623 2486 758 2550 Deserta
782 2486 882 2549 sterili
908 2486 1054 2568 quamuis
1087 2485 1265 2551 honestiore
1292 2485 1420 2550 oliicina
1446 2486 1614 2550 transferet

308 2589 563 2672 seadqnestnm.
607 2587 711 2668 „Quid
724 2588 782 2668 ais,
804 2586 965 2651 Matiane?
1007 2586 1131 2669 Expedi
1148 2606 1214 2651 rem
1232 2588 1429 2653 nnorerbo.“
1472 2588 1611 2653 Faciam.

307 2694 391 2772 Aget
411 2698 484 2756 acta
504 2697 537 2755 et
553 2689 841 2755 enumeratismille
861 2689 967 2771 legum
989 2689 1147 2773 capitibus
1169 2689 1247 2753 iuris
1268 2688 1449 2754 bucularius
1469 2689 1612 2772 appella-

309 2794 402 2859 bitur.
444 2792 611 2858 Felicitem
628 2792 782 2876 proficiat,
804 2791 952 2875 quandob
978 2791 1061 2875 patri
1083 2796 1115 2855 et
1136 2792 1202 2856 suis
1225 2792 1285 2856 bac
1301 2792 1334 2855 in
1356 2811 1390 2856 re
1407 2790 1612 2873 gratificatur,

308 2896 368 2959 etsi
391 2914 456 2959 rem
478 2895 575 2958 tirciat
595 2915 616 2958 a
636 2913 693 2959 sno
713 2894 809 2975 genio
829 2893 976 2958 alienam.
1019 2892 1090 2956 Non
1117 2894 1201 2957 onim
1222 2900 1272 2959 est
1291 2894 1424 2975 ingenii,
1444 2894 1612 2974 elegantia

308 2997 495 3061 eruditionis
517 2998 580 3061 ista
599 2997 689 3061 scire.
732 2994 797 3061 Sed
818 2998 864 3059 ita
884 3015 986 3061 mores
998 2995 1110 3075 serunt,
1132 3002 1165 3059 ut
1184 2998 1281 3061 etiam
1299 2996 1331 3059 in
1353 2996 1529 3061 meridiana
1544 2996 1613 3060 luce

309 3119 377 3164 cum
401 3097 554 3181 Euripide
576 3118 701 3182 sempor
721 3097 764 3163 sit
782 3096 992 3163 dubitandum
1012 3105 1044 3163 et
1065 3118 1134 3162 cnm
1157 3098 1335 3183 Chrysippo
1356 3100 1388 3162 in
1410 3100 1494 3163 omni
1516 3098 1613 3164 verbo

307 3201 480 3267 scrutanda
500 3199 694 3281 ambiguitas
712 3206 745 3264 et
765 3218 835 3263 cum
857 3199 974 3283 popolo
992 3200 1169 3265 errandum.
1212 3199 1333 3265 Damus
1354 3199 1538 3282 Hobgarto³
1558 3218 1612 3283 po-

306 3304 440 3368 tionem⁶
461 3301 665 3366 salutiferam.
706 3301 829 3367 Nervos
850 3302 1011 3383 restringit
1033 3308 1124 3367 etex
1146 3301 1236 3366 labili
1257 3301 1334 3366 lacit
1352 3300 1508 3366 stabilem.
1551 3301 1614 3364 Gu-

307 3412 369 3469 stet
389 3404 537 3488 pocillum
564 3403 701 3487 singulis
726 3404 899 3469 matutinis.
949 3402 1076 3468 Valebit
1096 3409 1128 3469 et
1148 3404 1295 3487 placebit.
1338 3403 1466 3482 ereris,
1490 3421 1546 3466 our
1567 3402 1613 3465 ita

308 3526 389 3570 orrnc
410 3506 517 3571 aridus
538 3506 687 3571 ettenuis
708 3513 739 3570 et
750 3506 843 3589 inops
864 3512 895 3570 et
906 3506 1000 3569 exilis
1020 3512 1053 3571 et
1061 3506 1287 3591 propemodum
1310 3522 1424 3590 parcns
1447 3504 1612 3568 verborum

307 3608 419 3673 simet
439 3608 554 3672 similis
565 3606 781 3689 degeneranti,
802 3626 897 3688 ouum
919 3608 1037 3673 soleam
1054 3627 1124 3673 esse
1146 3608 1258 3691 plenus
1271 3607 1369 3671 multa
1388 3624 1493 3681 earne,
1515 3606 1613 3669 multo

377 3732 441 3777 ''I'a
458 3731 574 3778 feciliter.
646 3716 711 3777 ”Tc
730 3746 813 3791 qurum.
883 3725 939 3775 ⁰1³
953 3731 1100 3792 portionem.

368 3944 379 3987 ¹
401 3946 499 4002 Sextus
519 3946 700 4017 Pomponius,
720 3946 766 4001 ein
786 3946 949 4002 beriihmter
966 3945 1055 4001 Juriat
1076 3944 1114 3999 irn
1133 3944 1159 3998 2.
1178 3944 1250 4000 Jhrr.
1264 3964 1290 3999 ιι.
1304 3942 1367 3999 cnr.
1389 3943 1499 3999 schrieb
1517 3944 1609 3998 neben

307 4028 397 4082 vielen
418 4028 538 4083 anderen
548 4025 673 4082 Werken
690 4026 933 4095 „Euchiridiilibri
950 4024 1004 4095 11“,
1025 4025 1109 4080 worin
1134 4025 1203 4080 iiber
1223 4026 1276 4080 den
1289 4025 1433 4096 Uraprung
1445 4025 1494 4079 des
1505 4024 1608 4079 Rechts

307 4108 459 4179 gehandelt
478 4106 551 4162 wind
592 4107 657 4178 vgl.
677 4106 795 4179 Digesta
814 4107 837 4175 1,
858 4106 885 4162 2.
902 4105 933 4160 2:
954 4106 991 4159 Et
1008 4106 1053 4161 his
1073 4106 1257 4161 dictatoribus
1277 4104 1402 4177 magistri
1424 4104 1550 4175 equitum
1571 4106 1610 4158 in·

309 4189 496 4259 iungebantur
515 4187 564 4258 aio,
584 4188 723 4258 quomodo
744 4188 856 4258 regibus
874 4186 979 4242 tribuni
993 4186 1123 4255 celerum,
1144 4186 1219 4257 quod
1232 4184 1357 4241 officium
1371 4186 1506 4253 taleerat,
1530 4185 1612 4254 quale

308 4270 392 4324 hodie
412 4267 614 4339 praefectorum
637 4267 813 4338 praetorio..
835 4312 842 4325 .

372 4346 583 4404 ²Herebordus
604 4368 628 4403 v.
649 4349 675 4403 d.
696 4348 734 4402 M.
756 4347 803 4419 lag
830 4348 892 4402 dem
921 4346 979 4401 rein
1004 4346 1185 4417 juriatisehcn
1205 4345 1332 4400 Studium
1363 4345 1416 4399 seit
1441 4345 1504 4398 dem
1525 4344 1612 4399 dabre

310 4429 386 4483 1504
409 4430 452 4484 ob.
492 4427 652 4500 tiglsbt.
674 4427 793 4483 Aumb.

367 4504 471 4564 ³Eine
496 4508 550 4563 mir
577 4509 656 4564 nicht
686 4508 826 4565 bekannte
852 4506 1088 4577 Persiinlichkcit,
1118 4507 1163 4561 die
1188 4524 1241 4562 nur
1267 4524 1303 4561 an
1334 4506 1424 4561 dieser
1449 4502 1535 4560 Stalle
1563 4505 1611 4559 des

307 4590 518 4647 Briefrraohsels
537 4590 663 4647 emaum
682 4588 758 4647 wird.
