3625 5192
304 327 354 384 ltu
681 327 940 396 Gosehicbtsquollon
958 328 1006 380 der
1024 326 1097 381 Prov.
1119 324 1241 380 Saelrsen.

341 478 523 544 Memineris
543 477 683 543 scholam
704 497 724 540 a
744 477 914 543 vacatione
934 475 1008 542 dici.
1051 476 1195 556 Cessent,
1215 479 1395 562 avocentur,
1420 472 1602 537 laxamento

341 580 511 664 gaudeant.
554 578 753 644 Exercitaoio
769 580 862 651 enim,
886 584 920 642 ut
940 578 1038 642 tradit
1058 577 1266 643 latinissimus
1288 576 1481 641 medicorum
1493 576 1610 641 Corne-

341 684 401 749 lius
429 683 554 762 Celsus,
582 682 685 766 prima
716 682 856 766 eorporis
877 682 999 746 curatio
1016 688 1074 745 est.
1116 679 1153 744 Id
1182 681 1267 762 quod
1289 679 1394 744 Numa
1417 678 1606 761 legumlator

341 785 524 866 intelligens
545 783 710 848 damnavit
738 785 919 868 pigritiam,
947 783 1116 863 desidiam,
1150 782 1312 865 ignaviam
1333 783 1401 847 lata
1427 782 1500 863 lege
1526 782 1609 846 salu-

342 888 491 969 berrime,
519 906 583 969 qua
603 886 710 952 sanxit
730 885 908 951 sellularias
929 891 1014 949 artes
1039 904 1059 947 a
1081 883 1257 969 peregrinis
1284 889 1316 948 et
1341 882 1442 947 servis
1468 885 1608 948 exerceri

340 989 464 1055 civibus
485 989 680 1068 interdictas,
704 987 789 1069 quod
811 986 961 1052 videlieet
981 986 1163 1052 sedentaria
1184 987 1337 1068 t'atigacio
1358 993 1390 1051 et
1415 985 1556 1069 corporis
1577 995 1609 1052 et

340 1091 578 1176 pariter'animi
602 1091 685 1156 vires
707 1090 877 1156 subnervat
898 1097 993 1171 atque
1014 1088 1168 1154 debilitet.
1210 1087 1293 1166 Quin
1316 1095 1347 1153 et
1360 1087 1450 1154 Plato
1472 1090 1608 1178 precipit

340 1195 421 1261 libro
439 1195 515 1258 Vlll
543 1192 583 1258 de
610 1193 750 1276 legibus,
783 1197 816 1256 ut
851 1198 951 1256 artem
978 1192 1120 1273 aliquam
1145 1197 1334 1257 exercentes·
1356 1183 1515 1275 peregrini
1545 1193 1608 1256 XX

337 1297 448 1378 annis,
469 1297 496 1362 si
519 1303 592 1361 sunt
613 1296 646 1360 in
667 1295 774 1360 aliena
794 1295 940 1374 civitate,
968 1295 1038 1359 sine
1065 1293 1271 1375 vectigalium
1299 1295 1457 1360 solutione
1485 1316 1607 1378 perma-

341 1395 446 1464 neant.
490 1399 558 1464 Nac
584 1399 654 1481 ipse
680 1398 792 1478 ignoro
815 1396 932 1462 servile
961 1401 993 1460 et
1020 1396 1227 1461 monasticum
1257 1415 1337 1479 opus
1362 1418 1432 1462 esse
1459 1398 1609 1463 sessitare

340 1508 421 1568 totns
440 1501 509 1566 dies
531 1501 631 1566 instar
652 1498 1037 1582 claudisutorisetlignli.
1080 1499 1130 1563 stt
1147 1499 1284 1581 pueritia
1297 1498 1433 1566 liberior.
1476 1502 1605 1568 Cessent

341 1603 515 1670 truculente
534 1604 619 1668 mine
640 1604 819 1685 clamorque
839 1609 871 1665 et
890 1603 987 1686 plage
1007 1606 1157 1666 sonantes

542 1752 634 1833 „Nee
655 1770 781 1834 semper
801 1739 907 1813 acerbi

503 1854 638 1919 Exercet
659 1871 853 1940 puerosvox
875 1851 1047 1936 imperiosa
1066 1852 1220 1933 magistri.

402 2013 403 2016 ,
503 1957 568 2022 Sed
588 1957 727 2039 requiem
749 1955 909 2037 studiique
930 1954 1017 2018 vices
1038 1960 1122 2019 stata
1144 1962 1287 2039 tempora
1304 1966 1434 2023 servant

504 2057 544 2124 nt
565 2059 643 2123 satis
664 2063 712 2122 est
733 2073 828 2140 puero
849 2056 978 2120 memori
1000 2056 1116 2138 legisse
1139 2057 1275 2122 libenter

503 2161 544 2226 m
564 2179 689 2226 cessare
710 2159 793 2239 lieet,
815 2165 905 2240 grato
928 2157 1037 2223 schola
1058 2159 1184 2224 nomine
1205 2158 1370 2242 dicta'est,

504 2264 593 2329 Iusta
613 2262 789 2329 laboriferis
812 2261 990 2328 tribuantur
1010 2268 1044 2326 ut
1068 2261 1139 2326 ocia
1160 2263 1288 2334 rnusis.“

320 2373 322 2378 Α
342 2388 421 2470 Ego,
440 2389 484 2452 mi
496 2388 672 2470 spalatino,
693 2386 972 2468 rrilrilconlingam‚
994 2393 1126 2470 experta
1139 2386 1263 2470 loquar:
1285 2388 1436 2466 Quando⁸
1457 2411 1507 2456 me
1529 2394 1609 2457 ratio

342 2489 516 2566 cenobialis
537 2490 660 2555 desidie
682 2492 766 2555 intra
786 2489 899 2554 cellam
922 2491 1037 2569 tenuit,
1059 2489 1191 2554 videbar
1211 2498 1341 2555 veterno
1362 2492 1610 2575 laborare,·con-

342 2593 442 2657 coctio
464 2591 712 2675 ingrediebatur,
734 2593 849 2676 pallor,
880 2593 944 2656 imo
966 2592 1050 2656 luror
1070 2612 1170 2674 genas
1191 2594 1378 2675 occupabat.
1419 2595 1502 2661 llale
1523 2599 1608 2662 vale-

342 2695 422 2759 bam.
452 2695 599 2760 lacebam
620 2695 654 2759 in
681 2693 842 2760 elinidiol.
891 2694 974 2758 Eece
995 2693 1136 2758 diutinus
1164 2701 1270 2779 torpor
1299 2695 1489 2762 hebetabat⁰
1515 2700 1609 2764 robur

342 2797 496 2879 eorporis,
526 2797 666 2878 vigorem
692 2797 819 2878 ingenii.
862 2796 946 2874 Quid
974 2797 1105 2861 multis?
1152 2799 1265 2862 Actum
1294 2806 1377 2864 esset
1405 2799 1445 2866 de
1475 2801 1604 2866 Urbano

343 2909 411 2980 tuo,
446 2901 508 2964 nisi
529 2900 596 2981 iugi
618 2907 701 2964 motu
729 2907 760 2964 et
786 2899 962 2979 agitatione
989 2899 1129 2983 corporis
1158 2901 1302 2966 abstersa
1329 2901 1515 2984 rubiginosa
1542 2924 1605 2969 nro·

343 3000 501 3067 lanebolia
524 3003 637 3068 bonam
659 2995 872 3066 valetudinem
899 3021 1144 3085 recuperassent.
1185 3001 1288 3069 Probe
1316 2991 1422 3069 monet
1443 3005 1606 3071 llorallns:

347 3105 511 3184 „Vitanda
534 3113 582 3170 est
603 3107 747 3188 improba
768 3106 889 3188 Syrend
912 3105 1066 3170 desidia.“
1108 3105 1208 3169 Verus
1229 3113 1277 3171 est
1286 3106 1422 3172 Ovidius
1443 3107 1475 3171 in
1496 3129 1534 3173 oo
1555 3129 1610 3192 po-

346 3207 501 3273 tissimum
523 3207 693 3272 versiculo:
716 3207 890 3290 „lgnavum
912 3215 1113 3290 corrumpunt
1132 3207 1203 3272 ocia
1224 3227 1338 3290 corpus
1364 3215 1395 3272 et
1416 3210 1545 3292 capiunt
1566 3212 1610 3274 vi-

343 3313 435 3390 cium,
451 3311 483 3374 ni
500 3309 806 3392 rnoveantur·aque.¹‘
839 3308 864 3370 V
868 3309 948 3373 itent
959 3310 1140 3394 impuberes
1158 3307 1377 3375 assiduitatem
1394 3319 1425 3376 ct
1441 3319 1609 3395 perpetuas

347 3411 589 3478 additiunculas.
632 3411 811 3476 Reforment
826 3418 895 3478 tuos
910 3412 981 3477 illos
994 3414 1065 3478 ocia
1078 3412 1275 3493 tempestiva,
1294 3413 1453 3478 subsiciva
1474 3413 1613 3481 lusiones

344 3521 493 3580 recreent.
540 3513 612 3577 Non
638 3513 717 3578 liant
741 3520 844 3578 tecum
871 3515 1052 3594 marciduli,
1084 3514 1278 3596 languiduli,
1305 3516 1465 3580 austeruli.
1515 3516 1608 3582 setar

343 3615 468 3682 indoles
488 3637 550 3681 non
574 3616 796 3694 contundatur,
823 3617 955 3698 sanguis
977 3617 1139 3682 hilaritate
1159 3625 1293 3697 crescat,
1323 3619 1483 3682 auferatur
1511 3619 1610 3683 tristis

344 3719 468 3782 siccans
489 3739 562 3784 ossa
581 3719 721 3803 spiritus.
763 3719 834 3783 Non
855 3726 985 3802 serpent
1005 3721 1105 3783 instar
1124 3719 1258 3801 limacis,
1277 3719 1418 3784 exultent
1439 3721 1472 3784 in
1493 3740 1610 3786 morenr

345 3819 470 3904 leporis.
513 3820 613 3901 llcsa,
641 3821 732 3902 virgo
752 3820 851 3885 libero
872 3821 940 3885 celo
960 3822 1090 3886 fruatur.
1132 3822 1248 3902 Nocet,
1268 3822 1408 3906 prolecto
1430 3830 1523 3888 nocet
1545 3842 1610 3887 um·
1700 3862 1705 3869 ·

346 3922 467 3992 bratica
494 3922 687 3997 luoubraeic,
723 3923 784 3986 nisi
818 3929 1016 3988 veternosam
1045 3925 1235 4006 gravitatem
1271 3920 1385 3988 arnen'a
1411 3932 1444 3989 et
1472 3923 1609 3990 subdiali
1648 3947 1653 3964 ·

277 4100 282 4110 Ι
345 4024 475 4090 levitate
496 4030 527 4088 et
548 4025 747 4089 exultacione
769 4024 924 4091 discutias
945 4026 996 4091 vel
1018 4027 1130 4092 saltem
1156 4028 1188 4090 in
1218 4026 1423 4092 contubernio
1445 4027 1610 4110 classeque

345 4127 458 4210 puerili
480 4125 633 4191 ludicram
656 4132 688 4193 et
709 4129 919 4212 voluptariam
938 4129 1134 4194 ociositatem
1156 4129 1330 4213 permittas.
1378 4127 1515 4193 Proinde
1537 4129 1611 4195 vive

344 4230 426 4293 letus
447 4229 574 4294 abiecta
599 4230 781 4295 curiositate
803 4239 835 4296 ct
853 4231 963 4296 facilia
985 4230 1357 4316 breviculaqneprecipe.
1397 4231 1611 4297 chrissiones

346 4331 488 4396 admitte.
538 4334 741 4398 Sanctionem
769 4354 830 4397 non
857 4332 1010 4399 remorde.
1058 4333 1223 4416 ilungatur
1247 4333 1313 4398 suis
1341 4333 1494 4416 partibus.
1535 4331 1612 4398 Esto
1657 4389 1661 4394 .

347 4434 458 4500 dulcis.
501 4435 654 4516 „Calices
673 4435 767 4501 acida
788 4443 909 4522 petunt,
930 4436 972 4501 ad
994 4436 1101 4499 dulcia
1121 4456 1183 4501 non
1206 4435 1387 4501 advolant.“
1429 4434 1508 4513 Quis
1529 4436 1613 4501 boc?

377 4579 440 4630 ιιι
459 4584 547 4643 quum.
604 4569 670 4630 tra
689 4583 795 4631 ermino.
851 4575 915 4630 “aa
932 4581 1077 4633 amasae.
1121 4565 1188 4630 lua
1208 4593 1270 4629 corr.
1283 4579 1355 4629 saon
1407 4575 1471 4628 ‘aa
1487 4581 1611 4644 neuqua.
