3625 5192
598 378 686 434 lirielc
707 377 825 432 Maliane
843 378 895 430 526
923 378 982 431 527.
1001 378 1061 430 528.
1434 380 1481 433 tol

177 529 284 593 animo
309 530 392 613 petis
418 532 546 596 invicto.
596 529 674 611 Legi
700 527 852 593 miliciam
884 543 955 591 esse
983 527 1081 590 vitam
1110 525 1196 589 cleri.
1236 524 1277 588 Et
1304 533 1353 589 est
1402 526 1480 590 Mili·

176 638 289 697 tamus.
338 631 491 717 Episcopi
517 640 590 699 sunt
615 632 728 713 legati,
759 628 940 694 cardinales
967 626 1080 706 duces,
1114 626 1249 691 abbates
1275 628 1483 709 centuriones,

175 734 321 798 canonici
345 735 540 816 decuriones,
562 733 682 816 agrarii
703 733 790 813 magi
811 740 884 796 sunt
903 729 1131 813 manipulares,
1151 729 1226 809 lixo,
1246 730 1384 795 calones.
1426 735 1483 797 Sta

175 842 208 899 ct
235 854 328 900 serva
353 837 489 918 signum.
531 836 741 901 Coronabcris
768 840 923 918 perpetua
944 834 1060 897 laurea.
1102 831 1168 896 Sed
1188 832 1388 897 maturiores
1407 836 1483 899 stul·

175 934 252 999 licia
278 936 362 1020 lapsi
389 945 471 1002 sunt.
515 938 645 1005 (lautior
671 937 731 1001 ituit
751 934 935 1000 comarcbus
956 933 1158 999 (lliobenusl.
1198 934 1310 999 Noluit
1330 936 1482 1001 insultare

174 1038 338 1102 stratiotis.
380 1041 422 1103 At
442 1038 541 1123 inepti
564 1040 773 1117 centuriones,
795 1036 868 1101 dum
891 1036 1175 1119 macheropboro⁸2
1196 1043 1228 1099 et
1247 1038 1336 1101 fratri
1357 1041 1482 1120 placere

175 1140 299 1218 volunt,
328 1143 480 1224 prelatum
507 1160 596 1207 suurn
615 1142 757 1224 graviter
777 1138 948 1205 offendunt.
991 1138 1072 1203 Huic
1092 1139 1214 1203 stabunt
1235 1158 1351 1223 penas,
1372 1160 1481 1205 aurum

174 1260 281 1323 grave.
324 1243 437 1326 Neque
466 1243 591 1308 iuvabit
616 1262 674 1337 cos
692 1242 742 1307 vel
763 1242 943 1325 principum
961 1244 1052 1305 lavor
1073 1242 1123 1305 vel
1145 1242 1272 1324 papalis
1292 1243 1480 1326 exemptiob.

175 1343 341 1428 Principes
360 1345 508 1411 ridebunt
525 1345 704 1409 audaciam.
747 1343 917 1408 albertus³
932 1343 974 1407 ab
989 1343 1094 1407 Leone
1109 1341 1239 1407 dabitur
1255 1363 1368 1408 censor
1384 1346 1481 1409 vestri

174 1445 310 1510 cenobii.
353 1446 403 1511 lta
429 1446 512 1511 eninr
539 1446 638 1511 Rome
665 1454 817 1511 statutum
844 1451 893 1519 eut
923 1446 955 1509 in
982 1444 1116 1509 concilio
1141 1445 1329 1526 Lateranol,
1357 1456 1392 1510 ut
1417 1467 1481 1510 mo

174 1548 315 1611 casteria
350 1556 564 1613 renormentur
594 1547 804 1613 severissime.
855 1546 924 1611 Heu
955 1553 1002 1627 tu,
1034 1546 1083 1610 vir
1113 1546 1217 1627 tortis,
1248 1566 1310 1610 non
1343 1548 1479 1614 timebis.

173 1648 298 1729 Rogavi
324 1648 562 1727 Osimundumi,
589 1656 623 1712 ut
650 1648 790 1713 traderet
812 1648 951 1712 vinctum
980 1650 1135 1731 emptorii
1161 1656 1303 1713 monaste
1329 1670 1400 1713 mco
1427 1670 1480 1714 no

172 1750 267 1815 mine.
308 1750 427 1816 Perliee
447 1770 523 1815 rcrn.
541 1737 654 1815 *Dicit
672 1750 841 1814 Henricum
862 1750 1101 1834 Aperbaccbum
1119 1750 1177 1815 LX
1190 1769 1304 1816 aureos
1322 1752 1479 1817 daturum.

172 1852 255 1916 Sunt
275 1851 350 1931 alii,
379 1855 433 1935 qui
460 1853 532 1937 plus
558 1852 775 1936 polliceantur.
816 1850 880 1916 Sed
914 1859 970 1915 tua
990 1852 1097 1935 pactio
1121 1854 1165 1915 sit
1183 1853 1310 1917 stabilis
1329 1862 1481 1919 eternum.

173 1954 262 2020 Valc-
304 1954 442 2039 Raptim.

243 2078 521 2125 emmeramensis
542 2077 791 2127 roratas—taur.
827 2078 904 2124 Gedr.
920 2078 944 2125 b.
956 2079 990 2124 'l’e
1008 2079 1033 2125 S.
1047 2077 1193 2125 uuo-221
1215 2092 1262 2123 uos
1281 2079 1381 2125 Fortem
1400 2086 1426 2126 te
1443 2080 1480 2126 lis's

174 2162 224 2195 non
243 2149 350 2195 timebis.

244 2248 255 2274 ²¹
275 2254 308 2301 la
326 2255 519 2301 machaeroloro.
591 2239 604 2275 ¹¹
624 2256 657 2301 tc
675 2255 790 2304 exemtis.

171 2496 250 2567 528.
276 2494 319 2567 11.
342 2512 386 2563 an
409 2496 542 2568 Urbnn.
854 2484 860 2496 ’
902 2496 1035 2583 (liotlra
1050 2500 1142 2569 1515.
1183 2496 1479 2582 macularunt.)

241 2620 304 2666 blut.
332 2621 398 2667 irent
425 2620 478 2666 sich
501 2621 563 2667 ilber
587 2620 632 2667 das
655 2620 755 2667 eudliclr
779 2621 960 2681 abgewickelle
985 2623 1104 2669 Goscbliit
1126 2624 1173 2669 mit
1197 2625 1252 2671 dem
1279 2624 1477 2685 Goldsrbmiede,

171 2689 238 2735 nieht
262 2704 358 2749 ungcrn
381 2690 468 2737 seinen
488 2691 605 2737 Famulus
628 2691 668 2737 bei
687 2690 732 2738 der
750 2692 941 2751 Ucbertrsgung
958 2693 1002 2738 dos
1021 2692 1185 2753 Woinbergos
1208 2710 1241 2741 au
1264 2696 1305 2741 dic
1324 2694 1479 2741 liartlritnser

171 2760 222 2806 und
246 2761 308 2807 malt
326 2760 379 2807 siclt
397 2776 454 2819 sus,
481 2760 526 2807 wis
545 2762 585 2807 die
602 2762 676 2808 ll'ulrl
698 2763 740 2807 dos
759 2777 840 2808 ncuon
860 2764 964 2822 liutara,
987 2764 1032 2808 dor
1055 2764 1193 2823 nrrbcdingt
1214 2780 1353 2822 gnwounon
1377 2767 1477 2813 warsten

170 2833 260 2889 milasc,
278 2846 307 2876 zu
326 2830 419 2877 stando
438 2831 585 2889 gelrommen
604 2832 645 2878 sci.

251 2928 529 2996 Urbanissimo
559 2930 728 2996 Heinreico
756 2932 904 2997 Oerbauo
940 2932 1092 2996 benevolo
1125 2952 1196 3013 suro,
1233 2933 1378 2999 doctrina
1407 2956 1476 3017 pre-

169 3030 273 3113 cipuo,
296 3032 428 3097 colendo
451 3040 600 3116 tanquam
624 3036 716 3117 putri.

250 3136 281 3196 S.
325 3134 448 3201 Literas
470 3144 539 3199 tuus
561 3155 750 3218 quamquam
774 3137 886 3201 breves
907 3137 1076 3201 aduncatum
1092 3138 1165 3201 boni
1186 3142 1324 3205 consulo.
1368 3142 1477 3206 lucun-

168 3235 244 3297 dum
284 3241 316 3300 et
348 3237 496 3301 blandum
530 3248 599 3302 erat
635 3238 744 3303 videre
780 3238 872 3303 (latos
903 3238 1047 3302 aurificii
1079 3240 1143 3304 Xll
1175 3241 1359 3323 Rhenanus,
1397 3245 1478 3308 duos

171 3334 334 3417 Ungaros,
363 3358 456 3402 unum
479 3341 658 3421 Angliourn,
677 3350 822 3422 preterea
844 3350 929 3405 tuam
962 3350 994 3406 ct
1019 3340 1231 3422 Engelmanui
1256 3345 1350 3409 tidem
1377 3355 1409 3409 et
1433 3349 1478 3411 in-

167 3439 328 3506 austriam.
370 3442 459 3517 unco
491 3442 605 3507 scribis
624 3462 705 3525 opus
726 3462 795 3507 cssc
816 3444 963 3507 Arlamo⁸
984 3443 1070 3507 velut
1090 3455 1300 3527 procuratore,
1323 3457 1355 3511 ut
1377 3462 1475 3513 trans-

167 3540 286 3605 feratur
313 3543 504 3626 mancipium
531 3546 655 3609 vineti9
676 3544 718 3609 ad
741 3544 976 3617 Canusienscs,
1002 3547 1172 3626 annprobo
1192 3556 1277 3611 tuum
1300 3550 1476 3617 consilium.

166 3640 230 3705 Sed
260 3642 427 3724 peritiores
453 3646 546 3710 amici
576 3646 689 3710 melias
718 3646 749 3709 id
777 3648 927 3711 t'acerent.
976 3646 1100 3711 Bardus
1125 3654 1174 3711 cst
1199 3649 1329 3715 Publius
1356 3660 1388 3716 et
1417 3652 1477 3717 hoc

165 3740 324 3824 stolidior,
346 3764 407 3827 quo
428 3746 530 3811 altior.
573 3747 634 3825 Qui
656 3756 738 3827 suut,
760 3748 900 3826 obsecro,
923 3748 976 3830 qui
999 3749 1180 3813 testimonio
1200 3758 1253 3814 tuo
1274 3752 1476 3820 claudicant?
1587 3748 1591 3755 ’

165 3880 367 3891 --—..-...-

230 3945 240 3987 ¹
262 3949 334 4007 Grai
351 3971 404 4009 von
425 3954 569 4011 Glcichen.

228 4024 241 4068 ²
263 4030 404 4088 Friedrich
425 4036 487 4089 dem
510 4037 632 4092 Weisen.

230 4106 430 4169 3Erzbischof
448 4114 584 4171 Albreclrt
604 4135 656 4173 von
680 4117 778 4173 Maius.

226 4186 240 4227 ⁴
263 4191 326 4263 vgt.
338 4192 383 4250 Br.
395 4194 453 4249 459
475 4196 502 4250 S.
517 4198 572 4251 tlt
595 4200 676 4253 Anrn.
689 4198 714 4253 2.

228 4266 383 4343 orgum.
396 4274 453 4327 aaa
476 4276 572 4332 aare
594 4278 677 4333 anm.
693 4278 719 4333 3.

229 4346 243 4389 ⁶
265 4351 329 4424 vgt.
341 4353 386 4410 Br.
400 4355 465 4410 524.

228 4426 240 4471 7
262 4431 319 4487 rur
337 4435 386 4489 das
407 4436 708 4508 Hochaeilsgeschcnk.
750 4440 813 4511 Vgl.
827 4440 873 4499 Br.
886 4440 955 4494 524.

224 4507 239 4549 ⁸
260 4512 384 4569 Adamas
404 4516 529 4586 Publius,
550 4518 672 4573 Matiane
693 4520 830 4575 Famulus

227 4588 241 4630 ⁹
264 4592 325 4665 Vgl.
347 4597 399 4649 den
421 4598 534 4668 vorigeu
558 4598 641 4654 Briel'.
