3625 5192
660 351 749 423 ilrislo
769 351 888 424 Matiana
906 367 966 423 585.
986 348 1045 423 isa
1461 362 1514 421 253

199 508 372 584 credidisti.
415 514 519 581 Semel
542 524 638 599 atque
659 518 770 582 iterum
794 516 835 583 ad
857 535 907 583 me
928 519 1058 603 scripsit
1079 520 1172 585 bomo
1192 511 1331 585 omnium
1355 511 1513 585 humanis-

197 622 297 686 simos
326 620 421 685 nullis
450 620 530 685 meis
559 621 680 685 meritis
720 628 841 685 tantum
883 621 994 705 inepta
1028 621 1167 703 quadarn
1205 623 1365 705 epistolal
1406 622 1512 685 subin-

198 724 330 803 vitatus,
368 742 462 805 quarn
493 723 642 789 Eobaum
682 725 772 787 inter¹
796 724 910 807 poeula
948 724 1118 805 imperavit
1154 731 1186 788 et
1213 725 1378 807 expressit.
1420 722 1512 801 Vide,

199 824 275 907 quid
297 826 396 890 iaciat
417 827 544 909 poetica
563 828 716 891 suavitas.
758 826 886 908 Negare
907 846 969 891 non
992 827 1095 908 potui:
1117 827 1206 907 piget
1226 835 1258 891 et
1279 826 1385 909 pudet.
1428 826 1512 904 Quid
1622 888 1629 898 ,

199 926 333 1009 queris?
364 928 556 1009 Religiosius
576 929 779 995 salutandum
803 938 872 991 erat
893 944 1028 994 numen.
1069 928 1191 1010 Scripsi
1215 928 1322 993 ebrius
1343 936 1376 992 et
1400 929 1512 993 nibilo

199 1031 304 1094 minus
326 1030 478 1111 bissum,
500 1050 518 1093 o
541 1029 717 1095 inauditam
739 1028 945 1095 facilitatem!
967 1030 1191 1095 resalutatus.²
1222 1029 1256 1093 lu
1279 1032 1382 1096 ardua
1403 1033 1513 1095 nititur

197 1142 230 1199 et
261 1132 406 1197 ascendit
438 1140 470 1196 et
498 1142 603 1198 tamum
635 1134 760 1198 interim
783 1134 825 1198 ad
854 1135 1025 1199 amicorum
1055 1134 1246 1215 parvitatem
1273 1152 1345 1197 sese
1369 1133 1510 1198 dimittit.

197 1236 313 1300 Amavi
334 1243 366 1299 to
387 1245 470 1317 ante,
491 1238 535 1299 mi
556 1234 718 1315 Rhenaue,
740 1253 834 1317 quarn
858 1237 1054 1319 provinciam
1078 1236 1165 1299 illam
1188 1234 1350 1299 librariam
1364 1235 1510 1299 belletua

196 1336 353 1403 industria
375 1339 557 1403 instructam
580 1344 612 1401 et
633 1344 776 1401 ornatam
798 1337 905 1403 adires
927 1337 1028 1401 eciam
1051 1336 1178 1401 vivente
1199 1337 1314 1416 adbuc,
1337 1337 1389 1419 qui
1414 1338 1510 1420 pluri-

198 1460 281 1505 mum
303 1439 422 1504 iudicio
444 1448 496 1503 tuo
517 1438 691 1520 tribuebat,
720 1438 844 1505 Thoona
861 1440 1043 1522 Vuolphio³
1064 1440 1187 1504 iuniore
1208 1439 1285 1503 milri
1306 1441 1510 1505 amicissimo.

197 1542 367 1624 Postquam
388 1560 462 1605 vero
485 1540 680 1606 Erasmicum
703 1542 819 1621 stilum,
841 1541 896 1623 qui
918 1541 1163 1622 singularunm,
1184 1540 1279 1623 longe
1300 1542 1425 1624 latoque
1446 1543 1508 1607 dis-

199 1643 378 1725 seminasti,
408 1643 480 1727 plua
507 1663 556 1707 ure
578 1643 661 1708 lelioi
684 1643 784 1708 Beato
803 1642 922 1707 debere
944 1642 1012 1707 dixi
1033 1661 1127 1725 quam
1150 1651 1184 1707 ut
1206 1644 1357 1710 solvendo
1378 1645 1417 1721 (l)
1439 1645 1508 1711 sim.

190 1745 363 1815 ,Erasmum
386 1747 493 1809 tauma
514 1746 545 1808 in
569 1745 716 1809 manibus
738 1745 849 1809 habeo.
892 1744 1006 1809 Nullus
1026 1742 1097 1809 dies
1116 1745 1292 1828 preterfluit
1312 1748 1382 1810 sine
1403 1746 1510 1812 iucun-

198 1847 331 1913 dissima
359 1848 502 1911 lectione.
550 1848 621 1930 Ago
650 1848 710 1912 tibi
735 1848 859 1929 gratias
887 1852 920 1910 et
943 1866 1039 1927 agam
1066 1848 1208 1911 inomni
1235 1849 1301 1912 vita
1329 1858 1509 1933 perpetuas.

197 1948 287 2013 Nihil
308 1956 414 2033 potest
432 1966 501 2014 esse
517 1948 641 2013 dulcius
653 1950 834 2015 Christiano
845 1948 1006 2014 Cicerone.
1051 1948 1180 2013 Utinam
1191 1950 1360 2015 lastiniani
1373 1952 1510 2035 Digesta

196 2053 312 2117 reiecto
333 2053 505 2116 Acoursio⁵
534 2050 744 2134 imprimenda
766 2051 931 2116 curar·es!⁶
978 2050 1118 2115 Bononia
1143 2053 1290 2133 leguntur
1311 2051 1530 2137 enemplaria⁴

197 2158 239 2217 ad
261 2152 476 2218 Florentinum
498 2152 728 2235 arclretypuml
750 2154 922 2234 recognita.
965 2152 1080 2227 Verum
1109 2172 1150 2215 an
1178 2154 1268 2218 limbi
1290 2155 1353 2218 sint
1379 2156 1457 2219 nudi
1476 2164 1520 2219 et.

196 2255 589 2349 immaculatipallirurare
619 2274 680 2317 non
710 2274 846 2338 possum.
893 2254 965 2317 Non
992 2254 1068 2317 vidi.
1109 2253 1297 2319 Scholastici
1329 2255 1407 2320 milri
1436 2264 1510 2321 sunt

197 2364 303 2431 testes,
324 2358 378 2439 qui
400 2358 495 2422 istbic
515 2357 651 2422 student.
697 2355 796 2421 Valde
817 2376 866 2421 ure
887 2355 1026 2420 delectat
1045 2356 1237 2421 Suetonius8
1263 2364 1344 2422 tuus.
1389 2358 1506 2422 Vellem

196 2458 307 2527 eodem
334 2460 425 2525 modo
454 2459 667 2543 publicaretur
693 2458 910 2535 Quintilianus
936 2458 1080 2523 submoto
1101 2458 1203 2525 Badio
1224 2467 1256 2525 et
1277 2460 1386 2543 Regio.
1430 2460 1507 2527 Gra·

197 2564 352 2628 tissimum
379 2562 456 2627 mibi
486 2563 611 2640 l'eoeris,
641 2562 666 2627 si
696 2562 738 2626 ad
768 2582 818 2626 ure
839 2562 966 2626 dederis
988 2562 1166 2643 catalogum
1189 2563 1285 2626 totius
1309 2564 1508 2632 Frobeniane

198 2664 399 2731 bibliothece.
447 2664 680 2729 trasennam
707 2663 817 2727 babeo.
866 2663 915 2727 Τιι
943 2684 992 2728 me
1020 2671 1052 2727 et
1074 2672 1199 2747 gratum
1230 2674 1261 2728 et
1287 2686 1452 2730 ruonrorem
1476 2680 1507 2731 et

172 2768 242 2837 ,tui
264 2770 515 2833 amantissimum
537 2786 715 2849 cognosces.
758 2766 843 2831 Bene
862 2766 943 2830 vale.
986 2766 1117 2831 Cursim.

279 2872 334 2936 lll.
358 2870 457 2936 [lidus
478 2872 647 2952 Augustas.
938 2869 1170 2935 chonradus
1191 2870 1426 2937 Moetianua.

262 3014 432 3075 1Gemciut.
452 3021 489 3074 ist
515 3020 564 3073 der
584 3018 673 3085 Brief‚
703 3017 826 3073 walchen
848 3017 946 3072 Ecban
968 3018 1073 3073 Hessus
1098 3020 1256 3089 persiinlich
1285 3020 1349 3073 dom
1378 3018 1507 3073 Erasmus

199 3100 390 3155 iiborbracbte.
431 3101 566 3155 Derselbe
588 3099 624 3152 ist
646 3100 769 3152 rcrlorcn
789 3116 944 3170 gegangcn.
983 3099 1047 3170 Vgl.
1067 3098 1111 3153 Br.
1124 3098 1181 3153 579
1204 3098 1231 3156 S.
1246 3098 1314 3152 246.

258 3176 347 3235 ‘²Das
371 3181 439 3235 eine
468 3180 524 3235 Mal
547 3198 600 3251 von
627 3180 743 3247 Heasus,
768 3180 817 3233 das
848 3180 949 3234 andere
978 3178 1035 3233 Mal
1066 3180 1296 3234 aabrselreinlich
1321 3198 1376 3234 von
1407 3178 1505 3246 duatus

198 3261 294 3329 Jonas
315 3262 364 3316 der
382 3262 519 3315 cbenfalls
539 3278 571 3314 sn
594 3260 723 3313 Erasmus
745 3260 816 3313 nach
838 3258 960 3314 Holland
979 3260 1106 3332 pilgerte.

257 3336 354 3412 8Vgl.
377 3340 452 3395 Bes
474 3340 543 3395 Sl2
565 3341 687 3396 Anm.l.

255 3416 442 3476 4Vielleiclrt
468 3422 629 3476 Auctarium
658 3421 822 3474 selectarum
849 3419 957 3489 aliquot
982 3420 1159 3491 epistolarum
1188 3420 1293 3474 Eraami
1323 3420 1502 3476 Roterodami

197 3501 232 3555 ad
263 3502 385 3557 eruditos
415 3510 443 3557 at
468 3504 565 3556 hortum
593 3502 627 3555 nd
655 3501 742 3554 illum.
792 3500 884 3571 Hrsgg
920 3518 975 3556 von
1002 3502 1105 3556 Beatus
1132 3501 1290 3557 Rhenanus.
1349 3502 1432 3557 Basel
1458 3503 1504 3555 boi

194 3580 305 3636 Froben
328 3582 414 3639 1516.
458 3582 650 3637 Dasselbe'ist
670 3582 741 3635 auch
764 3581 808 3635 ein
830 3582 900 3635 Jalrr
920 3580 1205 3652 spiiterersclrienen.

258 3656 273 3700 ⁵
294 3663 357 3734 Vgl.
380 3662 425 3717 Br.
439 3664 495 3716 145
517 3662 543 3718 S.
557 3662 614 3715 208
637 3662 718 3715 Anm.
731 3661 758 3718 4.

257 3738 353 3796 tneo
383 3742 524 3817 Wunsch,
553 3744 615 3797 eine
647 3742 738 3795 blosse
770 3741 963 3812 Testausgabc
994 3758 1056 3795 vorn
1076 3738 1184 3811 Corpus
1204 3741 1273 3795 iuris
1304 3760 1354 3817 no¹
1370 3742 1503 3812 besitzen,

195 3828 302 3877 iiussert
324 3824 429 3877 Mutina
457 3826 529 3878 ouclr
556 3824 584 3877 in
609 3821 725 3877 Bruto
746 3822 770 3877 S.
785 3822 849 3875 194.
898 3822 935 3874 Er
961 3822 1010 3875 hat
1034 3822 1083 3874 ibn
1104 3822 1183 3876 nicht
1203 3824 1283 3875 mehr
1303 3824 1331 3876 in
1352 3822 1502 3893 Erfrilluug

193 3904 285 3975 gelren
307 3906 400 3973 seben,
420 3906 492 3959 dana
515 3904 559 3958 die
581 3904 680 3957 itlteste
703 3902 885 3975 anglossiorte
907 3900 1173 3974 Gesammtausgabe
1195 3903 1320 3957 crschieu
1344 3910 1399 3957 erat
1422 3903 1500 3956 1525

195 3984 239 4039 bis
262 3984 336 4038 reat
361 3985 389 4038 in
410 3985 496 4040 Paria.
659 3980 664 3987 ’

257 4060 268 4103 l
290 4065 560 4137 Hauptlraudschrift
580 4066 626 4119 liir
646 4064 690 4118 die
704 4063 866 4117 Pandekten
889 4081 939 4117 aurs
958 4064 1020 4116 dem
1043 4064 1070 4119 6.
1094 4064 1160 4117 oder
1182 4062 1419 4121 tuahruundert.

256 4138 422 4201 ⁸Erscbion
453 4147 494 4199 als
521 4153 607 4199 erster
634 4146 676 4197 in:
705 4144 844 4198 Historias
873 4145 1017 4213 Augustae
1043 4144 1197 4213 scriptores.
1243 4143 1283 4197 Ex
1309 4145 1502 4214 recognitione

194 4224 259 4280 Des.
282 4226 394 4281 Erasmi.
424 4226 506 4281 llascl
528 4227 574 4280 bei
596 4226 704 4279 Frobcn
729 4224 812 4279 1518.
860 4224 924 4295 vgl.
944 4223 1057 4277 Panaer.
1090 4222 1162 4278 Anu.
1183 4231 1242 4293 typ.
1255 4224 1303 4291 Vl,
1324 4224 1390 4276 206.
1413 4224 1480 4277 226.

255 4300 365 4360 91516
395 4308 520 4361 orschien
548 4306 593 4360 bei
620 4304 769 4359 Asconsius
795 4304 823 4357 in
848 4304 941 4358 Paris:
968 4304 1005 4359 nl.
1032 4303 1113 4358 Fabii
1133 4302 1299 4366 Quintiliani
1319 4306 1500 4360 oratoriarum

193 4386 399 4441 institutionum
433 4388 497 4441 libri
529 4386 585 4440 Xll
614 4404 668 4440 una
700 4404 762 4439 curn
791 4384 1019 4441 annotationibus
1038 4384 1126 4453 Rapb.
1149 4383 1246 4454 Regii,
1271 4382 1306 4438 G.
1329 4384 1452 4440 Merulae
1474 4394 1502 4439 nt

192 4464 250 4521 lod.
273 4466 353 4521 Badii
373 4468 499 4522 Asceusii
521 4469 549 4520 in
570 4465 780 4538 depravationes
801 4466 960 4520 eorundem.
1002 4465 1081 4520 Nach
1104 4462 1300 4535 Panzeerll‚
1323 4464 1371 4519 28.
1391 4465 1460 4518 841.

256 4543 285 4585 ¹⁰
306 4546 545 4602 Lucubrationuru
571 4548 677 4603 Erasmi
699 4546 760 4600 Rot
781 4546 875 4601 index.
913 4544 995 4602 Basel
1020 4545 1106 4602 1519.
1143 4544 1221 4600 Nach
1241 4544 1410 4617 Passer-VI,
1432 4546 1500 4601 217.

191 4626 259 4683 320.
301 4627 363 4701 Vgl.
385 4629 454 4685 iiber
474 4630 528 4683 deu
552 4628 638 4683 ludex
660 4626 773 4681 urata
795 4624 821 4680 S.
833 4626 899 4679 246.
