3625 5192
629 380 718 439 Bricfe
737 376 915 439 brittannis.
935 384 977 439 89.
1000 385 1041 439 90.
1442 382 1490 441 129

183 536 215 594 et
235 529 410 613 impensam
434 532 574 615 perdidit
602 540 648 610 et,
676 534 703 596 si
725 534 774 597 vir
793 540 857 611 est,
886 534 1068 598 auctoribus
1090 534 1168 613 illis,
1199 534 1313 616 uiribus
1340 534 1488 599 damnum

182 631 407 715 iacturamque,
429 654 524 715 quam
546 634 631 714 fecit,
653 635 765 712 debet,
786 635 932 716 gratiam,
954 638 1075 720 opinor,
1098 656 1159 701 non
1182 638 1296 702 bonam
1318 638 1489 720 aliquando

182 736 305 799 referet.

263 838 382 921 Scripsi
412 838 453 903 ad
484 838 685 922 Spalatinum
718 846 858 903 nostrum
885 839 927 904 de
957 842 1078 907 novitio
1107 843 1273 925 canonico,
1308 862 1401 923 quem
1429 862 1489 925 ego

182 939 446 1022 Spintnrnitinml
474 943 643 1026 appellavi.
693 942 766 1007 Vidi
793 943 968 1027 pappantis
996 942 1151 1027 diploma,
1185 946 1354 1011 attrectavi
1383 952 1490 1010 notam

182 1040 349 1105 bifrontem
381 1050 413 1106 et
443 1044 624 1126 plumbeam
661 1064 730 1108 cum
762 1046 924 1109 cannabe·
962 1045 1151 1129 dependula.
1209 1046 1387 1112 Observavi
1426 1055 1490 1113 tres

181 1141 316 1224 glandes
337 1145 396 1208 snb
417 1145 572 1210 minutula
594 1164 693 1210 cruce.
738 1146 909 1211 Confestim
932 1148 1135 1232 suspicabar,
1158 1146 1240 1230 quod
1262 1149 1387 1233 pudicis
1406 1151 1489 1214 auri-

181 1244 240 1309 bus
266 1244 454 1310 dicenduml
484 1268 545 1311 nou
572 1256 633 1313 est:
670 1254 726 1312 aut
747 1248 830 1313 enirn
858 1248 891 1311 id
917 1248 1020 1332 ipsum
1045 1249 1200 1315 obscenas
1229 1251 1331 1315 virilis
1356 1252 1488 1317 membri

181 1347 316 1429 glandes
346 1348 525 1430 significare
558 1349 636 1414 rcl.⁶
674 1357 729 1415 aut
759 1350 813 1414 avi
848 1368 904 1414 seu
941 1352 1044 1434 patrui
1077 1351 1145 1415 divi
1179 1353 1325 1436 ὃγιιιί12
1363 1354 1487 1436 glandi-

180 1450 278 1513 feram
300 1470 462 1532 quarcum,
491 1452 549 1517 boc
570 1459 632 1532 est,
659 1452 799 1534 insignia
821 1452 947 1535 patroni
967 1452 1125 1534 qnondam
1149 1455 1206 1520 sui.
1252 1454 1415 1539 Utcunque
1437 1458 1489 1537 sit,

182 1570 239 1615 nos
260 1553 309 1617 vel
331 1554 363 1617 in
386 1555 493 1638 parvis
513 1554 609 1617 etiam
632 1552 725 1618 rebus
748 1552 798 1617 vel
820 1552 1063 1619 admirabilibus
1085 1575 1219 1637 sagaces
1247 1559 1490 1639 essevolumus,

182 1672 222 1717 ne
244 1654 355 1719 credas
376 1658 503 1720 inanem
524 1675 627 1720 meam
649 1656 883 1720 oscitacionem.
928 1656 1014 1721 Vale.

252 1778 432 1827 Handscbristl.
453 1780 517 1826 Ml
541 1780 760 1826 fol.ltr—13v.
816 1779 891 1827 fiodr.
916 1780 938 1826 b.
957 1780 990 1825 Ta
1013 1784 1036 1829 S.
1054 1782 1085 1829 29
1111 1799 1154 1827 rou
1180 1784 1271 1843 Scripsi
1296 1784 1326 1830 ad
1351 1783 1386 1829 bis
1409 1799 1488 1831 meam

185 1848 365 1897 oscitationem.

253 1948 368 2002 *r'aua
386 1958 420 2002 m
438 1958 539 2004 mirone.
612 1941 679 2003 lna
697 1958 813 2005 arricum.
885 1952 949 2003 ιιι
968 1958 1075 2006 vinoun.
1146 1943 1211 2004 lna
1230 1959 1299 2005 sixti.

183 2261 244 2333 ao.
267 2260 311 2331 ll.
327 2279 374 2327 an
393 2260 527 2332 Urban.
600 2258 745 2343 (liotba.
767 2259 951 2326 Zwiscben
963 2258 1063 2327 lindc
1073 2260 1167 2327 1505
1180 2280 1214 2327 ιι.
1227 2258 1360 2327 licrbst
1371 2261 1487 2342 laos.)

251 2386 313 2433 biut.
332 2387 459 2446 bespriubt
481 2386 669 2445 lrarrpt-siiclilirb
689 2386 1142 2444 wirtsclraftlicbeArrgclcganbeitan,
1163 2386 1203 2431 (lio
1222 2387 1349 2432 entwednr
1367 2388 1409 2432 ibn
1429 2387 1489 2431 orlei·

183 2457 268 2503 llrban
287 2457 416 2503 betreti'cn.

265 2554 392 2637 Optimo
413 2554 496 2638 patri
518 2554 655 2619 Henrico
679 2553 845 2633 Urbano,
871 2574 1037 2627 economo,
1060 2555 1192 2636 egregia
1212 2552 1288 2633 lide,
1314 2554 1490 2617 eruditione

182 2657 346 2739 singulari,
369 2656 529 2721 Matienus
550 2656 656 2721 Rufus.

262 2760 294 2825 S.
335 2758 451 2841 Equini
475 2759 598 2842 pecoris
617 2777 804 2840 generosum
827 2758 946 2840 pullum
969 2759 1082 2823 coloris
1101 2758 1206 2824 veneti
1229 2760 1343 2823 emisse
1365 2767 1397 2822 te
1413 2760 1489 2823 scio.

182 2862 353 2926 Successus
374 2880 542 2945 prosperos
563 2861 685 2924 ominor
706 2866 736 2924 et
757 2860 829 2925 dim
848 2860 990 2925 feliciter.
1034 2860 1119 2925 Bene
1141 2862 1303 2934 convenit,
1327 2868 1361 2926 ut
1381 2871 1491 2925 auctor

181 2982 371 3028 summarum
394 2963 425 3027 in
438 2963 775 3045 saltibusGeorgianis
785 2966 938 3027 formosos
949 2981 1045 3043 equos
1056 2962 1131 3029 alat.
1173 2964 1252 3040 Quis
1273 2964 1356 3029 euim
1369 2964 1490 3027 nesciat

183 3066 347 3130 Urbanum
370 3085 438 3131 esse
459 3066 580 3149 copiosi
601 3074 697 3147 atque
717 3064 884 3148 locupletis
905 3064 1030 3131 cenobii
1048 3066 1263 3130 beatissimum
1285 3070 1490 3131 economum?

183 3167 427 3233 Commendatur
456 3168 488 3231 in
517 3187 597 3249 aquo
627 3167 763 3249 legendo
791 3174 886 3250 caput
914 3173 1075 3249 argutam,
1103 3167 1204 3232 ardua
1230 3169 1354 3247 cervix,
1385 3168 1490 3232 brevis

181 3271 287 3352 alvus,
315 3271 412 3335 obesa
440 3277 546 3353 terga,
571 3270 748 3333 animosum
780 3270 919 3351 pectus3.
967 3267 1030 3333 Sed
1053 3270 1191 3351 animos,
1222 3276 1256 3333 ut
1278 3270 1379 3350 inquit
1400 3270 1489 3349 Maro

182 3381 287 3438 noster
309 3373 389 3437 libro
411 3373 508 3438 tercio
530 3371 724 3453 Georgicon,
753 3390 909 3452 ovumque
929 3370 1054 3435 notabis
1076 3372 1257 3456 precipuei.
1304 3371 1489 3455 spalatinae

182 3483 283 3540 tecum
305 3483 380 3557 aget
402 3475 480 3538 meis
501 3474 608 3539 verbis
628 3471 1031 3556 supertriuuscodieibus⁵
1055 3472 1095 3536 dc
1115 3473 1308 3539 bibliotheca
1329 3473 1485 3539 cenobiali

181 3578 371 3662 promendis.
414 3578 448 3642 Si
472 3577 571 3641 babes
590 3576 735 3641 salictum
755 3574 898 3655 (roduam,
922 3582 993 3658 peto
1015 3574 1153 3639 smlones
1174 3576 1304 3657 aliquot,
1327 3584 1360 3639 nt
1382 3576 1487 3641 hortus

180 3700 268 3745 meus
288 3677 519 3745 fructiferarum
541 3679 686 3742 arborum
709 3679 811 3741 minus
833 3678 921 3740 ferax
948 3677 1059 3741 saltem
1083 3678 1264 3743 umbraculo
1285 3680 1411 3759 saligno
1434 3678 1488 3742 liat

180 3783 330 3848 amenioa
375 3782 475 3846 Dabis
497 3782 579 3844 bunc
598 3800 726 3843 aureum
746 3796 905 3841 nunrmum
928 3778 1050 3842 vicanis
1064 3780 1126 3843 tuis
1139 3780 1262 3860 vetulis,
1285 3787 1319 3845 ut
1344 3780 1487 3863 butyrum

245 4058 253 4099 ¹
278 4062 335 4115 Dcr
356 4060 444 4115 Namc
464 4058 553 4114 dieses
573 4056 857 4130 „Ungliioksvogels“
885 4056 921 4110 ist
949 4056 1026 4109 nicbt
1046 4075 1079 4109 au
1101 4057 1254 4123 ermittelu,
1280 4057 1430 4127 jedenfalls
1453 4059 1488 4113 ist

181 4143 225 4195 cin
247 4141 374 4195 liotbaer
394 4140 557 4195 Kanobikon
577 4138 707 4210 gemeint

243 4220 256 4259 ²
276 4221 368 4276 Siatus
379 4222 426 4276 lv.
441 4219 507 4295 (von
520 4219 593 4273 1471
603 4215 745 4284 --14841
760 4219 856 4271 descen
869 4216 949 4271 Ncffe
960 4217 1052 4271 Julius
1064 4217 1098 4270 ΙΙ.
1113 4217 1177 4287 (uon
1193 4216 1267 4271 1503
1286 4252 1307 4259 ψ
1325 4218 1414 4282 15131
1428 4238 1488 4274 war.

240 4298 255 4340 3
277 4303 352 4374 Virg.
376 4302 476 4372 Georg.
489 4301 539 4357 lll.
561 4320 584 4352 v.
599 4298 635 4351 ta
650 4326 674 4339 -·
688 4299 739 4352 81:
762 4298 806 4351 llli
828 4300 914 4351 ardna
939 4297 1029 4351 cervix
1048 4298 1051 4367 Ι
1071 4297 1264 4369 Argutmnqnc
1285 4306 1377 4369 capnt,
1399 4300 1488 4353 brevis

181 4382 259 4436 alvus
280 4384 419 4453 obesaque
440 4390 525 4452 terga,
543 4388 548 4447 Ι
567 4380 757 4449 erxuriatquc
778 4379 846 4431 ciris
866 4378 1021 4432 animosum
1044 4384 1147 4447 peetus.

239 4459 254 4501 ¹¹
276 4462 505 4517 v.100-101:
526 4461 600 4531 Ergo
620 4460 727 4514 animos
747 4476 901 4527 aevrunquo
927 4458 1036 4511 notabis
1056 4455 1059 4531 1
1078 4458 1240 4529 'Praecipue

243 4540 258 4581 5
280 4544 366 4598 Wobl
388 4543 544 4610 (diacodion,
572 4560 618 4593 ιιιιι
641 4541 744 4593 ιιυ1ι1ιι·
767 4539 873 4592 blntian
896 4542 990 4607 spiiter
1015 4539 1086 4591 rinch
1108 4539 1210 4592 cirmml
1235 4540 1370 4608 dringcnd
1398 4540 1486 4594 bium.

181 4624 243 4695 ugr.
262 4625 304 4678 m.
320 4625 384 4678 roa.

230 4726 395 4777 amount-qu.
405 4727 427 4766 d.
438 4726 473 4766 Pr.
485 4723 507 4764 S.
518 4725 597 4766 xviii.
1268 4718 1284 4769 (J
