3625 5192
691 336 781 391 Briele
798 337 918 393 Murtiaus
928 338 969 391 ll.
980 338 1022 391 42.
1476 338 1511 391 53

204 482 315 550 valeas
341 493 383 565 et,
404 486 432 551 si
455 504 564 568 preces
585 486 692 551 valent
711 486 798 571 apud
820 487 922 553 Deum
945 492 1099 567 nostrum,
1122 504 1253 571 precare
1275 506 1331 570 pro
1353 486 1455 567 nubis,
1475 493 1510 553 ut

204 588 286 653 votis
306 589 493 654 subscribat.

274 712 453 759 Harrdschristl.
473 712 494 758 Ρ
517 712 792 761 76.r01.52r—52v.
876 713 953 761 (ledr.
975 713 998 759 b.
1020 712 1053 759 Tu
1072 713 1094 761 S.
1110 706 1221 760 etl-68
1251 728 1295 759 rou
1317 712 1439 760 Maximus
1466 714 1508 761 Ai-

203 783 285 829 milius
311 783 349 829 bia
367 797 468 843 prorsus
485 782 580 842 ignoro.

202 932 260 1000 42.
282 928 327 1001 ll.
348 948 395 997 err
416 930 550 998 Urban.
1042 930 1175 1017 (botua
1189 932 1296 1002 leuc.
1329 930 1424 999 lltrz
1439 931 1506 1017 el.)

272 1055 333 1107 utne.
361 1057 447 1115 ergebt
474 1057 526 1102 sich
558 1071 598 1102 am
626 1056 835 1115 Benedictustagc
862 1055 888 1101 iu
918 1055 1122 1114 Botruclrtungorr
1157 1056 1217 1102 iiber
1244 1055 1284 1102 dio
1315 1056 1505 1115 muurrigt'uclrou

201 1126 357 1186 Vordicnsto,
376 1126 469 1173 welche
487 1126 533 1173 der
546 1126 624 1173 Vater
642 1126 686 1173 dcr
704 1126 897 1173 benedictinor·
923 1126 974 1171 und
992 1126 1066 1172 sumit
1084 1127 1147 1171 auolr
1167 1126 1211 1171 dor
1229 1126 1507 1174 histerziorrscrkldstor

200 1196 254 1243 sich
272 1212 312 1242 nm
331 1197 371 1242 die
391 1196 561 1243 Clrristcnheit
581 1196 709 1243 erwnrbeu
728 1198 780 1244 bat.
817 1196 850 1243 llr
868 1196 930 1243 malt
947 1196 1000 1243 sich
1020 1210 1076 1257 aus,
1101 1210 1150 1243 »εἰς
1170 1196 1255 1243 Urhan
1274 1210 1307 1243 an
1328 1196 1420 1243 diesem
1438 1196 1506 1257 'l'ags

199 1266 287 1314 seiucrr
304 1266 515 1314 Klosterbrirderu
533 1265 653 1327 prodigum
673 1266 742 1313 wird.

280 1364 450 1445 Urbano,
472 1384 632 1443 economo,
653 1364 721 1429 viro
741 1364 889 1448 sapienti,
912 1363 1014 1429 amico
1035 1362 1164 1446 optimo,
1186 1362 1345 1427 blutianus
1367 1362 1474 1431 Rul'us.

280 1469 312 1532 S.
353 1466 553 1531 Sanctissimi
573 1466 674 1551 patrio
695 1464 859 1531 Benedicti
881 1466 1042 1531 natalem¹
1064 1465 1149 1531 diem
1171 1464 1406 1531 ecclesiasticus
1430 1467 1506 1533 ordo

201 1570 294 1635 bodie
315 1569 462 1635 celebrat.
504 1567 666 1635 Laudatur
686 1570 755 1633 eius
777 1568 837 1633 viri
861 1568 981 1649 regula.
1022 1566 1177 1649 Regulam
1199 1566 1335 1633 Paulus²
1357 1568 1505 1635 iuriscon-

199 1671 300 1737 sultus
320 1672 367 1736 ita
386 1669 471 1752 finit,
496 1672 608 1751 nteit,
636 1690 698 1753 que
718 1690 783 1735 rem
805 1671 943 1735 breviter
965 1670 1119 1735 enarrent.
1160 1669 1220 1735 Per
1249 1688 1319 1735 eam
1349 1670 1505 1754 siqnidem

199 1774 306 1839 brevis
326 1792 428 1838 rerum
449 1772 594 1838 narracio
616 1771 764 1853 traditur,
792 1781 826 1838 ut
844 1774 892 1838 ait
914 1772 1082 1837 Sabinusl.
1123 1771 1262 1853 Protegit
1289 1772 1505 1839 institutiones

198 1875 293 1941 huius
318 1875 467 1941 cucullati
492 1874 673 1959 Pythagore
703 1876 770 1941 suis
797 1876 965 1960 discipulis
989 1874 1175 1959 Spalatinus
1208 1880 1294 1953 tuus,
1324 1894 1418 1957 quem
1444 1896 1505 1959 ego

198 1977 310 2043 merito
329 1986 416 2042 tunm
438 1978 566 2062 appello
587 1978 852 2063 contemplatione
865 1984 987 2042 tuorum
1009 1976 1124 2042 ineum
1136 1975 1325 2041 meritorum.
1368 1977 1504 2061 Miraris,

198 2100 254 2145 cur
273 2079 488 2164 Pythagoram
508 2099 548 2145 cx
568 2079 742 2145 Benedicto
768 2080 892 2145 faciam.
935 2079 1055 2163 Accipe
1083 2078 1246 2143 rationem.
1293 2078 1411 2146 Scribit
1432 2081 1504 2145 Hie-

198 2201 346 2267 ronymus
366 2190 486 2249 noster:
513 2182 604 2247 llnlti
623 2182 881 2267 philosophorum
902 2182 1096 2265 reliquerunt
1116 2182 1310 2268 frequentias
1329 2182 1452 2249 urbium
1473 2190 1505 2248 ct

197 2284 337 2351 hortulos
357 2284 572 2365 suburbanos,
604 2286 660 2350 ubi
685 2305 764 2369 ager
789 2286 926 2369 irrignus
953 2292 984 2351 et
1011 2282 1158 2349 arborum
1189 2300 1277 2349 come
1305 2292 1337 2349 et
1360 2304 1505 2351 srrsurrus

197 2387 318 2465 avium,
343 2387 440 2452 tontis
459 2387 630 2471 speculum,
652 2387 737 2452 rivus
757 2406 954 2453 murmurans
975 2394 1007 2453 et
1026 2386 1122 2451 multe
1141 2386 1299 2451 oculorum
1320 2388 1505 2469 auriumque

198 2489 346 2555 illecebre
367 2497 455 2572 sunt,
480 2509 519 2553 ne
541 2509 598 2573 per
618 2489 724 2554 luxuum
747 2496 779 2553 et
798 2489 1029 2555 abundantiam
1050 2489 1211 2571 copiarum
1228 2488 1333 2554 anime
1354 2488 1504 2555 lbrtitudo

196 2591 394 2657 mollesceret
414 2598 447 2658 et
467 2592 536 2657 eius
557 2590 716 2675 pudicicia
737 2597 999 2675 constupraretur.
1043 2590 1157 2656 Inutile
1182 2590 1302 2675 quippe
1323 2598 1371 2656 est
1393 2591 1503 2657 crebro

197 2692 316 2772 videre,
337 2713 464 2777 perque
484 2692 780 2776 aliquandocaptus
791 2694 835 2757 sis
848 2700 997 2759 eteorum
1010 2699 1041 2758 te
1063 2693 1280 2777 experimento
1301 2692 1505 2775 committere,

196 2795 311 2877 quibus
331 2794 499 2859 dillioulter
519 2814 638 2860 careas.
681 2794 764 2859 Nam
786 2803 818 2861 et
838 2794 1030 2879 Pythagorei
1059 2793 1273 2860 huiuscemodi
1295 2794 1503 2878 frequentiam

195 2897 393 2963 declinantes
411 2898 443 2963 in
465 2898 636 2963 solitudine
657 2905 689 2963 et
710 2897 844 2963 desertis
855 2897 933 2963 locis
955 2898 1099 2963 babitare
1121 2903 1359 2963 consueverunt.
1401 2895 1503 2960 Plato-

196 3000 260 3064 nici
282 3018 407 3081 quoque
428 3007 461 3064 et
482 2999 580 3063 Stoici
609 3000 642 3063 in
664 3000 850 3081 templorum
871 3000 950 3064 locis
971 3005 1003 3063 et
1024 2999 1197 3081 porticibus
1217 2998 1442 3079 versabantur,
1471 3005 1505 3062 ut

195 3101 349 3166 admoniti
373 3101 565 3183 augustioris
593 3100 766 3167 habitaculi
791 3103 961 3167 sanctitate
988 3101 1067 3167 nihil
1095 3101 1183 3167 aliud
1204 3122 1298 3184 quam
1320 3100 1361 3166 de
1381 3100 1503 3165 virtuti-

195 3204 254 3268 bus
273 3204 460 3285 cogitarent
501 3202 692 3269 Benedictus
713 3214 798 3269 certe
818 3224 911 3270 verus
932 3204 1176 3287 Pythagoricus,
1206 3224 1280 3269 vere
1302 3203 1440 3283 Stoicus,
1470 3202 1503 3267 in

194 3305 393 3369 Cassinatem
412 3325 447 3369 se
467 3305 607 3386 contulit,
629 3306 684 3371 ubi
704 3305 747 3371 ad
768 3304 917 3388 trigidum
940 3305 1089 3371 Anienis⁸
1109 3324 1234 3370 amnem
1255 3304 1501 3389 Pythagoricum

194 3407 510 3472 contubernalitatem
531 3408 676 3472 instituit.
718 3407 811 3485 Quod
831 3408 997 3473 cenobium
1010 3408 1165 3491 porticum
1177 3407 1294 3490 templo
1315 3405 1502 3489 applicitam

194 3508 314 3584 habuit,
337 3510 369 3573 in
393 3528 455 3591 qua
473 3509 714 3574 contubernales
736 3509 1001 3575 omnibusmundi
1021 3509 1177 3594 prophani
1199 3509 1336 3592 negotiis
1357 3507 1504 3589 curisque

194 3612 398 3695 postpositisb
429 3632 531 3677 rernm
552 3617 682 3677 naturas
704 3630 880 3693 causasque
907 3630 946 3676 ac
974 3612 1112 3676 rationes
1136 3612 1273 3677 siderum
1303 3616 1407 3675 mente
1433 3628 1501 3695 per-

266 3734 331 3779 ere
349 3734 455 3782 amena.
525 3719 538 3755 ¹³
558 3736 590 3781 re
609 3735 766 3795 parsurus.

257 3936 267 3978 ¹
292 3939 344 3993 Arn
366 3940 412 3994 21.
433 3940 509 3995 Miirz

255 4016 382 4076 leutius
402 4020 507 4075 Paulus
528 4020 603 4075 lebtc
623 4020 653 4073 in
676 4021 725 4075 der
745 4028 836 4076 ersten
850 4020 948 4075 Hiilfte
972 4022 1021 4075 des
1042 4021 1066 4074 3.
1078 4021 1281 4076 dahrhuuderts
1302 4022 1358 4075 und
1380 4038 1435 4076 war
1457 4022 1501 4075 ein

193 4100 312 4155 Schiiler
333 4100 490 4170 Papinians.

253 4176 353 4251 ³vgl.
376 4180 482 4249 Corpus
503 4181 570 4235 iuris
591 4180 688 4235 civilis.
709 4182 750 4237 erl.
774 4182 804 4236 P.
827 4182 954 4251 Kruegur·
974 4190 1002 4235 ct
1024 4180 1128 4235 'l'heod
1150 4180 1314 4249 Mommsen,
1333 4181 1451 4253 Digesta
1469 4183 1502 4237 L.

197 4260 246 4314 ll:
269 4261 374 4315 Paulus
393 4260 465 4315 libro
491 4268 568 4315 sexto
597 4262 706 4316 decimo
731 4263 766 4316 ad
795 4262 936 4315 Plautium
959 4261 1066 4333 Regula
1092 4268 1148 4327 est,
1177 4278 1248 4333 «purae
1274 4280 1331 4316 rem
1360 4280 1431 4332 quac
1461 4270 1504 4318 est

194 4341 314 4395 breviter
334 4348 452 4395 errarrat.

253 4417 267 4459 ⁴
290 4420 420 4475 Ebenda:
447 4440 498 4492 per
517 4422 641 4493 regulam
665 4422 750 4493 igitur
770 4422 861 4476 brevis
882 4440 972 4476 rerum
996 4422 1115 4476 rrarretio
1136 4422 1254 4476 traditur
1275 4428 1316 4491 et,
1345 4430 1376 4476 ut
1396 4422 1436 4479 uit
1456 4422 1502 4478 Sa·

193 4501 276 4555 binus
304 4501 383 4571 (qumi
414 4519 512 4555 mursae
539 4502 677 4558 conlectio
705 4509 747 4558 est
772 4510 822 4559 etc
844 4510 895 4559 etc.
945 4502 1003 4559 Der
1024 4502 1113 4560 durist
1135 4500 1254 4559 Sabinus
1279 4520 1333 4559 war
1360 4502 1406 4560 ein
1428 4504 1500 4559 Zeit-

190 4599 310 4656 genossc
332 4582 381 4639 dee
402 4580 540 4638 Tiberius.
