3625 5192
629 357 717 413 Briefe
736 354 856 413 Matiana
875 355 935 413 417.
952 355 1011 412 tls.
1030 358 1089 412 419.
1479 353 1513 411 ts

201 505 264 572 diei
287 513 404 591 potest:
427 507 462 572 si
484 507 665 573 desinerent
687 509 849 590 ignorare,
872 509 1054 574 desinerent
1076 508 1183 572 odisse
1205 514 1350 572 auctores
1372 507 1512 572 idoneos.

202 611 252 675 Ad
267 611 415 675 tercium:
434 611 514 674 Suos
531 609 699 676 Meandros
712 616 799 676 amat
815 610 975 676 llisenacb
985 613 1007 691 ¹,
1022 629 1081 676 sua
1096 609 1341 674 involucrisoula
1352 609 1512 674 Werlicb2

201 715 389 795 suasspiras
402 712 589 778 Erlebaehi.
632 712 712 791 Quis
726 714 862 779 libenter
878 713 1014 778 amicam
1035 713 1175 778 deserit?
1215 712 1348 786 iuvent,
1370 711 1512 777 osculan-

202 823 252 880 tur
273 815 400 881 assidue
422 836 496 881 snus
517 815 661 896 delitias,
690 816 804 897 qrribus
832 815 959 898 placere
987 815 1142 878 lucrosum
1164 822 1220 879 est.
1263 814 1379 879 Coeio⁴
1402 814 1512 878 habuit

203 917 297 983 lidele
324 919 516 998 mancipium
540 937 578 982 ex
602 917 713 982 Fulda.
757 916 827 981 Uno
848 917 946 982 verbo
968 917 1151 981 dominanr⁵
1172 916 1320 996 offendit,
1346 917 1420 980 ilico
1447 919 1511 981 eni·

201 1021 348 1102 gebatur,
377 1021 608 1085 eliminabalur.
658 1019 754 1083 Tanti
783 1027 852 1084 erat
883 1019 1045 1084 levissima
1073 1019 1186 1084 bestia.
1233 1019 1287 1082 Sic
1314 1018 1456 1098 barbari,
1484 1021 1512 1083 si
1563 1036 1567 1045 ·

201 1143 262 1188 non
285 1123 422 1188 colerent
444 1122 576 1186 studiosi
598 1141 704 1188 eorum
727 1121 873 1202 amicam,
896 1122 928 1184 id
951 1129 1009 1201 est,
1030 1120 1148 1202 ligurus
1170 1121 1415 1204 metaphysicas‚
1439 1141 1511 1185 eon-

201 1227 288 1291 tinno
304 1226 452 1306 sevirent,
472 1244 533 1290 non
546 1231 774 1306 promoverent,
791 1245 852 1289 non
872 1223 1111 1304 auxiliarentur,
1134 1224 1196 1286 imo
1212 1223 1419 1302 retardarent,
1441 1224 1511 1287 reii-

201 1335 322 1409 cerent,
349 1328 561 1394 excluderent.
608 1328 697 1392 Adeo
724 1327 795 1391 dira
823 1333 895 1392 sunt
918 1327 1111 1391 animalcula
1132 1325 1281 1407 theologi.
1323 1326 1389 1390 llec
1415 1326 1511 1410 paulo

201 1431 330 1496 liberius
351 1439 383 1496 et
404 1431 515 1496 tacete.
560 1431 646 1496 Cave
668 1432 826 1496 enuncies.
869 1431 953 1494 Nam
975 1430 1179 1495 barbarorum
1201 1429 1314 1492 cobors
1335 1448 1397 1493 non
1428 1429 1511 1494 male

200 1535 297 1599 sentit
318 1533 358 1597 de
380 1534 470 1598 nobis
491 1542 524 1599 et
545 1554 604 1616 ego
627 1535 744 1599 nemini
769 1555 865 1598 noceo
920 1533 1071 1597 Veritatis
1087 1539 1200 1607 tamen,
1225 1538 1258 1594 ut
1277 1532 1370 1610 nosti,
1390 1533 1511 1596 anricus

200 1657 263 1701 non
285 1655 411 1722 possum
434 1657 495 1702 non
519 1637 565 1700 ita
586 1637 705 1702 ludere.

270 1759 450 1808 llnndnchriltl.
470 1761 490 1807 F
511 1759 560 1807 832
588 1761 628 1808 lot.
656 1759 852 1808 'dliv-mr.
890 1761 966 1808 (ledr.
990 1761 1014 1808 b.
1037 1760 1078 1807 Tu.
1111 1759 1306 1808 s.161-162.
1353 1759 1510 1819 l'olIstdada'q,

200 1830 262 1876 dorla
281 1831 339 1876 olarre
358 1831 468 1878 aurern.

189 1985 201 1994 ·
271 1917 282 1944 ¹
302 1924 334 1968 Ta
353 1925 452 1971 amicos.
551 1943 552 1946 ¹

758 1991 928 1998 unm-ss.
935 1994 940 1999 .
947 1993 960 1999 -

200 2106 279 2175 419·
301 2106 346 2178 ll.
368 2125 413 2173 an
436 2107 571 2174 Urbnu.
799 2107 932 2193 (Gotho
943 2108 1042 2178 1514.
1073 2109 1220 2192 angust.
1243 2107 1510 2192 Erstellttlfte).

271 2231 332 2279 blut.
352 2233 402 2278 will
422 2233 519 2278 Urbano
538 2233 589 2279 aut
609 2234 687 2280 durclr
706 2235 746 2280 ein
766 2235 989 2294 Birclrergeacbenlr
1009 2237 1063 2282 sicli
1081 2235 1239 2282 verbindliclr
1258 2237 1372 2294 machon,
1391 2235 1509 2280 sctrildert

205 2303 256 2348 sein
276 2303 402 2348 risulirlrcs
426 2305 558 2349 Aultreten
582 2319 628 2351 vor
650 2305 705 2350 deur
725 2307 837 2351 (lothacr
860 2307 909 2351 list
932 2307 958 2351 in
983 2306 1337 2364 Plriindennrrgelcgnnbeiten
1360 2306 1411 2351 und
1434 2305 1510 2350 hinet

202 2385 242 2418 um
257 2373 401 2432 Besorgung
417 2374 484 2420 eines
496 2374 656 2420 Genu-lienlros
675 2377 714 2422 tur
729 2375 871 2434 l'l'eliingsr.
910 2375 944 2421 Er
962 2377 1041 2422 tadclt
1060 2377 1129 2422 daun
1147 2377 1191 2420 dna
1207 2377 1353 2422 Bensbmen
1368 2375 1510 2421 llerebords

200 2458 249 2488 von
268 2443 313 2489 dor
331 2442 446 2490 llurtlrcn
466 2444 516 2490 nrrd
536 2446 622 2490 malint:
643 2461 674 2491 an
693 2445 734 2492 dis
755 2445 889 2506 litirlrgnbu
909 2447 998 2492 zaveier
1016 2447 1099 2493 Briesc
1120 2447 1171 2492 arrad
1189 2445 1232 2492 dos
1248 2447 1397 2506 'l'riomplrus
1411 2445 1508 2491 Neobii.

201 2513 256 2559 Dcn
277 2513 383 2560 Nithnrd
402 2517 474 2573 miigo
493 2515 536 2560 der
554 2515 639 2562 Torrlal
658 2516 741 2564 lrolen.

285 2613 449 2676 urbano

281 2715 312 2778 S.
349 2714 417 2778 Emi
438 2716 697 2780 narratiunculas
721 2716 761 2780 de
783 2717 962 2782 secessione
983 2717 1209 2800 sedicioneque
1230 2723 1294 2779 tum
1316 2717 1509 2780 Suerorum⁶

200 2817 370 2898 agrestium
393 2823 457 2881 tum
479 2837 569 2882 eruce
592 2819 808 2898 signatorumi
836 2820 867 2882 in
892 2819 1040 2900 [lugaria.
1084 2819 1160 2882 liem
1187 2817 1310 2881 medius
1336 2817 1430 2881 lvdius
1456 2837 1509 2882 au-

200 2917 268 2981 ditu
280 2918 462 2998 terribilem,
483 2922 619 2984 futurum
631 2939 754 2999 munus,
776 2940 836 3002 qrro
848 2920 1085 2984 nobislluronii
1102 2921 1192 2984 lavor
1208 2922 1241 2984 in
1254 2929 1348 2998 tuam,
1370 2920 1509 2998 Urlrane,

200 3021 336 3101 gratiam
358 3028 551 3105 preparetur.
594 3021 668 3085 Heri
691 3023 733 3085 fni
757 3023 789 3086 in
812 3023 985 3086 sorbitione
1007 3030 1039 3086 et
1059 3023 1113 3103 egi
1128 3032 1199 3086 cnm
1216 3029 1326 3085 senatu
1345 3022 1438 3086 buius
1461 3042 1508 3086 ur-

206 3122 262 3186 bis.
304 3124 526 3187 Convenerunt
547 3125 768 3206 competitores
790 3143 917 3188 numero
939 3125 1093 3205 quinque,
1122 3143 1183 3205 ego
1211 3143 1313 3186 meum
1343 3127 1509 3204 negocium

200 3225 317 3288 curavi.
355 3225 466 3289 Restiti
486 3226 568 3304 aliis,
590 3227 646 3289 sed
663 3225 879 3307 Brengbinrsss
900 3227 976 3290 milri
994 3228 1054 3290 tuit
1071 3227 1204 3290 infestus
1222 3225 1417 3290 hauddubie
1440 3245 1507 3309 per-

202 3345 314 3390 suasus
335 3326 523 3391 aLotianis.
565 3327 647 3390 Nam
670 3335 701 3392 et
723 3328 791 3410 ipse
813 3336 845 3391 et
865 3329 914 3392 sui
936 3328 1097 3392 habebant
1117 3327 1273 3406 clientem,
1295 3347 1315 3390 a
1336 3349 1397 3410 quio
1418 3338 1509 3393 erant

200 3429 337 3511 pecunia
372 3429 543 3494 subornati.
591 3430 667 3493 ldeo
689 3430 833 3494 acerbius
861 3433 1021 3513 urgebam.
1073 3429 1190 3494 Vellem
1219 3429 1364 3517 audisses
1390 3433 1509 3515 asperi-

203 3535 300 3594 tatem
326 3549 437 3595 meam.
478 3530 551 3594 Misi
573 3537 648 3596 ante
669 3533 846 3596 contionem
869 3533 1068 3596 Fabianurn9
1091 3533 1173 3595 lrunc
1194 3542 1386 3614 questorem,
1407 3536 1507 3599 virum

200 3630 401 3714 prudentem,
434 3632 477 3696 ad
504 3633 728 3715 Brsngbirum,
761 3641 794 3696 ut
822 3634 936 3698 leniret
962 3635 1098 3698 bonrinis
1129 3636 1394 3700 malevolentiam.
1443 3638 1507 3702 Sed

266 3803 276 3844 ¹
297 3805 421 3862 Jodocus
441 3807 601 3864 Trulfetter.
643 3808 792 3880 vgilans
815 3808 871 3862 S.8
893 3809 976 3864 Anm.
993 3809 1016 3864 l.

263 3883 277 3925 2
298 3886 361 3958 Vgl.
373 3889 417 3942 Br.
430 3887 486 3942 227
509 3887 536 3942 S.
549 3889 606 3941 306
627 3888 709 3943 Aram.
725 3891 750 3946 l.

263 3961 277 4005 3
297 3967 356 4038 l'gl.
373 3967 487 4025 31:277
511 3968 604 4024 5364
627 3969 708 4024 Anni.
721 3971 745 4023 5.

263 4043 276 4084 ⁴
298 4048 409 4103 ‹lohann
431 4049 612 4120 Siimmcring.
654 4051 716 4120 Vgl.
730 4051 774 4108 Br,
790 4052 820 4103 11
848 4051 873 4106 S.
888 4051 923 4104 l'l
946 4051 1029 4106 dnm.
1043 4054 1068 4106 l.

263 4123 277 4165 5
299 4129 361 4198 Vgl.
374 4128 419 4187 Br,
432 4129 490 4182 tuo
510 4131 536 4184 S.
548 4131 616 4186 351.

264 4203 278 4246 ὃ
299 4208 419 4280 Vgl.B1·.
438 4210 505 4266 413.

268 4285 280 4326 ⁷
302 4289 366 4360 Vgl.
378 4289 423 4346 Br.
440 4290 506 4346 413.

263 4365 278 4408 ⁸
299 4369 362 4440 Vgl.
375 4370 420 4424 Br.
436 4371 490 4424 196
513 4371 537 4427 S.
551 4373 608 4424 272
631 4372 714 4430 Arrun.
727 4374 755 4427 3.

265 4445 279 4488 9
301 4450 386 4504 Wohl
413 4452 549 4506 idenlisclr
581 4455 631 4506 rnit
659 4454 721 4508 dem
749 4455 776 4507 in
801 4455 878 4509 einer
903 4455 1036 4510 Urlvundc
1063 4457 1111 4510 des
1138 4457 1266 4528 Herzogl.
1286 4457 1369 4513 Goth.
1390 4457 1509 4512 Archivs

203 4547 266 4584 vom
288 4531 412 4603 Sonntag
434 4531 550 4588 Caritate
582 4535 657 4586 15‘20
676 4535 738 4601 rQQ
769 4535 790 4592 l.
812 4535 835 4588 d.
859 4535 1110 4604 armanalanam
1132 4537 1238 4592 Fabiam
1261 4539 1357 4607 Lewe,
1378 4538 1510 4593 Schosser

204 4629 238 4665 zu
249 4611 350 4682 Gotlra,
363 4613 481 4668 walchen·
495 4632 548 4668 von
560 4615 621 4670 dem
637 4616 751 4670 Kloster
760 4615 951 4686 Georgenthnl
966 4618 1027 4672 eine
1038 4617 1113 4672 ilafe
1123 4618 1235 4675 Laudes
1246 4637 1279 4671 zu
1290 4619 1388 4674 Leben
1399 4621 1507 4678 nimmt.
