3625 5192
300 351 336 409 44
672 352 932 424 Geechichtoquollen
949 354 998 409 der
1016 353 1089 409 Pron.
1109 350 1235 408 Sacheen.

301 502 456 586 arrident,
486 508 616 585 atergo
636 522 712 569 vero
733 523 795 567 non
823 503 928 569 minus
954 522 1048 585 quarn
1077 502 1187 567 honori
1212 522 1281 568 meo
1308 507 1449 587 parenni„
1490 502 1606 567 Iterum

301 606 382 670 vale.
427 605 499 670 Non
526 610 575 669 eet
601 611 636 670 ut
664 603 792 669 iamiam
819 604 870 669 lac
899 611 1031 686 cogatur
1054 607 1086 669 ru
1123 605 1276 689 butyrum.
1323 604 1380 670 Est
1407 605 1492 670 enim
1515 605 1607 671 nohis

301 706 492 792 pinguitudo
514 706 640 772 bubula.

373 830 555 878 Handsehrir'rl.
574 824 640 879 Fdd
659 831 701 877 iol.
712 831 842 879 uer-uu
849 847 868 879 r.
905 831 980 879 Godr.
999 832 1024 879 b.
1042 832 1076 878 Ta
1096 831 1244 881 Sall-48
1263 847 1308 879 uon
1324 833 1350 881 si
1368 847 1413 894 por
1432 832 1608 894 occupationes

301 900 341 948 bis
357 901 449 948 lterum
468 902 533 953 vale.

854 1005 1054 1013 -—-—-——

302 1121 361 1193 32.
383 1067 490 1193 lirun
506 1120 639 1193 Urhun.
922 1122 1055 1207 (Gotho
1076 1124 1179 1194 loon.
1222 1121 1360 1205 infang
1381 1119 1605 1205 lleeemhor.)

372 1246 435 1295 lini.
466 1248 600 1307 maort,
637 1248 686 1293 don
713 1250 913 1308 versproehencn
941 1250 1215 1297 Psalmonhornmoniar
1243 1249 1307 1295 noch
1339 1248 1410 1293 nicht
1437 1246 1545 1293 boendet
1575 1260 1605 1292 zu

302 1318 384 1365 haben
403 1318 454 1365 und
472 1323 612 1379 verspottet
629 1316 698 1365 scine
717 1318 825 1379 (legerer,
843 1319 885 1366 dio
902 1326 1076 1381 sogonanntcn
1094 1320 1239 1367 diodernen.

382 1414 514 1479 Erudito
524 1415 844 1497 HenricoUrbano‚
867 1418 1061 1501 procuratori
1082 1436 1198 1500 magno
1219 1435 1286 1497 suo,
1307 1413 1585 1481 MutianusRul'us.

382 1519 414 1583 S.
469 1516 664 1582 Pealnrorum
700 1518 881 1601 glosulau¹²
920 1518 1050 1585 Urbano
1086 1538 1155 1584 meo
1191 1517 1301 1583 debeo.
1361 1515 1497 1595 Quando
1538 1536 1607 1601 per·

302 1619 445 1683 solvam?
486 1619 611 1686 Nescio.
654 1620 736 1684 Nam
748 1620 840 1705 plura
852 1628 935 1697 snut,
956 1640 1017 1704 qne
1034 1620 1203 1699 destruam,
1224 1640 1318 1703 qnam
1338 1638 1398 1702 que
1420 1624 1608 1683 construam.

304 1721 353 1785 ua
376 1720 476 1786 multa
504 1722 624 1805 passim
650 1723 783 1788 latinam
811 1723 946 1789 classem
974 1722 1128 1789 invadunt
1159 1729 1191 1788 et
1218 1722 1332 1789 studiis
1361 1722 1477 1787 nostrie
1503 1720 1607 1785 obloo

302 1826 416 1887 tantur.
470 1823 547 1888 Heri
578 1824 652 1889 oleti
684 1830 794 1890 contra
827 1824 1085 1891 Alexandrinoe2
1120 1824 1152 1889 in
1187 1824 1266 1889 acie.
1317 1821 1430 1905 Vides,
1460 1830 1495 1887 ut
1530 1840 1609 1907 pug-

304 1930 394 1988 nant:
428 1926 495 1991 onio
529 1927 627 1992 arruiu
658 1947 720 1992 non
751 1932 816 1992 tum
846 1928 960 1993 armati
985 1946 1080 2010 quarn
1106 1926 1261 2013 impediti.
1312 1926 1379 1990 larn
1413 1942 1609 2007 consequens

303 2032 365 2109 est,
392 2028 479 2091 utin
506 2028 670 2108 theologos
691 2028 802 2095 Valle³
831 2029 979 2115 auspitiir
1012 2028 1150 2112 dirigam
1177 2048 1302 2095 cornua
1349 2027 1399 2092 De
1423 2026 1607 2092 neotericis4

304 2129 426 2212 loquor,
455 2131 510 2213 qui
541 2129 582 2196 ed
612 2150 709 2197 unum
734 2151 843 2197 omnes
869 2131 1017 2197 labuntur
1044 2132 1167 2197 incuria
1195 2130 1292 2195 latine
1319 2128 1477 2212 loquendi.
1544 2127 1609 2194 Sed

303 2238 377 2296 eunt
403 2231 529 2298 cavillis
554 2238 587 2297 et
614 2233 815 2317 captionibus
840 2233 1085 2301 instructissimi.
1134 2233 1247 2298 Dicam
1273 2251 1330 2315 per
1357 2232 1458 2297 iocum
1486 2229 1608 2313 aliqua:

304 2332 415 2399 Omnis
447 2334 539 2400 homo
569 2334 716 2401 mendax.
771 2337 850 2415 Quis
882 2336 964 2402 hoc?
1020 2335 1126 2401 David
1156 2334 1347 2401 Hebreorunr
1384 2339 1486 2419 poeta.
1551 2332 1610 2397 llic

304 2454 429 2517 ouoqoe
459 2457 562 2503 nonne
594 2436 686 2502 homo
717 2437 798 2502 luit?
838 2439 931 2504 Gerre
959 2438 1027 2505 luit.
1076 2438 1161 2520 Ergo
1187 2443 1221 2501 et
1243 2437 1313 2520 ipse
1335 2432 1481 2500 mendax.
1531 2435 1610 2499 luem

304 2538 439 2621 apostoli
467 2538 528 2603 Dei
554 2545 627 2604 sunt
648 2540 721 2605 ΧΠ.
761 2540 873 2606 Petrus
897 2546 929 2606 et
949 2541 1066 2606 Paulus
1091 2546 1164 2605 snut
1189 2536 1326 2623 aposloli
1348 2538 1419 2603 Dei.
1465 2537 1552 2623 Ergo
1570 2536 1603 2601 hi

304 2646 378 2703 eunt
401 2639 474 2707 Xll.
524 2641 620 2707 Porro
652 2642 740 2707 Deus
765 2650 814 2707 est
838 2643 970 2724 ubique:
1002 2642 1035 2707 in
1063 2642 1147 2707 ornni
1174 2641 1250 2706 loco.
1293 2640 1413 2705 Cloaca
1438 2646 1487 2706 eet
1514 2641 1608 2705 locus.

304 2741 390 2825 Ergo
416 2742 504 2807 Deus
532 2748 580 2809 est
610 2744 643 2809 in
671 2744 789 2811 cloaca.
840 2744 986 2827 Denique
1011 2764 1151 2811 summus
1183 2750 1346 2830 poetarum
1373 2748 1422 2808 est
1446 2742 1608 2807 Homerus.

374 2878 387 2906 ⁸
406 2876 439 2922 Te
458 2877 585 2937 glossulas.
657 2860 668 2898 l
689 2878 722 2924 Ta
739 2876 766 2924 iu
784 2877 852 2924 ornul
871 2878 957 2925 cloaca
975 2882 1013 2924 osi
1032 2879 1108 2924 locus.

367 3154 379 3197 ¹
399 3157 464 3230 Vgl.
484 3156 588 3213 Beer.

366 3256 510 3315 2n1utian
535 3261 645 3315 achelai
672 3279 702 3315 so
730 3261 775 3315 die
795 3260 922 3315 F1eunde
942 3262 991 3315 des
1013 3278 1066 3315 von
1085 3260 1158 3315 allen
1180 3258 1364 3313 Humanisteu
1387 3259 1429 3315 uls
1449 3259 1611 3315 barbariech

305 3340 515 3395 verschrieenen
530 3341 764 3413 grammatieeheu
775 3340 964 3411 Lehrbuches‚
984 3343 1033 3395 des
1052 3340 1204 3395 doctrinale
1225 3356 1372 3411 puerorum
1392 3356 1444 3394 von
1456 3338 1613 3395 Alexander

305 3421 340 3476 de
360 3420 428 3475 villa
446 3421 490 3475 dei
511 3439 545 3475 zu
564 3421 743 3476 bezeichnen.

366 3518 381 3562 ³
402 3523 568 3579 hortentius
580 3524 661 3578 Valla
680 3522 747 3593 guill
762 3523 807 3578 die
818 3523 981 3595 'l'heologen
995 3522 1209 3594 hauplsiiehlich
1232 3522 1260 3574 in
1284 3521 1386 3575 zweieu
1407 3520 1611 3577 ueinerWerhe

306 3622 353 3658 au:
375 3603 403 3657 in
425 3605 475 3669 „de
495 3603 662 3675 volupiaie“‚
685 3604 751 3657 oder
772 3603 823 3658 nie
844 3622 874 3657 er
894 3621 924 3658 eo
943 3606 1037 3673 spitui·
1056 3608 1180 3675 genennt
1198 3602 1259 3672 hat,
1279 3601 1331 3672 „de
1351 3618 1416 3655 vero
1437 3600 1533 3656 bono“
1555 3602 1611 3656 und

305 3685 334 3737 in
356 3684 410 3752 „de
432 3683 519 3738 libero
540 3682 684 3738 arbitrio“.

366 3780 381 3823 ⁴
403 3784 543 3840 Nectarici
562 3784 764 3840 oderhlodemi
785 3786 897 3840 worden
919 3786 1024 3839 dornale
1046 3784 1201 3856 dioJ'enigen
1222 3790 1353 3856 genennt,
1375 3783 1479 3838 welche
1499 3782 1545 3836 bei
1564 3784 1613 3837 der

306 3866 465 3937 Erhliiruug
489 3866 538 3920 der
558 3864 789 3921 Aristotelioehen
814 3866 906 3937 Logih
933 3866 1009 3920 einer
1035 3864 1168 3933 helenen,
1191 3865 1284 3923 durch
1303 3863 1405 3919 Occarn
1428 3864 1611 3934 begonnenon

306 3946 457 4017 Sirdmung
477 3946 625 4017 anhiugeu.
665 3945 724 4001 Der
744 3944 901 4018 Gegensata
926 3945 1062 4000 awiseheu
1088 3946 1173 3999 ihnen
1199 3945 1257 3999 und
1281 3946 1335 4000 deu
1357 3942 1530 4013 „Antiquiau
1558 3961 1613 3997 war

307 4029 351 4083 ein
378 4025 575 4094 literarischcr‚
607 4026 687 4080 nicht
713 4026 780 4081 aber
805 4026 852 4081 ein
875 4025 1065 4097 speculativer.
1118 4024 1199 4080 Denn
1226 4043 1256 4079 er
1284 4024 1353 4096 ging
1381 4024 1459 4078 nicht
1484 4040 1538 4077 von
1564 4024 1614 4077 der

233 4106 243 4125 '
306 4107 394 4178 Frage
416 4106 485 4160 iiber
505 4106 550 4161 die
568 4105 759 4161 Universalien
781 4124 843 4175 aar,
870 4106 976 4161 welche
996 4105 1093 4161 fr'dher
1119 4104 1157 4159 irn
1180 4104 1342 4159 hlitlelalter
1367 4104 1413 4158 die
1434 4102 1614 4175 Spn'ugieder

306 4188 375 4241 aller
402 4184 603 4241 Controreueen
628 4204 754 4257 genesen
781 4205 849 4256 war,
873 4188 992 4241 soudcrn
1021 4202 1051 4240 or
1077 4186 1201 4257 bewegle
1230 4185 1290 4239 sich
1319 4201 1371 4239 uur
1390 4184 1418 4237 in
1448 4182 1525 4237 einer
1545 4184 1612 4239 Ver·

308 4266 499 4329 sehiedenheii
520 4266 569 4321 der
581 4266 756 4337 Lehrrnittcl,
776 4266 864 4321 durch
884 4266 989 4321 welche
1012 4283 1075 4319 mnu
1095 4265 1140 4319 die
1161 4264 1441 4335 atridireudedugend
1463 4281 1510 4317 zur
1521 4262 1612 4334 Logik

306 4346 428 4401 anleiten
448 4347 548 4401 wollte.
589 4346 687 4401 Worte
706 4365 756 4401 aus
777 4346 895 4401 Prautl's
916 4345 1086 4401 Geschiehte
1106 4346 1155 4400 der
1174 4344 1274 4417 Lugii,
1294 4344 1444 4416 angeliihrt
1464 4343 1509 4398 bei
1534 4343 1613 4413 Plitt,

308 4427 432 4484 Jodocus
450 4426 605 4481 Trutfetter
626 4425 711 4482 826.
724 4426 770 4483 27.
812 4426 867 4481 Die
895 4426 1046 4481 Modernen
1071 4426 1185 4481 standen
1212 4424 1240 4478 in
1267 4426 1328 4479 dem
1353 4423 1426 4479 Rufe
1453 4423 1505 4477 mit
1527 4422 1614 4494 spiu-

307 4506 492 4579 iindigheiten
515 4508 571 4561 und
593 4505 758 4580 Sophiemen
781 4507 840 4563 sich
861 4505 989 4562 allzuviel
1010 4505 1180 4580 ebzugeben.
1222 4504 1284 4580 Vgl.
1306 4504 1374 4575 Pru,
1394 4504 1518 4561 deducus
1532 4502 1614 4560 'llut-

306 4590 391 4646 fetter
411 4586 436 4642 S.
450 4587 496 4643 23.
613 4602 616 4607 ·
