3625 5192
642 368 731 426 Brisie
749 312 869 427 numm
887 370 1023 427 590591.
1438 374 1491 425 unu

179 518 257 589 ont.
280 517 323 590 ll.
345 537 392 585 an
412 518 540 585 Jrrstus
561 514 708 588 Jonas.¹
1049 516 1182 601 (Gellia
1198 518 1289 586 1520
1311 518 1400 587 lunt
1415 519 1489 603 uu.)

250 642 312 694 nur.
332 642 500 701 ontsclruldlgt
517 642 578 703 sicli,
602 642 659 687 dass
683 656 710 688 er
732 642 788 689 eino
811 642 1099 701 eigentliehedntwort
1121 644 1166 691 aui
1185 643 1234 691 den
1254 644 1401 691 erhaltenen
1421 644 1492 689 lirini

181 714 245 760 noelr
265 712 334 761 nicht
354 714 442 761 sendet
463 712 513 759 und
532 712 684 772 verupriclrt,
707 711 734 759 in
755 712 870 759 rrdrhster
887 712 942 759 Zoit
959 713 1004 759 das
1023 713 1168 761 Veniumte
1189 713 1368 761 rraclrzulrolen.
1406 714 1488 760 Ueber

179 782 266 831 seinen
286 783 419 831 nenliehon
438 782 592 829 Zorneueiier
609 782 679 827 dirrio
699 782 827 829 mansion
846 782 917 829 nielrt
936 782 1067 829 wundern:
1087 784 1131 830 das
1149 784 1230 831 werde
1249 784 1312 829 wolrl
1326 783 1425 843 jedsm,
1443 784 1488 831 der

182 852 243 901 laeso
262 854 338 903 work
358 854 417 915 lese,
434 868 461 901 so
479 853 567 913 galuam

260 950 471 1017 Celeberrimo
492 950 612 1016 dootori
634 959 666 1017 et
687 953 859 1017 eanonieo²
882 950 1076 1017 Eriordiensi
1099 952 1183 1017 lusto
1206 954 1315 1034 lone,
1332 955 1488 1018 aminoen

181 1050 286 1116 animo
306 1052 439 1118 colendo
461 1052 650 1117 lindonae·

258 1154 388 1219 Amions
408 1155 510 1219 amieo
535 1155 618 1238 lone,
641 1155 738 1239 probe
759 1153 852 1221 dootn
875 1155 1052 1221 Moetianus
1073 1157 1096 1221 S
1117 1177 1146 1240 p.
1160 1157 1197 1220 b.

260 1254 301 1320 Et
326 1255 412 1321 ebori
437 1256 653 1321 vadimonium
679 1263 711 1320 et
736 1257 914 1340 apostoliea
938 1261 1068 1336 saoru,³
1098 1276 1159 1338 qne
1191 1277 1274 1322 nune
1307 1258 1429 1323 instant
1454 1264 1487 1322 et

180 1357 314 1441 epistole
345 1366 398 1423 tue
426 1358 577 1424 maiestas
604 1378 666 1423 non
694 1358 872 1442 patiuntur,
898 1358 1127 1424 humanissime
1152 1360 1276 1440 dootor,
1309 1367 1344 1425 ut
1372 1359 1415 1424 ad
1446 1380 1486 1425 ea

180 1459 401 1541 respondeam,
427 1479 488 1542 que
517 1460 610 1525 doete
638 1467 671 1525 tu
696 1459 824 1542 quidem
847 1468 879 1526 et
899 1463 1041 1541 graviter
1062 1482 1118 1545 pro
1138 1462 1293 1527 Erasmo⁴
1313 1460 1484 1528 declamas.

179 1560 263 1625 Nam
273 1570 347 1642 toto,
367 1569 402 1626 ut
422 1563 520 1642 aiunt,
542 1582 661 1645 organo
679 1561 893 1647 predicandus
913 1564 1051 1627 estmilri
1063 1564 1254 1646 piscatorum
1270 1562 1487 1629 nobilissimos

179 1668 211 1727 et
231 1664 383 1728 nobilium
395 1663 614 1745 magistrorum
625 1663 931 1743 vehementissimus,
945 1664 1039 1729 ambo
1053 1665 1173 1728 lumina
1188 1665 1328 1749 pietatis,
1338 1668 1485 1750 exempla

180 1766 261 1831 bene
287 1766 442 1848 beateque
468 1764 607 1829 vivendi.
655 1765 745 1829 Prior
769 1770 840 1828 tuus
865 1783 936 1829 esse
967 1765 1098 1847 gentilis
1123 1766 1262 1846 videtur,
1290 1773 1399 1849 utpote
1424 1769 1485 1839 loo<

178 1862 275 1952 loironb
302 1869 352 1933 vir
376 1876 524 1934 eonstans
553 1868 788 1951 postiemum,
815 1867 951 1950 simplex
979 1876 1011 1931 et
1038 1867 1195 1949 ingenuus
1220 1876 1253 1933 et
1273 1868 1360 1932 mitis
1381 1870 1484 1951 quasi,

175 1968 269 2054 loto
287 1968 407 2043 πελειάς
426 1971 478 2035 vel
498 1970 603 2054 potius
623 1962 781 2052 πρκὰτερος
801 1972 980 2052 περιστερᾶς,
1003 1970 1166 2053 posterior,
1187 1971 1246 2035 etsi
1259 1969 1482 2053 nonsimpliei·

176 2080 224 2138 ter
249 2080 285 2137 ut
313 2072 418 2139 soeius
446 2079 552 2137 tamen
576 2064 782 2156 ἀγοητεύτως
807 2078 839 2135 et
865 2078 1000 2154 puroet
1025 2078 1135 2136 sancte
1160 2072 1311 2137 traotarit
1331 2072 1484 2154 mysteria

176 2174 303 2241 Christi.
349 2175 480 2257 Propter
504 2173 599 2239 basse
622 2172 702 2239 duas
722 2192 799 2239 ores
823 2173 883 2237 rite
903 2179 1105 2238 eonsecratas
1125 2192 1187 2238 non
1209 2173 1298 2238 linuit
1318 2172 1484 2256 indulgere

176 2277 258 2344 stilo.
289 2276 357 2342 Erit
377 2284 482 2343 autem
503 2275 580 2341 mibi
601 2293 683 2352 eure,
705 2281 739 2338 ut
759 2294 830 2340 oras
843 2273 893 2338 vel
913 2274 955 2337 ad
977 2294 1131 2339 summum
1153 2272 1304 2357 perendie
1324 2274 1483 2340 tumvotis

175 2379 239 2445 tuis
269 2386 334 2444 tum
364 2376 611 2459 elegantissimis
642 2375 742 2441 literis
775 2374 982 2441 satisfaciam.
1035 2374 1161 2440 Miraris
1190 2395 1248 2440 nos
1278 2376 1481 2441 incaluisse⁵

176 2482 254 2559 Quis
275 2500 337 2545 non
365 2481 513 2546 ardenter
533 2484 692 2545 evomeret
711 2472 923 2562 ἀπολογισμὸν
944 2476 1108 2541 Erasmioa
1128 2479 1196 2543 lesa
1216 2478 1388 2559 dignitate,
1419 2497 1481 2561 qne

177 2584 267 2649 bonis
304 2581 449 2648 omnibus
486 2580 597 2645 morito
633 2598 708 2644 onra
747 2577 842 2643 debet
878 2579 970 2643 esse?
1018 2578 1066 2641 lta
1101 2578 1142 2644 de
1173 2579 1325 2645 studiosis
1362 2582 1480 2664 optime

174 2694 310 2751 meretur
331 2687 379 2749 vir
405 2685 458 2749 ille
485 2702 633 2747 summos.
677 2680 760 2746 Usus
784 2681 844 2745 iste
869 2681 958 2745 levus
980 2681 1082 2745 Lens6
1103 2682 1228 2746 videtur
1250 2682 1426 2747 invidorum
1448 2692 1480 2747 et

176 2787 362 2873 perfidorum
406 2786 546 2851 oonsilio.
612 2782 743 2848 Subolet
783 2782 884 2861 eninr,
926 2782 1003 2863 quid
1039 2782 1190 2848 barbaros
1229 2786 1311 2849 male
1348 2784 1479 2849 babeat:

174 2889 384 2955 subornarunt
418 2886 584 2967 stolidum,
621 2885 772 2949 insulsum
812 2902 884 2948 vero
921 2884 1061 2963 asinum,
1098 2886 1152 2965 qni
1188 2886 1341 2952 adversus
1382 2887 1479 2951 solem

173 2991 307 3057 roderet.
357 2990 463 3056 Testis
501 2996 550 3052 est
579 2986 781 3051 doctissimus
810 2986 943 3066 quisque
972 2984 1051 3049 nibil
1078 2986 1183 3069 egisse
1215 2986 1329 3068 Leum,
1359 2994 1479 3052 tantum

174 3094 236 3161 sibi
267 3101 298 3159 et
325 3093 391 3159 suis
424 3090 579 3168 obfuisse,
605 3088 688 3172 quod
716 3087 946 3170 epigrammate
973 3086 1193 3153 orrnlirmamus
1223 3088 1266 3152 ad
1292 3090 1480 3169 Anamares,

172 3196 365 3278 singularem
392 3190 627 3278 philosophum,
653 3208 754 3272 nuper
782 3188 885 3253 misso.
936 3187 1022 3253 Vale.
1067 3188 1128 3270 Es,
1155 3191 1251 3255 turris
1274 3192 1386 3256 roeale
1416 3190 1480 3271 sig·

173 3318 257 3379 num,
277 3302 399 3363 evocat.

254 3400 370 3463 Datum
392 3398 543 3465 celeriter.
1060 3394 1166 3459 Tuus
1186 3394 1397 3461 Motianus.

242 3505 427 3555 Handsebril'tl.
446 3506 585 3567 Antopruplr
603 3504 647 3551 der
667 3504 935 3563 Umrrrrraiuldrbliotlrok
955 3505 982 3551 in
1002 3502 1141 3563 Meiruinqaen.

242 3595 342 3647 ‘Dicae
366 3600 441 3646 Worte
458 3598 539 3645 laneo
559 3596 599 3643 die
618 3602 711 3643 densere
729 3595 838 3645 Adverso.

235 3752 246 3795 ¹
269 3756 334 3827 vgl.
354 3756 401 3814 Br.
413 3754 471 3810 342
494 3752 592 3811 Ι0435
612 3754 694 3809 Anm.
709 3754 735 3809 4.

233 3832 247 3876 ²
268 3835 322 3893 Die
342 3834 625 3891 Studentenmatrikel
646 3841 733 3889 nennt
752 3834 800 3888 ibn
821 3832 935 3903 (Ostorn
958 3832 1048 3897 1519)
1076 3832 1166 3898 „iuris
1187 3831 1331 3903 utriusque
1352 3832 1477 3903 designa·

173 3924 232 3973 tum
259 3918 416 3986 doctorem,
442 3915 519 3971 aedis
539 3914 701 3971 Seuerianae
723 3913 914 3969 eanouieum.⁴‘
956 3914 1025 3967 Eine
1045 3911 1189 3967 seierliehe
1209 3911 1475 3983 Doctorpromotion

172 3998 280 4053 seheint
305 3995 422 4051 niemals
449 3994 656 4067 stettgefnnden
682 4013 715 4048 nu
741 3994 843 4061 huben,
872 3993 934 4048 weil
962 3994 1021 4049 sein
1043 3992 1131 4047 Name
1159 3991 1187 4045 in
1215 3992 1277 4047 dem
1298 3991 1478 4047 Verneichnis

171 4078 221 4133 der
230 4076 410 4148 juristisehen
427 4075 572 4131 antoren
589 4075 668 4130 solut.

231 4152 246 4199 ⁸
266 4157 324 4212 Des
344 4156 444 4211 Petnrs
460 4157 513 4211 and
533 4156 647 4213 Paulus.

231 4232 247 4277 4
266 4238 354 4294 Jonas
369 4238 446 4291 hatte
466 4237 507 4291 nls
527 4236 708 4308 begeisterter
719 4236 856 4291 Verelrrer
874 4236 924 4288 dee
942 4233 1072 4288 Erasmus
1092 4233 1154 4288 eino
1172 4231 1324 4287 Wallfabrt
1343 4249 1376 4286 zn
1398 4233 1475 4287 dem·

172 4318 267 4375 selben
289 4316 391 4373 ebenso
411 4316 462 4373 wie
479 4316 576 4373 Eoban
597 4316 701 4371 Heesus
722 4322 944 4373 unternommen.

232 4394 247 4437 ⁵
269 4397 376 4453 Mutian
398 4397 498 4452 nimmt
518 4396 746 4451 wahmebeinlielr
786 4395 880 4466 Bezug
898 4394 950 4449 auf
966 4395 1019 4448 den
1041 4394 1153 4464 rorigeri
1175 4392 1262 4448 Brief.

232 4476 331 4549 6ligi.
354 4476 467 4533 beosa
489 4478 545 4531 und
567 4476 632 4531 590.

234 4554 246 4599 ⁷
268 4558 356 4617 Adam
381 4556 480 4615 Kraffr.
504 4555 564 4632 Vgl
586 4556 630 4611 Br.
643 4556 701 4610 580
721 4556 746 4613 S.
759 4554 815 4609 247
840 4554 962 4611 Anne.
