3625 5192
711 351 800 406 Brieie
818 351 938 406 Mutians
953 355 994 406 95.
1458 351 1507 405 llll

201 498 376 582 Spalatiue,
399 499 603 582 proponimus
623 520 682 564 nuru
704 501 833 582 enigma
853 500 893 566 lle
916 503 1016 566 sacris
1037 501 1138 568 literis
1163 503 1220 568 sed
1248 508 1391 586 apertam
1412 502 1507 567 inter-

201 602 395 682 rogationem
419 601 459 666 rlc
488 601 602 666 studiis
624 603 814 686 prophanis:
837 605 871 666 si
894 603 1038 669 Christus
1057 613 1108 670 est
1127 605 1196 682 ria,
1223 606 1342 669 veritas
1370 613 1402 669 et
1430 605 1507 680 vita,

200 705 275 786 quid
298 711 342 767 tot
366 705 539 768 seculorum
563 703 704 768 homines
714 710 788 767 ante
800 704 999 770 nativitatem
1012 705 1097 770 illius
1108 711 1262 788 egerunt?
1304 706 1507 771 Errarerunt·

201 819 256 871 110²
278 806 398 871 crebris
418 813 449 870 ut
470 806 579 872 densis
591 807 771 888 ignorantie
792 807 934 871 tenebris
954 806 1087 891 obsepti,
1110 827 1151 872 an
1167 807 1280 873 salutis
1300 815 1331 872 et
1352 809 1419 874 veri
1438 829 1508 890 per-

201 911 314 994 ticipes
344 909 491 974 luerunt?
539 907 606 990 Ego
638 907 808 991 prciuditic
839 907 976 991 quodam
1008 917 1040 974 tc
1067 909 1236 976 adiuvabo.
1286 910 1359 975 Non
1387 912 1507 994 inrepit

200 1012 318 1077 Christi
345 1009 458 1093 religio
480 1029 549 1076 euru
572 1011 657 1074 illius
680 1009 913 1091 incarnatione,
941 1011 998 1076 sed
1024 1011 1084 1074 l'uit
1108 1019 1184 1076 ente
1209 1013 1317 1078 omnia
1342 1014 1452 1078 secula
1472 1020 1506 1078 nt

199 1115 302 1198 prima
323 1113 441 1179 Christi
462 1113 624 1177 nativitas.
666 1113 749 1190 Quid
773 1113 856 1178 euim
878 1113 965 1178 alind
987 1120 1035 1180 e‘st
1053 1133 1146 1179 verus
1161 1115 1314 1193 Christus,
1338 1135 1431 1182 verus
1444 1116 1505 1182 Dei

200 1211 407 1297 illiusquam,
429 1215 611 1279 utl’aulusl
635 1215 746 1296 inquit,
766 1215 928 1298 sapientia
938 1215 1009 1296 Dei,
1031 1235 1092 1298 que
1114 1236 1175 1282 uon
1187 1219 1287 1282 solum
1298 1219 1390 1283 alluit
1401 1217 1507 1284 iudeis

200 1321 231 1384 in
255 1327 391 1400 augusta
412 1317 504 1402 Syrie
527 1317 664 1400 regione,
686 1317 743 1382 sed
765 1319 876 1383 Grecis
898 1329 930 1383 et
951 1318 1041 1383 italis
1061 1328 1093 1384 et
1114 1319 1295 1400 Germanis,
1315 1339 1505 1404 quamquam

200 1421 290 1485 vario
311 1421 371 1484 ritu
393 1421 582 1502 religionesl
593 1420 836 1485 observarentur
885 1420 966 1485 Cain
978 1441 1018 1485 ex
1028 1421 1181 1486 fructibus
1197 1431 1288 1503 terre,
1308 1424 1390 1489 Atel
1400 1431 1506 1488 autem

199 1544 239 1589 ex
261 1524 409 1607 primitiis
427 1523 532 1589 urium
550 1523 664 1588 obtulit
683 1542 796 1586 rnnuus
813 1522 887 1587 Deo.
931 1522 1014 1600 Quid
1036 1523 1100 1588 alie
1112 1525 1275 1590 trationes⁶
1299 1546 1356 1608 pro
1368 1525 1506 1591 victimis

201 1635 232 1690 et
264 1625 376 1690 hostiis
403 1626 672 1704 consecraverint,
701 1633 753 1690 tue
780 1625 928 1690 lectionis
957 1627 1007 1690 sit.
1054 1627 1232 1691 Germanos
1263 1627 1409 1694 docuisse
1438 1649 1507 1694 reor

201 1747 292 1793 saera
314 1727 459 1792 Druidas.
503 1727 583 1792 Sunt
609 1727 692 1792 eninr
721 1727 857 1792 Druides
885 1727 1047 1792 Gallorum
1080 1728 1277 1810 sacerdotes,
1312 1731 1367 1812 qui
1399 1737 1507 1812 patres

201 1837 323 1895 nostros
347 1830 504 1914 preceptis
523 1828 642 1893 divinis
668 1829 933 1910 informaverunt,
960 1828 1044 1910 apud
1074 1848 1153 1912 qnos
1181 1829 1328 1896 irrentus
1356 1851 1506 1914 magnum

202 1951 363 1998 nunrerum
381 1952 526 1997 rensuum
549 1931 690 2012 edidicit,
713 1951 814 2012 neque
835 1931 1160 1996 lasesseexistimaut
1181 1951 1221 1996 ea
1232 1932 1333 1999 literis
1345 1934 1506 2000 mandare.

202 2034 265 2100 h'cd
289 2033 382 2099 redeo
405 2033 446 2097 ad
470 2033 666 2116 questionem
688 2034 806 2099 relictis
830 2033 1004 2098 Druidibus
1018 2035 1134 2098 nostris
1149 2035 1507 2116 eamquetuishnmeris

201 2138 337 2220 impono,
358 2135 496 2200 maxime
507 2143 541 2199 ut
552 2136 712 2202 literarum
728 2135 810 2201 inter
821 2155 878 2200 nos
889 2135 1076 2201 vicissitude
1088 2143 1290 2202 conservetur
1300 2144 1332 2201 et
1343 2144 1507 2220 augeatur.

201 2239 285 2316 Quid
306 2239 408 2304 dicum
431 2238 471 2303 de
491 2244 594 2321 poetis
615 2239 760 2323 ineptis?
801 2239 879 2303 Tres
901 2238 943 2302 ad
965 2257 1015 2302 me
1026 2237 1166 2303 veniunt.
1209 2238 1288 2316 Quis
1298 2259 1405 2305 eornm
1418 2243 1507 2306 vani-

202 2341 377 2422 loquentier
402 2341 457 2422 sit,
487 2341 594 2406 verbis
628 2342 805 2425 exprimere
835 2361 965 2424 nequeo.
1008 2341 1120 2406 tinus*
1147 2340 1300 2424 pestilens
1326 2341 1376 2406 l'ur
1401 2349 1449 2407 est
1476 2350 1508 2407 et

201 2444 378 2526 plagiarius
389 2443 507 2522 Ovidii,
530 2444 686 2508 secundus
701 2443 854 2509 herharus
877 2444 1057 2521 hlaterator,
1081 2443 1191 2508 tertius
1207 2444 1253 2506 itu
1264 2443 1387 2508 hebetis
1408 2444 1507 2510 animi

201 2546 380 2624 homuntio,
410 2555 461 2626 ut,
489 2545 565 2628 quid
591 2546 692 2625 (licat,
719 2565 811 2610 uento
840 2553 946 2629 preter
967 2563 1001 2609 se
1023 2545 1127 2629 ipsum
1149 2544 1315 2626 intelligat.
1358 2545 1451 2610 Ponit
1473 2546 1505 2608 in

202 2655 301 2714 trente
320 2649 391 2714 libri
416 2657 549 2731 quatuor
570 2647 652 2712 male
674 2649 815 2714 literatos
836 2655 867 2713 et
889 2648 1038 2712 ridiculos
1059 2667 1178 2726 versus,
1199 2667 1278 2729 quos
1293 2648 1438 2730 equidem
1462 2649 1508 2714 lu-

201 2751 296 2816 minis
308 2771 534 2832 egereecnseo.
579 2752 697 2817 Omnes
708 2751 761 2815 isti
774 2751 907 2817 cacozeli
922 2757 995 2815 sunt
1015 2758 1047 2814 et
1060 2750 1151 2832 quasi
1176 2750 1338 2814 hirudines
1360 2757 1510 2832 sugentes

202 2853 317 2918 malum
332 2855 518 2935 sanguinem
542 2853 655 2919 honum
669 2855 700 2917 in
724 2855 826 2938 poetis
843 2853 1032 2936 relinquunt.
1075 2853 1233 2934 legerunt
1255 2852 1508 2936 putoetthesau-

202 2976 269 3019 rnm
295 2958 516 3038 quesite-unte
544 2958 575 3020 in
605 2957 710 3036 lihris,
741 2955 795 3020 sed
820 2957 989 3035 carbones,
1019 2963 1053 3018 ut
1078 2955 1209 3034 dicitur,
1239 2975 1301 3019 non
1327 2955 1508 3020 thesaurum

204 3060 395 3124 invenerunt
414 3079 540 3144 prorsus
551 3059 688 3142 illepidi,
711 3059 814 3138 rudes,
836 3079 982 3140 oqrraces.
1016 3058 1102 3122 Cave
1126 3056 1340 3141 prol'erashoe
1355 3057 1507 3122 iudicium

203 3181 314 3227 mcum.
357 3161 428 3225 Non
441 3181 508 3226 sum
524 3161 669 3244 publicus
682 3181 801 3240 censor,
823 3160 940 3226 nullius
961 3157 1097 3226 hominis
1119 3166 1293 3244 preceptor.
1336 3159 1403 3224 Nos
1424 3159 1508 3225 eola-

203 3285 273 3331 mus
303 3265 478 3330 doctrinam
516 3265 755 3329 remotissimam
789 3271 820 3328 et
846 3282 965 3328 morum
992 3263 1200 3345 prestantium
1227 3261 1353 3343 riteque
1381 3264 1509 3344 integri·

203 3379 308 3432 tatem.
351 3367 425 3433 Ceei
448 3369 586 3432 valeant.
630 3367 748 3432 Valete.

274 3513 453 3560 llsndsclnitrl.
473 3515 492 3558 1⁴¹
503 3513 542 3560 36.
563 3513 775 3561 loh‘llir-'iltu
832 3513 905 3559 (tuln.
930 3511 1005 3563 h'l'z.
1024 3511 1090 3557 837
1115 3511 1172 3557 -38
1195 3527 1240 3555 run
1259 3510 1508 3559 [irruerem-thorum

202 3585 238 3631 dis
256 3587 366 3631 valeant.
405 3583 500 3632 Valete.

273 3707 284 3733 ³
302 3713 464 3772 Errareruut,
485 3729 523 3760 nc.
581 3697 592 3732 ¹¹
612 3713 644 3758 Τι’
666 3713 799 3772 roligionis.
848 3707 857 3732 ²¹
879 3713 913 3757 Ji:
930 3711 1052 3771 regiones.
1105 3694 1118 3730 ¹¹
1138 3709 1182 3755 ltr'e
1199 3709 1274 3755 ll'ortc
1294 3709 1510 3769 conquesiverunt

202 3801 235 3829 ers
254 3783 289 3829 be
307 3798 357 3830 11011
378 3783 485 3840 (indus.)
498 3783 584 3842 fehleu
602 3783 639 3828 hri
659 3783 698 3830 Px.

267 4021 277 4062 1
302 3973 506 4094 l.·Korirrth.2‚
522 4025 547 4080 7.
987 4073 993 4085 .

266 4123 279 4166 “·’
301 4127 542 4184 Wahrscheinlich
564 4128 685 4184 'l'ilouirn
727 4128 790 4201 vgt.
811 4128 855 4184 Br.
868 4127 913 4182 59.
934 4128 958 4182 S.
972 4127 1017 4182 75.
1040 4129 1161 4183 Amul.

759 4397 960 4406 ...ῃ-...μκή
