3625 5192
688 372 776 427 Briele
794 371 915 426 Matiana
935 370 975 423 14.
1450 366 1483 421 21

180 522 359 587 rarissimos
383 522 517 587 codices.
558 520 703 585 Preelare
724 528 824 586 tecum
846 526 969 601 agetur,
989 518 1017 583 si
1029 518 1191 599 utriusque
1210 517 1285 596 vite,
1309 517 1434 584 literato
1454 527 1486 583 et

182 624 313 700 rustice,
335 624 451 689 l'ructus
473 622 661 707 perceperis.
701 622 752 687 lta
771 622 839 703 fiet,
861 628 911 686 utt
939 621 1079 705 corporis
1098 628 1131 683 et
1150 618 1249 685 animi
1270 619 1484 685 valetudinem

180 733 214 789 et
233 727 352 811 pariter
375 726 555 811 philosophi
582 731 614 790 et
639 724 780 790 eoouorni
809 723 946 789 olllcium
968 722 1138 789 custodias.
1180 722 1274 785 Nune
1294 722 1406 804 paucis
1429 722 1485 787 ab

179 828 311 911 solvam,
333 827 417 909 quod
437 828 590 910 reliquum
611 834 666 892 est.
699 826 884 910 Spalatinue
904 830 1020 905 noster,
1040 824 1082 889 de
1102 844 1163 906 quo
1186 823 1250 889 dici
1267 830 1380 907 potest,
1400 825 1485 907 quod

179 930 327 996 scribitur
353 930 393 995 de
416 930 519 995 Fusco
541 928 719 994 Salinatore
729 926 786 1013 (ἦε
813 929 905 1013 „lpse
934 934 983 993 est
1015 924 1185 1008 studiosus,
1210 925 1352 991 literatus
1377 926 1485 1006 etiam,

179 1032 316 1098 disertus
338 1033 450 1112 etiam,
479 1050 558 1117 puer
586 1029 804 1113 simplicitate,
830 1028 979 1095 comitate
1006 1028 1145 1107 iuvenis,
1178 1046 1275 1093 scaea
1296 1026 1484 1109 gravitate,“

180 1133 381 1218 spalatinis,
410 1135 551 1215 inquam,
578 1138 684 1198 noster
710 1132 797 1197 misit
822 1130 862 1195 ad
885 1152 936 1197 nre
965 1130 1048 1197 bunc
1066 1130 1239 1195 literarium
1260 1130 1407 1195 indicem.
1448 1130 1482 1193 si

178 1255 228 1299 me
250 1256 353 1317 amas,
374 1256 451 1302 erne.
473 1234 563 1300 blitte
585 1235 739 1300 viatorem
760 1235 801 1298 ad
821 1233 1019 1299 bacillarium
1040 1232 1300 1314 Hombergium,1
1321 1234 1482 1298 utstatim

179 1337 237 1402 tibi
264 1338 409 1403 volumen
440 1337 642 1401 transmittat.
684 1336 852 1419 Nunquam
879 1342 911 1399 te
938 1335 1108 1419 emptionis
1133 1334 1296 1417 penitebit.
1337 1333 1484 1399 Proximo

178 1440 323 1504 Mercurii
351 1439 404 1505 die
424 1438 571 1504 salutabo
597 1438 760 1519 abbatem,
789 1458 861 1503 mox
889 1438 923 1502 in
950 1444 1036 1501 tuurn
1066 1436 1236 1520 pretorium
1262 1436 1352 1500 iuxta
1377 1438 1482 1501 vicum

177 1541 383 1627 Belpratum²
423 1540 596 1621 divertam,
636 1540 691 1604 ubi
732 1538 829 1605 biduo
865 1539 1014 1604 continuo
1046 1538 1215 1619 Augustini
1247 1537 1347 1602 Datbi
1383 1537 1483 1603 libros

176 1642 321 1709 evolvam
354 1642 423 1707 sinc
450 1650 504 1706 tuo
535 1661 700 1724 rerumque
733 1648 856 1706 tuarum
889 1640 1017 1707 damno.
1073 1641 1184 1723 ltaque
1217 1640 1267 1705 tao
1298 1660 1410 1722 queso,
1448 1648 1482 1705 ut

177 1744 316 1809 Datbum
343 1744 414 1809 istic
435 1744 605 1808 inveniam.
654 1743 813 1829 Spalatini
840 1762 938 1827 opera
958 1742 1074 1808 uiatori
1096 1750 1149 1807 tuo
1172 1762 1235 1809 nou
1256 1742 1358 1808 deerit
1380 1742 1412 1808 in
1433 1760 1481 1807 re·

175 1845 330 1928 uoluendo
352 1845 536 1930 bibliopola.
578 1844 627 1910 De
648 1845 698 1911 bis
720 1845 872 1910 hactenus

724 1984 811 2048 Scitu
837 1982 945 2065 digna.

257 2098 429 2164 Semidoeti
450 2100 603 2174 nesciunt,
625 2098 702 2181 quid
723 2101 765 2164 sit
785 2099 935 2179 rusticus,
962 2099 1039 2182 quid
1060 2105 1180 2181 arator,
1202 2098 1278 2181 quid
1300 2105 1479 2165 veteranus.

175 2202 245 2283 ligo
272 2220 334 2265 non
367 2201 472 2284 patiar
492 2209 524 2265 te
553 2221 667 2267 errare.
709 2200 859 2266 Veterani
891 2210 964 2266 sunt
995 2201 1055 2274 illi,
1092 2220 1172 2282 quos
1207 2200 1319 2282 vulgol
1355 2200 1479 2267 nobiles

174 2303 347 2388 appellant.
388 2304 499 2369 Abbas
521 2311 592 2369 tuus
614 2310 645 2367 et
666 2304 767 2388 ipsius
789 2302 956 2388 pocillator
967 2303 1120 2368 Camillus
1130 2302 1239 2367 Kuori
1259 2310 1477 2368 veteranorum

174 2406 231 2471 lilii
264 2412 352 2486 sunt,
386 2406 538 2471 nobilium
568 2406 717 2488 equitum.
768 2407 918 2470 Aratores
950 2404 983 2469 hi
1013 2410 1100 2484 aunt,
1135 2403 1188 2486 qul
1221 2403 1339 2469 babent
1365 2405 1478 2487 predia

173 2510 308 2585 rustica,
338 2528 401 2573 nou
428 2508 611 2590 quierant,
646 2528 725 2590 quos
752 2509 911 2589 agricolas
941 2516 974 2573 et
1001 2508 1129 2573 colonos
1157 2508 1285 2574 dixeris.
1330 2507 1478 2573 Rusticus

171 2611 322 2691 generale
348 2610 534 2674 vocabulum
564 2608 605 2675 ad
632 2630 741 2675 ornnes
773 2610 926 2694 pertinet,
954 2611 1007 2691 qui
1036 2617 1092 2675 aut
1118 2608 1260 2693 oppidioi
1289 2616 1344 2673 aut
1365 2609 1477 2675 urbani

172 2732 235 2776 non
258 2720 352 2791 sunt,
377 2712 445 2777 sive
473 2712 538 2775 siut
563 2712 710 2777 monachi
742 2712 811 2777 sive
838 2712 1027 2777 claritudine
1058 2711 1210 2775 natalium
1238 2710 1376 2776 illustres
1408 2713 1477 2776 sive

171 2813 282 2878 villici.
328 2814 437 2895 ltaque
467 2813 596 2878 comites
624 2820 655 2877 et
675 2833 821 2896 proceres
849 2822 880 2877 et
906 2814 996 2877 multi
1020 2814 1162 2895 insignes
1182 2814 1243 2877 viri
1265 2813 1373 2877 rustici
1395 2822 1476 2877 sunt.

171 2915 256 2980 Olim
283 2913 367 2980 idem
397 2915 495 2980 honor
521 2915 696 2981 habebatur
722 2917 882 2981 veteranis
910 2915 964 2998 qui
985 2915 1216 2980 decurionibus
1265 2915 1346 2979 Sunt
1371 2922 1476 2979 autern

171 3017 372 3096 decuriones,
405 3026 439 3082 ut
470 3017 529 3081 boc
553 3036 678 3100 quoque
705 3018 806 3083 obiter
832 3018 1016 3101 explanem,
1045 3036 1124 3099 quos
1150 3016 1298 3082 scabinos
1325 3036 1380 3080 eeu
1403 3037 1476 3082 oon·

170 3120 292 3184 salares
313 3125 437 3187 vocant.
479 3119 531 3184 Fit
554 3139 614 3185 cro
636 3127 741 3185 nostro
763 3121 869 3186 neseio
890 3140 955 3202 qua
975 3120 1197 3203 perversitate,
1224 3127 1257 3182 ut
1277 3119 1420 3183 ueterani
1442 3140 1476 3185 se

171 3223 333 3305 preferant
352 3220 576 3288 decurionibus
602 3221 769 3304 oppidicis.
813 3222 879 3287 Nos
907 3222 1060 3287 habemus
1086 3221 1119 3286 in
1144 3221 1211 3286 iure
1238 3219 1326 3284 civili
1350 3221 1475 3287 titulum

168 3324 209 3388 de
231 3322 408 3407 privilegiis
427 3325 674 3389 veteranorum.t

241 3442 344 3493 ²renu
364 3446 390 3493 m
410 3448 437 3495 r:
534 3430 601 3493 bra
619 3448 695 3507 vurgr.
804 3435 806 3439 ’

169 3663 270 3717 thums.
317 3662 334 3715 2
363 3662 428 3718 Boe.
475 3663 569 3717 Berlin
601 3662 814 3717 1880-1881.
861 3662 898 3716 ll.
930 3660 956 3714 S.
980 3659 1035 3713 441
1065 3658 1148 3712 dnm.
1178 3659 1204 3717 7.
1260 3659 1314 3714 Die
1347 3658 1472 3715 Gothaer

168 3742 332 3797 Bibliothek
359 3744 458 3798 besitzt-
487 3743 532 3797 ein
553 3743 699 3815 Exemplar
725 3744 823 3800 daron.
865 3742 939 3795 Mon.
963 3747 1022 3811 typ.
1047 3739 1121 3792 1503
1144 3739 1173 3793 in
1194 3739 1243 3795 fol.
1264 3738 1312 3794 Nr.
1334 3739 1380 3792 14.
1416 3740 1476 3794 Aur

168 3824 231 3877 dem
261 3830 350 3878 ersten
374 3823 466 3879 Blatte
494 3824 579 3877 steht:
605 3822 754 3895 Augustini
782 3822 838 3876 dati
862 3839 945 3875 senen
965 3816 979 3892 ΙΙ
997 3821 1035 3874 sis
1061 3838 1151 3891 opera.
1198 3819 1258 3873 Aul
1281 3820 1344 3874 dem
1371 3821 1472 3875 letzten

165 3902 274 3958 Blatte:
307 3904 474 3975 Impressum
497 3900 578 3958 Senia
607 3922 641 3959 cx
663 3902 825 3973 Archetypo
848 3920 897 3975 por
916 3896 930 3976 ΙΙ
948 3900 1230 3959 SimioneruNieclai
1251 3899 1337 3955 Nardr'
1353 3898 1436 3955 Auno
1457 3895 1470 3974 ll

166 3984 265 4039 salutis
285 3984 453 4041 M.D.III.

230 4077 241 4119 ¹
263 4080 316 4135 Ein
337 4081 462 4137 Erfurter
480 4080 696 4135 Buehhiindler‘l

229 4174 322 4232 2Das
355 4177 430 4233 Dort'
458 4176 587 4234 Sohdnau
629 4196 678 4232 vor
711 4179 774 4233 dem
804 4178 904 4233 Walde
945 4177 1065 4247 (blutiau
1102 4182 1189 4231 neunt
1224 4193 1254 4230 cs
1287 4176 1469 4231 meistcnteils

165 4256 343 4329 Belpratum)
380 4260 495 4329 gehiirtc
530 4277 563 4312 zu
595 4260 648 4313 den
680 4257 865 4329 Besltzungen
900 4257 1116 4329 Georgcnthals,
1142 4273 1197 4311 von
1231 4256 1294 4309 dem
1329 4274 1359 4311 es
1392 4257 1471 4313 nicht

166 4338 232 4393 weit
260 4339 382 4393 entiernt
409 4339 461 4410 lag.
504 4338 565 4409 Vgl.
583 4338 716 4393 Zeitsehr.
743 4339 792 4393 des
810 4338 928 4393 Vereins
954 4338 973 4396 f.
1002 4338 1074 4393 thiir.
1100 4336 1204 4395 Geach.
1236 4354 1264 4389 u.
1286 4334 1471 4394 Altertburus·

163 4418 260 4473 lruudc
278 4420 301 4491 1,
322 4416 347 4473 S.
364 4418 422 4472 322
444 4419 501 4474 und
521 4418 607 4489 Beck,
627 4419 679 4474 111.
701 4418 811 4473 Artikel
831 4417 961 4473 Scbdnau
981 4436 1004 4471 v.
1024 4419 1048 4473 d.
1070 4417 1118 4472 W.

226 4512 242 4557 ³
264 4516 318 4570 Mir
338 4534 391 4570 nur
407 4534 457 4571 aus
476 4516 567 4571 dieser
587 4516 765 4589 Erwiihuuug
786 4516 920 4574 bekannt.

228 4608 243 4655 ⁴
264 4612 381 4689 orgeta
400 4612 564 4671 xxxvnr.
588 4613 631 4669 ra.
