3625 5192
647 325 736 380 Briefe
755 325 875 380 lllutians
895 326 952 378 lll.
976 327 1032 379 112.
1450 326 1499 379 153

192 484 246 540 aut
260 474 338 538 mibi
352 475 582 540 minuslavent.
625 475 674 539 De
695 475 877 540 domesticis
886 474 949 540 tuis
965 475 1173 540 incommodis
1192 476 1404 559 aliotempore
1426 496 1498 539 con-

192 578 296 642 silianr
312 584 343 641 et
354 596 537 660 responsum
559 577 652 640 dabo.
697 577 725 640 N
729 597 788 642 unc
799 577 905 641 saluta
918 586 1044 660 poetam
1055 580 1231 660 egregium,
1249 577 1391 644 sodalem
1411 585 1498 642 tuum

193 679 387 758 Eobanum¹,
408 679 448 744 de
469 681 558 744 cuius
578 679 786 745 coronacione
808 699 884 763 scpc
904 679 1098 763 multumque
1119 681 1233 762 cogito.
1277 679 1364 746 Vale.

260 803 441 852 transserram.
461 803 541 850 raet
566 804 699 867 roreaop.

746 905 946 916 ---—-—--·—

190 977 261 1048 11⁸3.
284 976 327 1042 ll.
350 994 395 1042 au
417 975 551 1048 Urbau.
975 974 1119 1057 (dobba)
1133 978 1234 1049 1508.
1266 976 1494 1048 01ιιο1ιιιι2θ.

260 1101 321 1148 blut.
345 1101 438 1148 sorselrt
461 1103 524 1148 uuelr
544 1101 664 1148 Griirnlon
689 1101 726 1148 l'ilr
751 1101 792 1147 (lie
817 1099 1026 1156 Unterbroelrung
1048 1101 1093 1147 der
1112 1101 1253 1161 Korrcspou
1263 1103 1319 1148 lenz
1341 1103 1434 1149 scitans
1453 1104 1497 1150 Ur-

192 1172 261 1231 baus,
280 1171 367 1218 dassen
390 1172 515 1232 l‘ortgaug
533 1189 560 1218 er
578 1173 641 1218 atreb
663 1172 765 1218 deslralb
785 1172 914 1231 boduuert,
933 1171 989 1216 weil
1008 1169 1148 1218 Stercutius
1168 1172 1220 1218 sein
1241 1173 1397 1232 unuiirdiger
1418 1175 1497 1220 uacu-

190 1244 268 1300 folger
285 1241 415 1300 gewcrdon
435 1243 478 1288 sei.
515 1241 671 1290 Scbliesslielr
690 1242 805 1289 ermnlrnt
824 1257 850 1288 er
869 1242 918 1288 den
938 1241 1051 1300 l'reund‚
1072 1242 1116 1288 das
1134 1242 1208 1288 liesto
1226 1257 1271 1288 nus
1289 1243 1345 1289 ‹lenr
1366 1243 1497 1304 Leipziger

190 1313 353 1362 ntuentuano
373 1313 617 1372 lrerauszuseblagon.

272 1411 592 1491 HenricoUrbano,
614 1411 682 1476 viro
704 1408 798 1474 valde
818 1417 911 1475 actrto
933 1410 1126 1492 multumque
1137 1409 1272 1490 literato,
1294 1411 1396 1476 amico
1412 1431 1497 1494 vero,

184 1513 350 1580 dlutianus
371 1513 480 1578 Rulirs.

271 1617 301 1680 S.
344 1615 429 1694 Quid
449 1616 531 1698 agis,
553 1615 704 1682 Urbane?
747 1615 808 1680 Ubi
832 1615 974 1682 calamus
995 1616 1050 1681 ille
1070 1623 1152 1696 tuus,
1173 1616 1227 1698 qni
1249 1635 1299 1680 mn
1315 1617 1405 1699 qnasi
1427 1615 1497 1682 dor-

191 1721 338 1784 mientem
372 1720 479 1804 sepius
513 1719 686 1784 excitavit?
742 1717 920 1784 Accedisne
950 1725 983 1784 ct
1014 1721 1105 1786 lares
1138 1718 1319 1784 doctoribus
1355 1720 1499 1784 silentii?

190 1821 344 1886 Putabam
377 1821 471 1886 isthic
500 1841 562 1886 non
593 1841 663 1886 esse
689 1821 932 1904 Pythagoricos,
964 1821 1022 1887 sod
1044 1823 1194 1904 loquaces
1223 1828 1256 1886 et
1288 1821 1343 1904 qui
1371 1822 1498 1888 crebras

189 1925 409 2007 longioresque
430 1925 538 1990 literas
559 1925 737 2006 frequenter
758 1923 1000 2004 missienlarent,
1018 1931 1053 1988 at
1073 1923 1157 1988 enirn
1180 1923 1273 1988 aliter
1293 1943 1359 1988 rem
1381 1923 1499 1990 babere

191 2047 274 2091 nnuc
292 2026 451 2111 pervideo.
494 2026 582 2091 Nilril
604 2027 689 2092 eninr
711 2026 753 2090 ad
775 2025 950 2092 Matianum
972 2035 1058 2091 tuum
1078 2025 1200 2091 scribis.
1251 2027 1445 2110 Suspensum
1467 2033 1499 2091 et

190 2129 319 2194 anxium
340 2135 388 2194 cst
410 2129 488 2194 nibil
509 2131 590 2194 seire
610 2127 651 2194 de
672 2129 872 2194 amicissimo.
915 2129 982 2194 Fac
1006 2129 1192 2210 intelligam,
1213 2126 1360 2197 discasne
1381 2147 1423 2191 an
1444 2127 1497 2194 de-

191 2231 306 2297 discas.
349 2233 480 2315 Semper
499 2232 621 2316 optima
640 2231 792 2311 didicisti,
816 2250 898 2296 nuuc
920 2239 995 2315 puto
1006 2231 1129 2312 cogeris
1140 2229 1313 2311 dediscere,
1335 2237 1370 2295 ut
1389 2249 1498 2313 garra-

105 2370 108 2374 ·
191 2333 230 2398 lis
250 2334 439 2398 satislaeias.
482 2333 590 2399 Solent
607 2334 691 2399 eninr
714 2341 898 2416 arrogantes
920 2341 952 2401 ct
971 2334 1072 2418 inepti
1094 2334 1179 2398 bona
1200 2333 1331 2415 ingenia
1346 2334 1393 2398 ab
1405 2333 1499 2399 rectis

190 2435 305 2501 studiis
325 2436 417 2517 qnasi
437 2436 559 2502 cucullo
582 2436 867 2518 togaverctrabere
889 2443 921 2501 et
938 2436 1087 2501 aliorsum
1107 2441 1257 2517 tanquam
1279 2455 1370 2501 eccos
1390 2437 1499 2501 asinos

190 2541 312 2603 detorto
340 2537 419 2603 collo
443 2537 577 2604 trahere.
624 2539 687 2604 Cur
714 2539 783 2604 ita?
831 2538 874 2604 Ut
900 2557 970 2603 eum
998 2538 1236 2623 preceptoribus
1264 2537 1394 2603 insulsis
1421 2539 1498 2604 l'atui

190 2639 340 2724 discipuli
362 2659 485 2724 semper
513 2640 733 2725 impediantur.
774 2641 815 2706 Et
842 2641 901 2706 boc
926 2641 1047 2723 qua-re?
1088 2641 1132 2706 Ut
1157 2638 1302 2725 impediti
1331 2643 1499 2724 erroribus,

190 2743 395 2828 opinionibus
421 2744 539 2825 obruti,
565 2745 704 2810 tenebris
730 2744 910 2810 circumfusi
936 2764 999 2809 non
1028 2745 1151 2828 possint
1172 2743 1214 2807 ad
1239 2745 1307 2808 veri
1329 2745 1499 2827 notionem,

191 2867 253 2929 qua
274 2866 366 2912 senes
388 2846 440 2912 isti
462 2859 586 2929 carent,
615 2847 787 2930 pervenire.
829 2840 900 2912 Non
922 2853 971 2911 est
988 2844 1198 2930 mibieontra
1218 2846 1370 2912 barbaros
1391 2845 1498 2929 dispu-

190 2950 282 3014 tacio.
324 2949 373 3013 'lu
393 2948 495 3029 vides,
517 2955 592 3030 quot
613 2951 685 3025 sint,
708 2970 786 3032 qnos
807 2950 998 3014 miserabilis
1019 2967 1105 3014 error
1126 2959 1159 3012 et
1183 2948 1362 3029 ignorantia
1383 2955 1497 3014 teneat.

190 3052 312 3116 Paucos
333 3051 426 3117 credo
448 3071 518 3117 esse
543 3073 722 3135 quanquam
744 3055 775 3115 in
799 3072 917 3133 magna
937 3050 1055 3132 schola,
1076 3051 1130 3133 qui
1143 3051 1315 3116 scienciam
1335 3051 1498 3116 honestam

190 3175 252 3218 non
274 3154 316 3217 ad
338 3155 580 3221 ostentationem
601 3163 810 3238 autquestnnr
825 3153 971 3220 referant.
1015 3153 1113 3218 Vanis
1123 3172 1218 3232 vana,
1240 3153 1334 3235 nugis
1355 3152 1499 3232 ridicula,

190 3256 379 3338 ambagibus
402 3257 611 3322 deliramenta
637 3256 849 3337 consolidant,
875 3257 1013 3335 lirmant,
1041 3255 1215 3320 stabiliunt.
1262 3256 1432 3338 Postquam
1454 3258 1499 3320 ita

190 3359 333 3442 sylvanis
357 3359 419 3438 tuis
449 3359 584 3444 placuit,
611 3367 645 3424 ut
667 3367 698 3424 te
725 3359 1005 3442 prudentissimum
1032 3358 1199 3440 abigerent
1227 3377 1267 3423 ac
1291 3358 1499 3439 relegarent2,

190 3462 271 3526 l'erre
293 3461 390 3526 debes
411 3461 493 3526 banc
514 3463 680 3542 lbrtunam,
701 3481 741 3527 ne
763 3463 790 3527 si
812 3479 882 3526 earn
904 3461 1045 3543 graviter
1060 3460 1254 3542 molesteque
1274 3459 1393 3549 tuleris
1413 3480 1499 3525 accr-

192 3563 261 3628 bius
283 3564 341 3628 tibi
363 3564 425 3648 ipsi
446 3563 547 3628 l'acias
567 3563 705 3629 exilium.
747 3565 816 3646 Ego
840 3565 909 3629 sine
933 3563 1123 3647 lachrymis²
1151 3583 1213 3627 non
1238 3582 1365 3646 possum
1392 3565 1498 3627 animo

191 3667 346 3750 replicare
366 3673 452 3730 tuunr
478 3685 600 3747 casum,
631 3655 693 3732 elsi
712 3667 844 3730 antistes
869 3665 957 3730 dieat
977 3672 1008 3731 te
1036 3685 1092 3747 pre
1113 3667 1226 3730 ceteris
1247 3665 1445 3730 honestatum
1468 3674 1499 3732 et

190 3768 346 3833 delectum
368 3789 406 3834 ac
427 3768 557 3850 dignrrm
585 3769 741 3856 habitum,
764 3788 856 3851 quem
886 3788 903 3833 e
930 3788 986 3832 suo
1014 3787 1143 3832 mrurcro
1164 3767 1286 3852 bipsirn
1317 3766 1498 3834 dimitteret.

192 3870 310 3936 Credat
336 3871 509 3954 imperitus.
559 3870 637 3935 llibi
664 3890 726 3935 non
758 3869 936 3954 persuadet,
968 3872 1086 3952 quumb
1112 3869 1261 3936 Urbanus
1287 3888 1375 3935 meus
1401 3871 1498 3936 etiarn

191 3973 261 4038 sine
283 3973 411 4053 baculo,
440 3973 508 4039 sine
527 3974 711 4056 magisterio
732 3975 827 4038 luerit
845 3979 876 4038 et
902 3973 1004 4038 literis
1029 3981 1062 4036 et
1085 3973 1201 4055 peritia
1229 3973 1500 4056 prestantissimus
1542 4008 1545 4012 ⁴
1641 3985 1652 4005 ·

191 4083 223 4140 et
243 4075 359 4157 dignus
380 4095 441 4140 non
464 4076 563 4140 solum
585 4076 754 4158 archigalli
775 4075 896 4156 throno,
916 4075 973 4140 scd
995 4076 1090 4139 etiam
1111 4074 1287 4160 episcopali
1299 4073 1384 4140 sede.
1426 4075 1498 4139 Non

192 4178 327 4243 arbitror
349 4186 380 4242 te
403 4185 587 4262 expectare,
608 4179 684 4261 quid
708 4179 841 4244 sentiam
863 4179 903 4243 de
925 4185 1195 4258 tuosnceessore,
1226 4177 1303 4260 quid
1324 4176 1364 4244 de
1385 4177 1499 4243 ceteris

262 4295 272 4320 ³¹
293 4301 325 4346 Ta
344 4302 465 4361 laerpnnis.
539 4286 552 4321 ¹)
572 4303 603 4348 lle
622 4317 685 4350 cunr.

256 4505 266 4546 ¹
287 4510 349 4582 Vgl.
372 4511 416 4565 Br.
433 4511 470 4564 tc
485 4529 510 4565 u.
527 4513 571 4566 7⁶2.
660 4507 673 4550 2
696 4512 760 4584 Vgl.
784 4513 853 4567 iiber
873 4515 919 4570 die
939 4515 1145 4589 Verrurlassnng
1164 4534 1197 4569 zu
1221 4515 1330 4576 Urbane
1350 4513 1497 4589 Weggang

194 4607 245 4645 ron
268 4589 457 4668 Georgcnthul
478 4594 549 4652 nach
570 4592 686 4670 Leipzig
706 4593 752 4652 Br.
768 4593 802 4648 73
819 4612 844 4649 u.
860 4593 903 4652 id.
