3625 5192
646 357 736 420 Bricie
753 357 873 418 Matiana
890 360 949 417 805.
967 359 1019 414 306
1437 347 1487 410 397

185 509 272 583 boc.
293 510 338 587 ll.
359 533 403 581 au
425 513 560 581 Urban.
997 509 1143 592 (tisthai
1153 509 1250 580 1513.
1283 510 1419 594 August
1433 510 1488 576 27.

255 641 317 688 Mul.
336 641 439 695 muldct,
457 641 514 685 dass
534 641 575 686 dic
595 639 686 686 beiden
703 638 859 696 Slimmcring
877 637 919 682 cin
942 636 1123 682 nrrrmhmbaros
1142 635 1223 680 (lobot
1242 639 1280 680 liir
1298 637 1341 682 dns
1363 635 1431 682 ilaus
1449 651 1489 694 ge·

184 713 268 759 mscht
292 711 373 758 huben
395 711 447 756 arrd
470 726 496 756 cr
519 725 546 756 cs
567 725 645 768 gerne
667 709 745 754 ihnsn
765 708 907 754 ilberlasson
933 707 1024 752 uilrdo.
1071 706 1154 751 l'rbau
1178 706 1237 752 sollo
1262 707 1339 752 durch
1359 707 1422 753 (leid
1448 705 1489 752 boi

184 783 291 829 Nithard
312 781 352 827 dio
371 781 586 840 lleschlcnnigung
608 780 652 825 der
672 778 945 838 Diplomanssertigung
967 776 1100 822 bswirkeu.
1137 777 1234 822 Scirallc
1255 778 1328 822 wollo
1351 778 1489 822 sitclrsischc

184 854 301 900 Annslen
319 851 457 897 selnreibsn.
496 851 550 896 lien
570 849 699 896 llersbord
712 847 895 895 r.d.llurtheu
912 845 975 892 habe
990 861 1017 892 or
1036 847 1113 893 durch
1131 845 1291 892 scheiubares
1305 847 1359 892 Lol>
1377 849 1488 893 zureeht·

184 907 313 983 genuissem,
349 921 497 966 hemardum
515 920 585 978 gicht
603 935 631 966 er
645 919 771 964 thnschc
791 919 894 966 betretis
913 919 1039 962 mehrorer
1059 918 1155 964 But-hor
1173 929 1202 962 zu
1222 917 1357 964 orhcunsn.

262 1027 414 1093 Prudenti
443 1028 643 1108 humanoque
671 1025 823 1107 magistro
851 1025 988 1088 ilenrico
1016 1024 1187 1104 Urbano,
1219 1045 1383 1097 economo,
1412 1027 1488 1090 anri-

184 1151 289 1197 comm
310 1130 456 1208 antistiti,
479 1129 640 1193 Mutianos
663 1127 775 1193 Rufus.⁴

264 1235 296 1298 S.
337 1232 506 1296 Marcellus
528 1229 783 1309 iurisconsultus,
810 1249 929 1292 unuse
956 1227 1051 1292 claris
1076 1228 1140 1312 illis
1162 1229 1253 1302 viris,
1280 1249 1409 1311 quornm
1444 1251 1488 1296 re-

184 1355 303 1421 sponsa
318 1355 375 1418 pro
387 1335 512 1418 legibus
523 1342 605 1413 sont,
627 1335 659 1397 in
672 1331 859 1416 pandectis1
870 1331 1039 1396 Iustiniani
1051 1332 1145 1395 refert
1157 1331 1265 1396 dirum
1276 1333 1489 1398 Antoninum*

161 1456 164 1460 ⁴
183 1439 322 1504 bisanciol
335 1437 432 1502 Avito
447 1434 648 1517 rescripsisse
665 1435 727 1499 etsi
747 1434 827 1498 nibil
844 1434 938 1498 lacile
954 1433 1137 1498 mutandum
1160 1442 1208 1500 est
1226 1455 1265 1500 ex
1287 1437 1489 1520 solemnibus,

183 1549 290 1606 tamen
315 1540 370 1604 ubi
398 1539 523 1621 equitas
549 1538 681 1601 evidens
705 1537 822 1620 poscit,
848 1536 1098 1601 subveniendum
1118 1557 1196 1602 esse.
1240 1539 1339 1618 Audi,
1366 1559 1427 1622 quo
1454 1543 1489 1607 id

184 1643 348 1708 deducam.
390 1641 575 1706 Collocata²
594 1640 706 1703 domus
726 1647 776 1704 est
796 1637 996 1715 Dietbmaro,
1023 1647 1055 1704 ut
1076 1639 1237 1704 substruat
1259 1657 1350 1706 versa
1370 1644 1402 1706 iu
1424 1643 1489 1708 edi·

182 1745 287 1810 licium
316 1744 478 1828 pensione.
519 1743 655 1824 Reliduu
680 1742 772 1805 nosti.
820 1740 964 1804 l'actioni
990 1741 1143 1806 eiusmodi
1170 1749 1271 1806 motus
1300 1745 1488 1812 vinariorum

184 1848 390 1912 sinisteritate
411 1844 602 1928 subscripsi,
631 1861 820 1926 quamquam
847 1851 977 1924 uterque
999 1849 1137 1907 nostrum
1167 1843 1284 1908 fluxam
1310 1845 1490 1912 Diethmari

184 1950 278 2014 tidem
300 1949 424 2013 noverit
444 1955 476 2011 et
497 1968 557 2028 ego
578 1950 685 2010 trahar
704 1945 811 2028 potius
832 1965 925 2025 qnam
950 1945 1047 2010 ducar
1068 1944 1099 2007 iu
1122 1965 1317 2024 consensum,
1340 1949 1423 2030 (ruod
1443 1951 1489 2015 vi·

184 2052 299 2117 delicet
320 2050 484 2135 prudentie
504 2069 566 2111 uon
588 2049 630 2111 sit
650 2067 721 2111 cnm
747 2045 876 2129 perfidis
903 2055 936 2110 et
957 2046 1079 2110 levibus
1104 2049 1272 2112 convenire
1294 2058 1326 2114 et
1346 2051 1489 2133 obligare

183 2153 277 2218 tidem
310 2153 423 2217 bonam
458 2153 489 2216 in
525 2157 687 2216 contractu
721 2148 823 2212 modis
857 2149 1000 2231 plurimis
1030 2157 1185 2232 suspecto.
1248 2152 1311 2216 Sed
1343 2153 1489 2219 nimirum

186 2261 304 2318 tractus
325 2253 515 2317 necessitate
536 2252 672 2334 quadam
693 2261 726 2316 et
745 2252 848 2331 simul,
871 2251 992 2330 utdixi,
1014 2253 1313 2318 motnsricariornm
1335 2255 1491 2320 instanter

187 2365 218 2422 et
238 2357 380 2439 graviter
400 2356 579 2437 importuna
598 2355 728 2436 querela
749 2354 982 2416 stimulauoinm
995 2355 1140 2435 acquievi
1157 2357 1354 2420 consensioni
1376 2365 1487 2424 vestre.

187 2460 264 2523 l'ost
285 2458 318 2522 iu
339 2458 439 2521 literis
461 2459 522 2520 tuis
541 2459 675 2539 exponis
695 2465 726 2518 te
747 2455 782 2518 id
804 2456 907 2538 ipsum
920 2457 1050 2519 sentire:
1072 2476 1142 2521 esse
1156 2457 1371 2522 Diethmarum
1395 2461 1488 2524 nebu-

185 2561 288 2626 lonem
311 2568 343 2624 et
370 2561 497 2643 planum
526 2567 714 2623 structurum
741 2559 809 2622 sine
838 2577 895 2622 suo
923 2557 1135 2636 incommodo,
1161 2559 1282 2622 locasse
1306 2567 1336 2623 te
1362 2560 1488 2626 domum

186 2664 289 2727 minos
309 2662 445 2727 libenter
472 2669 504 2724 et
528 2661 623 2744 paulo
649 2670 724 2723 ante
752 2661 784 2722 in
813 2660 887 2725 aliis
915 2661 1029 2738 literis,
1057 2661 1171 2741 quibus
1197 2663 1488 2740 munimentorum

185 2765 445 2847 chirographum:
468 2764 527 2843 „Si
545 2765 611 2833 tu“‚
636 2764 749 2844 inquis,
772 2782 859 2842 „non
874 2763 1068 2845 probaveris,
1089 2763 1167 2825 nihil
1186 2763 1243 2826 hee
1259 2767 1379 2828 sunto.“
1415 2765 1489 2846 Sed,

185 2868 228 2931 mi
251 2867 393 2945 Urbane,
421 2864 496 2946 qrrid
517 2864 692 2928 faciemus?
733 2863 823 2941 Quod
846 2884 866 2928 a
895 2872 928 2930 te
949 2866 1038 2946 qnasi
1066 2866 1248 2930 solenmitcr
1272 2875 1394 2946 gestum
1421 2870 1490 2946 luit,

185 2989 255 3033 meo
275 2969 393 3051 scripto
412 2965 582 3047 radicavi,
610 2965 668 3030 etsi
697 2966 846 3049 privatim
874 2967 917 3030 ad
948 2974 979 3030 te
1011 2967 1161 3031 scribens.
1210 2967 1302 3031 Nunc
1331 2971 1431 3033 maior
1459 2979 1491 3034 et

185 3071 287 3134 minor
296 3070 501 3152 Someringns
514 3071 621 3149 aliam,
643 3077 676 3131 nt
685 3070 785 3149 vides,
797 3069 931 3132 oli'erunt
944 3069 1169 3134 condicionem.
1212 3069 1353 3134 Evidens
1365 3073 1489 3152 equitas

184 3173 276 3238 elidit
297 3172 383 3254 pacti
404 3171 567 3235 solemnia.
609 3172 643 3235 Si
668 3182 774 3236 tamen
799 3191 839 3234 oa
866 3171 1004 3234 debcant
1030 3191 1098 3235 csse
1128 3177 1211 3250 rata,
1243 3191 1303 3252 qne
1329 3173 1489 3238 intervos

184 3275 363 3358 pepigistis,
385 3274 465 3337 nihil
486 3283 571 3336 uruto
589 3282 621 3338 et
641 3273 756 3338 herebo
777 3282 879 3338 tecum
901 3273 934 3337 in
956 3274 1074 3338 eadem
1089 3273 1223 3336 salebra.
1265 3275 1386 3355 Sequar
1403 3269 1488 3340 tur'rm

184 3377 357 3442 arbitrium.
399 3376 433 3439 Si
455 3376 570 3458 placet,
591 3376 735 3454 subveni,
755 3379 805 3439 siu
827 3373 992 3458 disciplet,
1013 3395 1104 3454 noga.
1148 3375 1215 3456 Ego
1236 3386 1323 3455 nuto,
1347 3385 1488 3441 neutram

184 3481 216 3558 in
239 3486 360 3561 purtem
381 3477 515 3558 inclino,
538 3478 689 3542 nebuloni
709 3498 770 3540 non
792 3479 894 3542 faveo.
938 3477 1072 3541 Vieariis
1094 3479 1251 3559 cederem,
1274 3480 1335 3542 nisi
1357 3480 1488 3561 nraligni

183 3579 308 3644 essent'
344 3580 508 3644 Cotionum
537 3579 639 3643 amieo
661 3600 847 3658 annuerem,
873 3581 901 3644 si
931 3588 1037 3663 posset
1066 3600 1129 3642 rem
1159 3580 1336 3644 del'endere.
1382 3581 1490 3658 Quid?

183 3681 296 3746 Nonne
323 3681 423 3745 satius
448 3690 533 3746 esset
553 3702 663 3763 parum
685 3682 832 3765 accipere
866 3702 961 3763 quiam
983 3683 1110 3744 nomino
1132 3683 1235 3745 nihil?
1278 3682 1426 3747 Permitto
1446 3693 1487 3746 to-

183 3792 248 3848 tum
270 3786 436 3865 negocium
458 3791 512 3846 tuo
536 3784 656 3863 studio,
681 3792 734 3848 tue
762 3783 850 3863 fidei,
881 3793 933 3849 tue
962 3783 1095 3847 solertie.
1143 3783 1239 3868 Eripe
1266 3785 1379 3849 nubem
1407 3785 1489 3850 hanc
1521 3781 1526 3791 ¹

181 3884 269 3950 mihi.
315 3885 406 3962 Quod
427 3885 537 3963 datur,
566 3885 685 3969 accipe.
734 3886 855 3950 Amicis
882 3886 1055 3950 carissimis
1083 3894 1207 3966 gratum
1231 3887 1341 3967 t'acito,
1367 3888 1394 3951 si
1422 3887 1488 3952 lieri

94 4049 99 4059 ,
182 3997 294 4071 potest.
337 3989 392 4052 Vir
408 3973 447 4052 ‘es
467 3987 508 4050 ad
531 3989 728 4071 paroenranda
749 3988 959 4070 obeundaque
981 3995 1073 4052 natus
1092 3988 1227 4070 negocia
1249 3997 1281 4052 et
1301 3990 1380 4052 satis
1402 4008 1489 4053 erer-

182 4090 307 4156 citatus.
352 4091 519 4154 Hortatore
546 4111 606 4154 uon
628 4072 705 4171 egds
724 4109 827 4171 neque
849 4091 1026 4154 calcaribus
1048 4100 1121 4171 eget
1137 4100 1191 4154 tua
1203 4090 1376 4170 diligencia
1388 4111 1489 4174 neque

183 4193 317 4257 testibus
339 4211 426 4256 arnor
448 4199 562 4257 noster.
604 4191 667 4254 Sed
699 4192 758 4256 bec
783 4192 934 4256 hactenus
962 4193 1001 4256 de
1028 4194 1128 4257 literis
1155 4191 1316 4256 hodiernis
1345 4193 1488 4274 magistri

182 4294 370 4376 Sonreringi.
433 4294 558 4358 Adsunt
588 4295 690 4360 eciam
718 4294 878 4378 Spalatini
911 4295 1000 4359 litore
1033 4295 1126 4358 hodie
1158 4295 1233 4358 rrrihi
1265 4293 1402 4376 reddite,
1448 4295 1489 4360 de

254 4411 266 4437 ⁸
284 4417 310 4461 1¹¹
321 4417 466 4465 Antonium.
538 4401 551 4439 b
568 4418 593 4462 1¹¹
606 4416 701 4476 Marco,

186 4535 386 4548 ...φ-η

249 4608 346 4684 lDig.
360 4612 409 4684 lv,
428 4613 452 4671 l.
467 4612 494 4666 7.
577 4608 676 4686 2Vgl.
698 4615 767 4669 iiber
786 4615 862 4670 dicse
883 4615 1330 4688 AngelegenheitBr.301.304.
1390 4591 1396 4605 ⁸
