3625 5192
702 406 791 462 Briefe
805 407 926 462 Matiana
944 409 1002 462 637.

396 555 539 621 Attonito
561 556 665 620 Lanus
686 556 771 620 vada
788 556 915 621 miscuit
935 545 1173 638 anxia'llheno,
1198 547 1200 554 ’

397 656 579 722 Vorticibus
599 658 708 722 tacitis
729 657 850 724 luridus
872 658 973 722 lluma
993 658 1089 735 stetit,

396 758 437 822 Et
458 778 539 840 quae
560 766 726 842 praeterea
747 758 958 840 pulcherrima
978 758 1109 824 flumina
1129 760 1245 824 circum

329 859 382 939 90)
404 859 577 924 Hessiades
597 860 707 925 Musae
728 860 933 942 Naiadesque
956 860 1069 925 colunt.

395 960 527 1026 Flerunt
549 963 666 1026 intonsi
686 969 814 1044 petrosa
834 963 1000 1026 cacumina
1023 969 1153 1041 montes,

397 1063 515 1128 Humor
535 1083 638 1145 aquae
659 1064 753 1127 siccis
774 1063 866 1127 fluxit
886 1064 1072 1131 Oreadihus.

395 1165 472 1248 Ipsa
490 1173 560 1229 tuos
582 1172 693 1230 cautus
716 1166 883 1250 scopulosa
906 1186 963 1248 per
985 1166 1059 1230 avia
1079 1168 1212 1247 quaerit,

393 1266 435 1330 Et
457 1266 587 1349 reliquis
607 1268 684 1332 echo
706 1268 838 1332 vocibus
859 1268 923 1331 icta
944 1267 1025 1332 silet.

323 1371 373 1448 95)
396 1369 518 1433 Moesta
540 1368 635 1451 dolet,
655 1371 804 1451 quirniam
826 1370 884 1434 tihi
907 1391 969 1434 non
992 1370 1181 1452 respondeat
1203 1369 1291 1449 echo,

393 1470 482 1549 Rul'e,
503 1476 557 1536 tuo
572 1471 679 1536 ahlatc
700 1473 839 1536 carmine
860 1481 947 1534 certa
969 1471 1056 1534 inuri.

392 1572 492 1638 Morte
514 1583 572 1638 tua
592 1574 712 1638 sterilis
732 1573 819 1638 facta
840 1583 872 1638 et
893 1576 962 1637 sine
984 1573 1148 1638 frondibus
1168 1575 1262 1639 arhor

398 1676 499 1754 Amit,
520 1683 552 1739 et
572 1674 682 1739 florum
704 1676 827 1756 languit
848 1695 941 1741 omne
962 1675 1067 1739 decus.

393 1777 480 1853 Quas
501 1786 534 1841 tu
556 1778 630 1842 olim
654 1778 911 1842 volucres'cantu
934 1778 1094 1842 oblectare
1115 1777 1239 1844 solebas
1299 1791 1301 1796 '

306 1880 372 1953 100)
395 1878 492 1943 Nulla
512 1880 571 1943 suh
592 1879 728 1944 arborea
748 1881 892 1944 carmina
913 1880 1022 1944 frorulc
1043 1888 1168 1944 canunt.

391 1980 503 2044 Ponite
523 1980 667 2060 lugentes
689 1979 828 2046 ridentia
849 1983 1000 2060 carmina,
1024 1981 1143 2060 Musae,

391 2082 512 2146 Sumite
533 2081 688 2146 laetificae
709 2084 813 2147 tristia
834 2083 956 2166 plectra
977 2084 1074 2166 lyrae.

392 2183 463 2245 Non
486 2192 606 2247 tantum
627 2186 793 2265 aequoreis
814 2185 952 2267 Delphin
976 2185 1106 2267 lugebat
1126 2184 1158 2247 iu
1182 2183 1287 2265 nudis,

392 2285 462 2349 Non
488 2293 610 2348 tautum
635 2286 802 2350 Ismarium
823 2286 959 2351 Daulias
978 2286 1045 2350 ales
1065 2287 1148 2365 ltim,

302 2389 370 2464 ltro)
393 2388 464 2451 Non
486 2396 606 2451 tautum
628 2386 792 2472 Halcyone
814 2389 895 2452 luxit
917 2389 1024 2473 Ceyca
1045 2395 1255 2473 peremptum,

386 2489 458 2553 Nou
481 2496 602 2553 tantum
623 2493 655 2552 in
674 2491 785 2555 vacuis
805 2490 894 2556 flevit
917 2491 1061 2572 hyrundo
1082 2490 1177 2573 iugis.

389 2590 461 2652 Non
483 2591 530 2655 sic
550 2591 706 2672 ingemuit
726 2593 849 2674 glaucis
870 2595 902 2655 iu
924 2592 1071 2658 fluctibus
1093 2593 1168 2658 olim

386 2691 512 2757 Pacifer
532 2711 707 2774 aequoreas
728 2694 862 2777 Cerylus
885 2695 967 2758 inter
987 2715 1072 2770 aves,

390 2793 462 2856 Nou
482 2793 564 2859 adeo
582 2792 696 2858 flerunt
718 2796 861 2860 volucres
881 2797 923 2858 ad
945 2796 1039 2863 busta
1060 2797 1205 2861 volantes

234 2981 238 2989 Ι
303 2897 370 2974 110)
392 2895 568 2961 Memnonis
588 2898 621 2961 iu
643 2895 760 2978 gelidis
781 2897 929 2977 uallibus,
949 2897 1041 2976 Eure,
1062 2899 1135 2977 tuis,

390 2998 548 3075 Quantum
569 3018 677 3063 omnes
698 2999 807 3081 lugent
828 3007 882 3063 tua
903 2999 1007 3063 tristia
1028 3000 1148 3078 funera,
1171 2998 1259 3078 Rufe,

389 3099 470 3164 Rufe
491 3099 584 3164 deum
606 3101 698 3164 laevo
721 3101 849 3164 numine
866 3101 951 3166 iussa
977 3101 1064 3164 mori.

392 3201 481 3277 Quae
499 3200 557 3265 tihi
578 3202 777 3267 contulerant
795 3203 905 3267 faciles
927 3202 1156 3285 pulcherrimae
1179 3201 1289 3266 Musae

388 3302 529 3384 Munera,
549 3313 649 3376 morte
669 3315 723 3367 tua
744 3311 876 3384 mortua,
899 3305 988 3384 Rufe,
1011 3307 1125 3369 iacent.

299 3406 368 3482 115)
390 3405 509 3470 Multae
531 3405 624 3470 urbes
645 3404 760 3470 flevere
781 3425 854 3470 suos
875 3426 932 3470 ceu
955 3407 1084 3470 numina
1105 3415 1204 3486 vates,

387 3506 514 3571 Nobilis
535 3527 592 3571 arx
614 3508 737 3590 patriae
759 3514 790 3572 te
807 3508 906 3590 gemit
925 3509 991 3571 alla
1011 3516 1094 3572 tuae.

386 3609 459 3672 Non
480 3610 526 3673 sio
545 3610 645 3673 Ascra
665 3627 755 3672 suum
777 3609 865 3673 flevit
885 3619 1014 3693 petrosa
1036 3617 1169 3692 poetam,

389 3711 461 3776 Nou
483 3711 529 3776 sic
549 3710 736 3775 Pindaricas
756 3710 901 3775 Helladis
923 3731 978 3776 ora
999 3710 1086 3790 fides,

389 3813 461 3878 Non
483 3813 530 3877 sic
550 3811 661 3876 Alcaei
683 3832 742 3876 nec
764 3812 877 3876 doctae
897 3812 1040 3878 carmina
1062 3813 1212 3897 Sapphus

300 3917 369 3992 120)
390 3914 496 3979 Flevit
517 3914 550 3977 in
570 3914 662 3978 Ionia
683 3914 813 3996 cognita
832 3915 953 3980 Lesbos
974 3935 1067 3998 aqua,

389 4017 460 4079 Nou
479 4017 526 4080 sie
547 4036 648 4099 parva
668 4035 757 4080 suum
777 4017 916 4099 ploravit
937 4018 1003 4082 Cea
1026 4025 1162 4100 poetam,

388 4118 461 4182 Non
482 4118 529 4183 sic
550 4118 771 4182 Archilochum
792 4139 946 4183 marmore
969 4120 1045 4182 nixa
1066 4119 1171 4186 Paros.

387 4219 588 4285 Carminibus
608 4221 786 4301 quicunque
807 4221 914 4284 valant
935 4229 966 4285 et
988 4241 1064 4286 voce
1087 4229 1208 4304 poetar,

386 4320 563 4403 Deplorant
584 4321 692 4386 mortis
709 4323 813 4386 tristia
835 4321 903 4388 fata
924 4331 1008 4387 tuae.

293 4427 364 4496 last
386 4423 433 4486 Te
459 4425 544 4506 prior
564 4423 731 4488 aethereas
753 4425 866 4490 abiens
887 4426 1064 4490 lirrtteuusl
1086 4425 1127 4488 ad
1150 4445 1238 4490 arces

251 4579 262 4620 ¹
285 4584 390 4639 liutten
411 4584 539 4638 stathan
562 4585 650 4637 niman
673 4585 722 4639 dor
741 4586 841 4638 latzlen
863 4585 940 4657 'Pago
963 4587 1010 4640 das
1032 4585 1140 4657 August
1161 4587 1227 4640 oder
1247 4603 1290 4640 arn
1315 4585 1341 4642 1.
1364 4583 1488 4655 Septem·

187 4665 239 4718 ber
259 4663 346 4717 1524.
386 4663 450 4736 vgt.
471 4663 587 4719 Strauss.
609 4664 645 4721 U.
666 4665 773 4720 Hutten
793 4665 818 4722 S.
832 4665 898 4722 533.
