3625 5192
627 359 716 418 Briole
735 359 856 418 blutiaus
874 362 934 417 479.
952 362 1012 416 480.
1030 363 1090 418 481.
1465 361 1511 416 141

207 512 303 577 lussit
330 512 508 597 Spalatinil
537 515 678 593 nomine,
709 520 743 576 ut
768 514 826 576 tibi
855 512 978 590 darem,
1007 519 1157 594 quantum
1187 512 1294 576 velles.
1342 513 1440 592 Nam,
1470 514 1513 576 mi

210 616 351 692 Urbane,
382 616 599 680 redimendum
628 617 687 679 erit
713 617 862 700 diploma.
905 615 1056 678 Volumus
1084 635 1154 680 esse
1175 615 1323 680 liberales
1345 623 1376 679 et
1397 616 1513 679 malum

207 720 288 782 bono
321 720 454 783 vincere.
507 719 576 799 Ego
608 737 731 800 quoque
764 718 912 799 promitto
945 737 1046 780 meum
1074 719 1257 799 obsequium
1289 738 1358 782 cunr
1391 719 1513 798 ingenti

206 821 385 901 graciarum
418 823 549 884 actione.
605 819 713 882 Redde
753 819 880 882 literas²
915 818 1123 896 Hartmanno,
1159 819 1344 898 Valentino,
1382 819 1513 893 liutitio,

199 921 352 1002 ‘bobeno
375 922 531 985 Nithardo
557 929 588 986 ct
611 922 686 986 lano
709 921 836 985 Urbica.
879 921 951 984 Non
974 923 1093 1003 placet,
1114 922 1196 1003 quod
1219 921 1360 985 Euritius
1382 922 1512 986 itinera-

205 1026 307 1088 rium-³
335 1025 486 1107 publicat.
529 1024 579 1088 Mc
602 1025 730 1088 nimium
758 1024 868 1087 laudat
896 1031 927 1087 et
949 1023 1027 1086 satis
1049 1024 1184 1087 incaute.
1225 1024 1358 1089 Onrittat
1379 1025 1441 1089 ista
1459 1045 1514 1087 nu-

206 1131 373 1207 gamenta,
403 1133 518 1190 nocent
547 1128 656 1190 tamea
706 1125 826 1188 Stultus
857 1125 965 1202 homo,
995 1125 1068 1190 dum
1099 1145 1148 1188 mc
1177 1126 1298 1190 Vestali
1326 1127 1515 1190 castimonia

206 1229 355 1307 celebrat,
377 1228 495 1309 ingerit
518 1235 623 1291 tamen
646 1228 756 1309 puer-il
777 1227 977 1291 mentionem.
1024 1227 1139 1291 incidit
1166 1229 1197 1292 in
1220 1229 1361 1311 Scyllam
1383 1229 1514 1312 cupiens

207 1331 309 1394 uitare
339 1330 543 1414 Carybdiml.
592 1329 692 1394 Caute
720 1329 903 1394 admoneas.
950 1329 1071 1393 Forsan
1100 1330 1182 1394 bono
1202 1332 1268 1395 zelo
1290 1331 1429 1410 ducitur,
1456 1331 1513 1395 sed

209 1432 411 1496 cautissimus
432 1422 565 1513 quisque
587 1431 683 1495 rimas
705 1430 844 1512 undique
865 1430 993 1495 claudit.
1037 1430 1124 1496 Vale.
1168 1432 1337 1515 Concerpe.

288 1533 410 1596 MDXV
433 1534 475 1598 ad
498 1533 598 1598 nidus
619 1533 758 1597 Martias.

277 1657 456 1703 Handsehriltl.
473 1657 553 1703 1¹¹le
573 1655 707 1703 solasov.
744 1656 853 1704 Garinb.
865 1656 907 1705 Ta.
925 1657 948 1704 S.
960 1655 1010 1704 204
1033 1673 1078 1703 aon
1097 1659 1152 1704 Non
1171 1660 1254 1718 placet
1274 1657 1311 1704 bc'r
1328 1675 1379 1705 aum
1398 1661 1513 1708 sS'cblasse.

280 1745 292 1773 ⁸
311 1750 335 1792 F
347 1749 397 1794 aad
417 1750 449 1794 Tr.
468 1750 533 1795 foma
551 1755 651 1797 nocant.
721 1733 787 1794 Ι’Ὕκ
806 1748 967 1810 Charybdim.

759 1873 960 1880 -—.---—.

206 1931 284 2002 481.
307 1930 351 2001 u.
373 1949 419 1996 an
443 1929 577 1999 Urbnn.
1063 1927 1209 2013 (Gotho)
1226 1930 1316 2000 1515.
1351 1927 1445 1996 littra
1458 1931 1512 2002 19.

281 2050 343 2098 Mnt.
366 2051 468 2108 bcklugt
491 2050 539 2094 don
567 2049 668 2094 l'erlust
691 2048 801 2107 Urbana,
826 2049 889 2094 nour
912 2047 973 2094 uber
998 2049 1054 2094 dass
1073 2049 1146 2095 osius
1169 2049 1220 2096 sich
1248 2065 1295 2096 von
1317 2050 1372 2096 darn
1396 2051 1440 2096 auf
1462 2053 1512 2098 ihrn

206 2121 335 2166 ruhcnden
346 2121 488 2167 Vcrdnchte
506 2119 618 2174 rcinigen
638 2119 727 2163 n'erdc.
764 2119 973 2177 Kiudeponlnuus
987 2120 1087 2165 scheina
1104 2121 1169 2165 ohne
1183 2120 1246 2166 (leid
1261 2119 1354 2166 baulan
1370 2137 1399 2167 zu
1415 2115 1512 2169 u'oller'r.

206 2191 241 2236 Er
264 2192 326 2250 will,
350 2192 408 2235 dass
427 2191 512 2236 Urbon
534 2191 580 2235 mit-
603 2191 659 2234 dem
678 2190 836 2234 llausmietor
859 2190 1041 2234 uriterhundclo
1061 2191 1110 2234 urrd
1137 2191 1200 2248 l'riigt
1223 2205 1270 2248 nn,
1297 2191 1328 2236 ob
1347 2192 1454 2238 l'oltzlro
1473 2208 1513 2238 zu·

205 2263 280 2320 riiclr3
301 2262 349 2305 den
370 2262 469 2318 llo-saus,
488 2261 532 2305 der
551 2260 630 2306 loider
649 2259 728 2304 unsrei
747 2260 886 2319 gowordcn,
905 2260 987 2304 warde
1007 2275 1034 2305 or
1052 2261 1274 2319 angelcgentlichst
1294 2261 1349 2306 (lum
1369 2263 1419 2307 Abi
1439 2263 1513 2308 Hart-

206 2346 282 2376 mann
301 2332 449 2390 empsehlen.

284 2423 422 2487 chrico
445 2422 605 2486 Urbano
628 2422 787 2485 blutianus
808 2421 917 2485 Rufus.

285 2525 316 2588 S.
359 2525 443 2588 Vera
466 2524 492 2588 si
513 2524 590 2587 mibi
611 2525 714 2606 garris
736 2524 768 2586 in
791 2531 916 2604 aurem,
943 2543 1016 2588 vere
1042 2525 1134 2588 doleo
1156 2531 1186 2589 le
1209 2533 1299 2608 parta
1323 2533 1353 2590 et
1376 2528 1513 2610 undique

204 2646 360 2691 conuersa
381 2645 570 2706 corrasaque
592 2646 654 2689 runo
676 2626 769 2690 simul
797 2625 869 2689 dolo
898 2627 1040 2708 perdere.
1089 2627 1201 2708 Neque
1230 2633 1335 2691 tamen
1365 2629 1514 2710 utitinam,

204 2736 238 2793 ut
259 2730 392 2795 Oainm⁵
421 2729 495 2792 tirrti
524 2747 676 2792 accusem.
721 2728 808 2792 idern
829 2727 912 2791 dixit
933 2735 963 2792 tc
985 2729 1035 2793 vel
1057 2730 1089 2792 in
1111 2730 1308 2812 sterquilinio
1334 2751 1513 2796 crumenam

206 2833 341 2915 sepelire
363 2831 464 2895 solere
486 2836 516 2894 et
539 2831 646 2914 sepius
667 2830 836 2901 accidisse,
856 2836 889 2893 ut
910 2831 1001 2911 quasi
1024 2831 1140 2894 oblitus
1162 2833 1304 2896 custodie
1324 2831 1515 2897 donresticos

98 3015 107 3028 .
206 2935 358 2998 baberes⁸
378 2940 547 3016 suspectos.
592 2933 701 3014 ltaque
721 2952 801 2996 vove
826 2933 980 2995 Mercurio
1010 2935 1159 3016 pinguem
1178 2934 1323 3014 bustiam,
1346 2940 1379 2998 ut
1393 2946 1513 3016 querat.

206 3037 239 3102 Si
268 3037 427 3101 inueneris
448 3035 594 3116 gaudebo
617 3041 648 3098 et
669 3033 732 3096 diis
753 3034 925 3116 t'umigabo.
969 3035 1017 3098 De
1046 3036 1153 3099 vineto
1179 3037 1285 3099 nescio
1306 3035 1415 3118 plane,
1437 3037 1513 3117 quid

207 3138 368 3203 definiam.
422 3138 476 3201 Dii
509 3137 643 3226 perdant
671 3135 846 3220 improbum
876 3135 1184 3219 Kindepontanumi.
1238 3137 1321 3214 Quid
1354 3138 1421 3201 vult
1453 3141 1513 3202 iste

205 3240 483 3326 philosophaster?
534 3241 616 3302 Num
649 3259 782 3302 mercem
816 3239 897 3320 petit
927 3241 996 3302 sinc
1027 3239 1156 3322 precio?
1211 3240 1245 3302 Si
1279 3240 1417 3322 precium
1451 3261 1513 3303 non

204 3343 311 3423 babet,
333 3364 387 3407 cur
408 3344 504 3406 emit?
546 3342 620 3405 Tito
638 3341 758 3404 Mariol
778 3340 852 3421 quid
876 3341 1035 3404 scribam?
1076 3341 1123 3404 Te
1144 3341 1255 3404 audiat
1271 3349 1512 3426 procuratorem.

204 3445 354 3509 Rediitne
375 3443 571 3508 Vuolacus?8
612 3443 743 3507 liobano
763 3462 825 3505 non
846 3441 955 3505 desum
978 3461 1079 3524 neque
1101 3443 1204 3507 deero.
1250 3443 1434 3524 ingeniosus
1456 3451 1512 3524 est,

278 3563 290 3589 ‘¹
310 3569 333 3612 F
346 3569 446 3614 habere.

214 3659 413 3666 ———-—..-—

270 3709 282 3751 l
303 3712 360 3765 Fiir
379 3713 438 3766 sein
461 3712 584 3781 Diplorn.
626 3711 689 3781 vgl.
712 3713 765 3765 den
786 3712 899 3782 rotigen
924 3710 1009 3766 Bricf.

267 3789 281 3830 ‘²
300 3792 337 3846 Es
357 3792 418 3845 sind
438 3793 484 3846 dic
507 3792 658 3846 Nummern
681 3791 857 3844 ata-479.

265 3867 280 3910 3
300 3873 365 3942 vgl.
381 3872 427 3925 Br.
440 3872 495 3924 477
520 3872 545 3925 S.
559 3873 614 3924 136
637 3872 755 3926 Arrunti.

263 3948 277 3990 ⁴
298 3953 362 4023 vgl.
378 3953 412 4007 V.
431 3953 466 4005 31
481 3951 561 4005 -32
584 3953 611 4005 in
634 3955 682 4006 der·
703 3953 816 4023 Bcilagc
837 3971 870 4006 zu
891 3952 939 4009 Nr.
953 3952 1020 4006 477.

266 4040 280 4070 '¹
301 4032 363 4103 Vgl.
375 4032 421 4089 Br.
434 4032 489 4085 441
514 4032 540 4090 S.
558 4033 594 4085 99
618 4032 699 4090 Anni.
716 4034 742 4088 5.

268 4108 282 4149 ⁶
304 4111 366 4184 Vgl.
378 4111 424 4167 Br.
436 4112 501 4166 480.

269 4189 282 4231 ἵ
303 4193 376 4246 Dern
398 4193 564 4248 Einn'ohner
584 4195 674 4247 seinos
695 4193 820 4247 Erfurter
840 4194 957 4262 Hauses‚
978 4194 1034 4263 der,
1056 4200 1192 4265 cutgegen
1212 4195 1265 4248 dau
1281 4193 1513 4266 Abrnaehungcn‚

206 4276 257 4329 das
275 4273 352 4326 Huus
373 4273 452 4326 nicht
472 4274 589 4344 gahorig
610 4275 801 4345 aursgebessert
822 4275 908 4331 hatte.

268 4352 340 4405 ⁸Er
368 4371 422 4407 nar
448 4354 590 4408 vielleicbt
618 4356 688 4408 nach
708 4355 881 4425 Magdeburg
900 4355 1017 4425 goreist,
1044 4375 1084 4410 wo
1109 4373 1139 4408 er·
1162 4355 1263 4409 ebcnso
1293 4355 1344 4408 wie
1369 4355 1397 4408 in
1420 4354 1515 4408 Erfurt

209 4436 256 4488 ain
285 4433 444 4487 Kanonilrat
475 4434 540 4487 inne
573 4435 657 4488 butte.
708 4434 763 4487 Dic
789 4433 1072 4490 Studcntcmnatrikcl
1103 4435 1197 4504 (Mich.
1221 4434 1309 4487 llari
1343 4443 1429 4488 ncnut
1464 4435 1511 4488 ihn

208 4517 383 4592 decretorum
405 4515 502 4568 iluictor
522 4514 649 4583 sigillifer
671 4515 702 4588 iu·
716 4515 851 4568 Erfl'oulia
868 4533 901 4569 uc
924 4523 1079 4570 sauctorum
1096 4515 1248 4572 Sebastiam
1265 4515 1512 4585 blagdeburgenais

207 4603 237 4650 et
261 4593 355 4648 Seueri
375 4593 557 4649 Erffordensis
578 4595 757 4650 ecclesiarum
778 4597 936 4651 canonicus.
