3625 5192
319 335 371 390 292
692 327 953 406 (lesehlobtsquellen
970 339 1019 393 der
1035 329 1111 393 Pron.
1129 333 1251 394 Saebsen.

319 486 434 551 Toroio
454 492 571 550 metum
593 485 718 551 indioas
738 505 776 550 ex
797 487 930 552 silencio
951 487 1110 570 Spalatini
1132 493 1256 566 natum,
1283 484 1368 568 qnod
1389 490 1438 550 est
1457 485 1574 551 amoris
1594 493 1626 550 et

318 587 457 672 pietatis,
479 588 542 652 imo
563 587 744 653 constantie
761 589 1002 671 gravitatisque,
1024 590 1107 671 quod
1131 590 1234 654 anrioo
1256 587 1383 653 studere
1404 607 1467 650 nou
1486 588 1626 652 desinas.

318 689 438 767 Quarto
461 689 638 772 pollicerisa
660 708 789 772 operam
811 689 1016 772 comparandi
1038 689 1220 754 Ciceronisl
1241 697 1306 754 tam
1327 689 1510 771 eloquenoie
1530 708 1624 770 quam

318 792 518 876 philosophie
536 792 634 856 latine
644 793 794 875 parentis.
825 792 944 870 Quinto
956 790 1137 872 ,‚reddam“‚
1153 793 1268 874 inquis,
1282 791 1468 870 „llutolioni²
1485 791 1626 855 literas“:
1706 851 1712 862 ,

320 895 354 958 lu
391 915 428 958 eo
464 893 557 958 iidem
592 902 624 958 et
662 913 767 978 euram
803 895 937 978 probus,
978 913 1159 977 quanquam
1197 895 1310 959 uellem
1349 911 1411 956 non
1451 893 1627 976 scripsisse,

317 998 367 1060 vel
395 996 471 1078 quia
496 996 600 1060 minus
626 996 687 1059 ooii
721 996 898 1060 habebatur
924 995 964 1059 ad
993 1005 1140 1061 aoottrate
1169 993 1440 1079 respondendum,
1471 983 1521 1059 vel
1550 995 1626 1077 qnia

316 1118 399 1163 nuno
431 1106 536 1162 autum
563 1106 620 1163 est.
668 1099 764 1162 Sexto
790 1117 942 1180 magnum
970 1097 1122 1181 gandium
1147 1097 1326 1163 adnuntias
1355 1099 1396 1160 de
1417 1097 1627 1182 amplitudine

315 1201 489 1265 eommunis
510 1198 683 1264 candidati.
727 1199 818 1263 Felix
841 1201 883 1265 sit
902 1200 1022 1265 mensis
1042 1198 1193 1280 October,
1214 1200 1247 1265 in
1269 1218 1331 1281 qno
1352 1206 1445 1263 natus
1470 1199 1628 1281 Vergilius

315 1311 347 1368 et
372 1303 464 1384 inse3
485 1309 516 1366 et
535 1300 767 1367 Herebomust
783 1309 965 1367 renasoetnr
990 1301 1032 1366 ad
1054 1301 1196 1383 gloriam.
1247 1302 1388 1384 Septimo
1418 1301 1531 1365 tribuis
1556 1321 1626 1397 meo

314 1405 448 1470 oonsilio
467 1411 588 1468 tautum
605 1404 762 1469 bonorem.
805 1405 928 1486 Siquid
940 1405 1038 1489 probe
1054 1405 1206 1477 oonsnlni‚
1226 1403 1360 1486 gaudeo.
1402 1401 1626 1486 Magnanimo-⁰

314 1507 420 1591 patri5
443 1506 608 1572 referenda
628 1515 676 1571 est
694 1507 816 1588 gratia,
843 1507 897 1587 qui
919 1507 1082 1591 splendori
1105 1504 1275 1571 vernaculo
1298 1505 1461 1589 prospicit.
1503 1504 1626 1570 Octavo

313 1611 435 1692 queris,
464 1627 566 1692 aquo
592 1610 634 1672 sit
662 1610 777 1673 missus
799 1608 896 1673 index
922 1608 1081 1672 librarius.
1130 1608 1244 1672 Crotus
1271 1606 1403 1681 adme,
1432 1605 1489 1671 sed
1518 1626 1538 1669 a
1564 1626 1625 1689 qno

313 1711 492 1794 aoeeperil,
519 1711 635 1776 neseio.
679 1709 812 1774 Videbis
840 1710 1009 1792 epistolam
1041 1709 1190 1784 bominis,
1223 1716 1328 1793 preter
1358 1708 1440 1773 bano
1474 1717 1506 1772 et
1543 1711 1648 1804 alias·

166 1795 168 1804 ¹
215 1832 217 1836 ’
313 1813 422 1879 literas
447 1815 534 1878 misit
561 1813 600 1877 de
626 1811 720 1877 rebus
749 1811 840 1876 noris
862 1813 911 1875 vir
938 1812 1084 1895 apprime
1112 1810 1221 1877 bouus.
1270 1811 1418 1875 invenies
1439 1811 1622 1876 Ciceronem

223 1973 226 1980 .
313 1916 407 1982 modo
438 1916 465 1979 ll
494 1916 586 1980 modo
617 1915 717 1978 tribus
744 1914 849 1979 aureis
880 1931 950 1978 esse
976 1913 1149 1977 venditum.
1198 1913 1365 1994 Utcunque
1391 1913 1445 1991 sit,
1479 1912 1624 1978 babeam.

315 2017 364 2082 De
386 2017 492 2101 preeio
515 2017 633 2081 nullam
661 2015 795 2080 movebo
821 2016 1016 2096 questionem
1059 2014 1127 2079 Heu
1146 1999 1341 2080 festinanter.
1382 2014 1494 2079 Pauli6
1515 2016 1625 2080 literas

270 2171 272 2178 .
314 2141 375 2185 nou
398 2117 504 2184 redde.
547 2119 582 2183 Si
606 2116 795 2197 reddideris,
823 2116 904 2181 nibil
927 2116 988 2181 erit
1008 2122 1122 2181 aetum.
1163 2117 1291 2186 Possem
1310 2116 1375 2180 alio
1397 2125 1488 2180 aoeto
1511 2117 1625 2182 lrioare

313 2222 400 2287 senis
421 2239 523 2302 aures,
543 2221 570 2284 si
594 2218 717 2284 vellem.
760 2217 825 2282 Sed
847 2219 953 2282 omnia
975 2225 1100 2300 tempus
1124 2217 1251 2283 babent.
1296 2218 1382 2287 Vale.

393 2323 502 2387 Natali
528 2321 734 2405 Hieronymii
762 2321 876 2399 nostri,
905 2319 958 2402 qni
992 2319 1069 2384 mihi
1097 2339 1160 2384 non
1191 2319 1296 2384 minus
1320 2321 1420 2386 festus
1445 2328 1495 2385 est
1528 2339 1623 2404 qnam

314 2425 462 2491 lliobaeli
480 2423 756 2490 sivelMiehaelis.
789 2421 881 2486 Dooti
901 2421 1189 2502 siquideml'aoiunt
1202 2422 1429 2487 nominativum
1441 2423 1623 2490 bliobaelus.

385 2541 564 2594 llundsehriltl
586 2545 606 2591 1⁴¹
618 2544 667 2592 mo
689 2546 721 2592 iol
744 2544 821 2592 litte.
868 2544 943 2591 Gndr.
966 2541 990 2599 1)
1009 2544 1043 2589 lm
1063 2538 1174 2591 Libellus
1189 2544 1194 2599 Ι
1209 2546 1282 2600 alter,
1301 2545 1419 2605 epistolas
1434 2541 1439 2608 Ι
1455 2547 1624 2605 compluetsus

316 2617 413 2664 Eobnrli
429 2621 433 2677 Ι
450 2625 475 2664 nt
499 2617 604 2662 aliorum
626 2615 779 2675 quorundam
796 2611 800 2676 Ι
817 2615 1015 2661 doctissimorum
1033 2615 1143 2660 uirorum
1159 2609 1164 2677 Ι
1180 2629 1227 2660 noe
1242 2617 1301 2662 ‘non
1320 2631 1406 2662 vorsus
1425 2617 1489 2662 varii
1505 2615 1510 2675 Ι
1525 2617 1624 2676 genueris

314 2695 390 2748 utque
409 2701 437 2733 ar
452 2685 456 2746 Ι
472 2688 583 2746 grumenti
595 2721 600 2732 .
692 2685 901 2745 Exprimebautur
920 2686 980 2730 baec
997 2679 1001 2744 Ι
1017 2684 1118 2743 Lipsiae
1135 2685 1163 2730 in
1182 2685 1281 2731 officina
1297 2683 1301 2744 Ι
1317 2700 1397 2745 pupas
1411 2687 1458 2733 An.
1474 2688 1479 2747 Ι
1494 2687 1624 2734 bllllrvll.

315 2753 357 2804 8⁰.
393 2759 434 2804 sol.
453 2757 604 2804 lbr-lbu
622 2757 774 2814 rollstr'r'mliy.
830 2755 856 2812 2>
876 2756 899 2802 b.
919 2754 954 2800 Ta
972 2754 1102 2813 linliquiuo
1122 2755 1289 2815 Epistularum
1307 2755 1415 2802 Matiani
1433 2759 1457 2804 S.
1479 2757 1622 2804 lot—loo

320 2827 467 2886 -ottumdtq,
1117 2855 1120 2861 ‚

328 2984 330 2990 y
383 2928 395 2955 ⁸
419 2933 473 2979 laib.
499 2933 542 2978 alt
564 2932 675 2991 polieens
759 2913 771 2950 ¹³
794 2929 826 2974 Ta
851 2929 926 2988 quod.
997 2921 1053 2974 ⁰1⁴¹
1070 2930 1238 2988 magnonimo.
1308 2913 1322 2952 ‘¹
1344 2931 1395 2977 ditr
1417 2931 1457 2977 die
1477 2931 1554 2977 libres
1575 2947 1622 2978 nou

314 3003 368 3050 sive
386 3003 423 3050 ta
440 3019 490 3048 mum
510 3003 617 3048 &blusso
635 3001 707 3046 uena
724 3014 749 3044 es
768 3000 799 3044 im
815 2999 870 3046 Lib.
890 3001 935 3046 ult.
951 2999 1003 3044 urard
1019 2999 1057 3044 bei
1076 3000 1109 3045 l'a
1127 3015 1186 3046 nam
1206 3002 1366 3047 basclorum
1384 3002 1464 3049 doctis
1482 3003 1571 3062 placat

868 3137 1069 3144 ..——-—-.-

257 3233 259 3238 '
316 3223 392 3290 216.
415 3221 459 3288 11.
481 3240 526 3288 un
548 3219 723 3304 Pyrrhus.
806 3302 808 3307 ι
873 3236 877 3246 ·
941 3231 944 3235 ·
1163 3218 1388 3287 sorbamus.
1417 3221 1620 3290 llktoberi.

386 3347 448 3394 lint
471 3347 551 3392 danlst
573 3347 613 3391 l'dr
635 3343 788 3390 muneborlei
810 3342 1006 3402 Gefdlliglruiten
1032 3345 1082 3390 nrrd
1106 3345 1222 3390 armabunt
1245 3345 1305 3408 ibnj
1332 3346 1424 3406 linissig
1446 3347 1486 3394 dio
1509 3348 1623 3394 Erl'urtor

290 3451 294 3460 .
314 3417 547 3476 Bnehhsndlnngen
565 3417 630 3462 rraelr
649 3429 729 3460 neuun
747 3413 869 3460 Sehlitzan
888 3414 1110 3461 durehzustanru

395 3515 510 3580 Solerti
530 3519 562 3578 et
581 3512 623 3578 ad
645 3531 781 3593 unguem
804 3511 888 3574 l'aeto
911 3511 1065 3577 libellioni
1091 3513 1166 3575 lano
1188 3512 1309 3579 Burrho
1330 3514 1562 3599 Campego⁸‚
1589 3523 1620 3582 et

314 3627 424 3684 sancte
434 3616 603 3682 latinitatis
616 3622 648 3680 et
665 3614 757 3679 beate
768 3613 1007 3695 tranquillitatis
1023 3613 1109 3679 soeio
1125 3614 1301 3697 individuo,
1316 3616 1476 3682 Mutianus
1489 3618 1599 3682 Rufius.

377 3845 389 3888 ¹
410 3849 473 3921 Vgt.
494 3846 540 3905 Br.
553 3846 611 3900 200
623 3866 649 3903 u.
660 3845 727 3901 205.

376 3927 389 3969 2
410 3929 480 3984 Wer
499 3929 587 3983 damit
606 3928 730 3999 gemeint
750 3927 797 3998 sei,
818 3943 931 3996 ver-mag
950 3927 996 3982 ich
1018 3926 1096 3982 nieht
1115 3943 1150 3981 zu
1170 3945 1264 3998 eugen.

375 4005 389 4050 3
411 4009 496 4064 Baldo
516 4026 561 4064 am
586 4009 629 4062 15.
649 4006 777 4062 October.
1342 4003 1345 4010 '

373 4087 388 4130 4
410 4089 554 4144 Herebord
567 4087 910 4158 v.d.Marthon'erlangte
930 4088 968 4141 im
991 4085 1248 4142 Sorumorsemester
1269 4088 1345 4142 1512
1367 4089 1420 4142 den
1441 4090 1517 4145 Grud
1541 4093 1617 4146 eines

314 4171 468 4230 Liceneisti
489 4170 565 4240 iuris,
584 4170 647 4222 dem
669 4169 742 4224 daun
765 4168 829 4224 bald
846 4161 898 4222 'der
916 4167 1085 4222 Doctortitel
1107 4167 1202 4238 folgte.

374 4247 559 4305 ⁶Duronius.

375 4327 466 4384 ⁶Des
487 4330 591 4384 Paulus
612 4329 759 4400 Mystenen.

376 4408 388 4453 7
410 4411 464 4464 Am
486 4411 532 4465 30.
553 4408 723 4480 September.

374 4489 501 4546 tbsfur
527 4491 598 4546 auch
628 4489 741 4543 'Prrboro
766 4494 864 4560 gesngt
892 4507 913 4542 a
939 4488 971 4545 B.
998 4487 1043 4544 Br.
1063 4489 1128 4545 ltt.
1173 4489 1236 4561 vgt.
1268 4489 1338 4544 iiber
1363 4493 1488 4565 Pyrrhus
1513 4493 1559 4551 Br.
1578 4492 1615 4548 ‘ts

312 4575 338 4632 S.
354 4572 407 4628 117
430 4572 511 4628 dnm.
526 4572 551 4628 1.
