3625 5192
320 323 374 385 254
393 363 401 380 ι
693 325 953 402 ilesebiebtsquellen
970 333 1019 388 der
1037 333 1111 388 Peon.
1129 325 1253 390 Seebeen.
1410 417 1413 422 .

320 479 402 550 180.
422 477 467 550 ll.
489 496 534 546 an
555 477 723 547 ioaohlm
740 479 848 547 Watt.
1178 451 1424 569 thothallbll.
1446 479 1582 564 August
1592 483 1625 552 b.

369 573 371 582 Ι
390 603 451 650 tlua
471 603 591 649 bedanort
611 603 654 649 das
671 607 741 662 aptita
760 603 898 650 Eintrell‘en
917 604 986 650 eines
1000 605 1207 652 Wiener-Briareo
1224 606 1276 652 und
1293 606 1360 665 zeigt
1376 605 1431 651 sich
1449 606 1512 651 boob
1531 606 1625 652 erbeut

322 673 383 720 liber
401 674 442 720 die
451 673 650 720 Bokanntselralt
665 673 822 734 mittantur,
843 673 891 720 den
906 689 934 720 er
943 689 1005 734 geru
1014 675 1041 720 in
1052 675 1101 720 den
1114 675 1376 723 Freuudsehaltsbuud
1385 675 1538 722 auinehmen
1548 675 1605 722 will.

403 770 561 835 loaohimo
582 769 790 834 vadiano¹
812 771 997 854 postliminii
1027 772 1094 836 iure
1114 774 1310 856 surgentium
1337 772 1497 837 literarum
1520 773 1625 837 adser-

320 874 390 954 tori,
413 874 510 938 Musis
532 873 692 954 utriusque
714 873 896 937 Pannoniae
918 874 1107 958 maneipato.
1409 883 1416 896 ·

401 979 434 1040 S.
456 995 486 1058 p.
514 974 545 1040 d.
593 973 638 1038 lIl
668 973 776 1038 Nonas
804 974 941 1039 Sextiles
965 982 1058 1039 noete
1085 973 1309 1058 propemodum
1337 974 1529 1059 intempesta
1557 975 1624 1039 red-

320 1077 438 1144 duntur
457 1075 533 1141 mihi
547 1076 645 1152 litere,
667 1081 763 1139 testes
783 1075 906 1156 ingenii
927 1068 1079 1157 doetrine,
1100 1077 1157 1141 s‘ed
1178 1083 1210 1142 et
1224 1076 1430 1142 humanitatis
1451 1085 1511 1143 tue.
1545 1076 1624 1156 Vah,

321 1181 418 1256 diues,
441 1197 516 1261 que,
538 1177 672 1258 malurn,
702 1178 781 1240 ratio
803 1177 964 1242 tarditatis
983 1187 1048 1258 est,
1061 1178 1111 1242 'ut
1132 1179 1187 1242 diu
1207 1179 1319 1256 nimis,
1345 1186 1455 1263 utpote
1476 1180 1625 1244 trimestri

320 1285 386 1347 fere
406 1282 521 1365 spatio,
540 1285 682 1343 errantes
701 1285 766 1342 tam
786 1297 856 1344 sero
878 1281 1074 1363 peregrinari
1095 1279 1269 1345 desierint?
1310 1281 1378 1363 Ego
1399 1282 1475 1364 quia
1493 1280 1626 1346 evidens

319 1403 406 1449 more
425 1391 642 1464 argumentum
665 1400 726 1444 non
747 1380 952 1464 deprehendi,
975 1382 1148 1446 tabularios
1164 1383 1250 1465 ipsos
1270 1402 1396 1447 areesso
1420 1383 1624 1464 negligentie.

321 1487 429 1552 Solent
457 1485 540 1549 enim
568 1483 621 1547 isti
647 1501 788 1566 eursores
814 1502 925 1566 parom
953 1482 1025 1560 lidi,
1067 1483 1192 1548 etiarnsi
1221 1503 1276 1567 per
1304 1484 1406 1549 Deum
1432 1485 1526 1548 iurati
1550 1485 1624 1562 sint,

246 1623 248 1628 ·
322 1588 416 1668 adde,
439 1587 490 1651 vel
510 1585 655 1650 mercede
677 1584 808 1664 oberati,
830 1584 1131 1667 paulooeriusstare
1146 1586 1317 1670 promissis.
1358 1589 1401 1650 At
1421 1605 1477 1650 eur
1497 1605 1627 1668 magno

322 1709 398 1776 pere
418 1688 574 1768 indigner,
596 1705 667 1750 oum
688 1705 808 1750 errores
828 1685 1025 1767 longiturnos
1045 1686 1181 1770 epistola
1201 1705 1260 1750 sua
1279 1686 1341 1750 sibi
1362 1687 1526 1751 hilaritate
1544 1706 1626 1752 eorn-

322 1790 458 1878 penset‘l
499 1786 583 1866 Quid
605 1787 683 1852 mibi
704 1786 872 1851 iucundius
893 1786 943 1852 bis
969 1787 1106 1871 publicis
1130 1808 1269 1852 meorum
1295 1789 1397 1864 l’eriis,
1424 1788 1551 1870 quaudo
1571 1789 1624 1854 de-

323 1911 444 1960 messas
471 1900 596 1972 segetes
628 1889 747 1952 horreis
780 1888 946 1969 invehunt,
977 1891 1105 1954 evenire
1130 1891 1247 1973 potuit,
1278 1909 1372 1972 quarn
1402 1889 1486 1971 quod
1514 1890 1627 1956 divina

323 1994 524 2082 providentia
543 2012 593 2055 me
614 2010 753 2070 uoeessu,
774 1991 925 2055 laeundia
936 1991 1091 2072 politioris
1102 2001 1134 2055 et
1144 2011 1218 2056 rere
1234 1992 1333 2074 lepidi
1355 1994 1448 2056 amiel
1463 1992 1627 2058 beaverit?

323 2099 376 2164 En·
392 2097 451 2161 tibi
472 2113 599 2158 manum
621 2093 697 2156 l‘elin
718 2092 885 2156 ooneordie
905 2093 1090 2175 auspicium.
1133 2093 1166 2156 Si
1194 2094 1294 2158 bonas
1315 2094 1425 2168 artois,
1452 2094 1479 2157 si
1501 2093 1625 2176 probos,

322 2201 350 2266 si
372 2195 609 2282 Aperbaeehum
630 2213 716 2274 amo,
742 2196 769 2258 si
791 2195 940 2276 denique,
970 2202 1005 2258 ut
1030 2196 1128 2259 multa
1154 2195 1291 2260 breviter
1315 2197 1435 2273 dioarn,
1464 2193 1625 2259 Matienus

322 2321 406 2382 sum,
427 2308 457 2362 te
477 2298 612 2362 libenter
635 2296 666 2359 iu
688 2296 793 2360 album
814 2297 986 2361 amiooruru
1007 2297 1125 2380 resipio
1146 2305 1258 2380 eaptus
1277 2297 1451 2361 illeerebris
1471 2303 1503 2360 et
1521 2297 1624 2361 suari-

323 2411 388 2469 tate
411 2412 534 2465 tuarum
557 2399 726 2476 literarum,
749 2389 871 2481 eaptus,
891 2399 1106 2482 quopreditus
1119 2417 1162 2478 es,
1183 2399 1327 2462 instituto
1349 2399 1400 2461 rel
1420 2399 1525 2482 potius
1546 2398 1626 2461 iudi-

322 2507 381 2571 eio.
423 2503 508 2566 Nam
527 2507 709 2580 eouteurpta
729 2499 797 2562 rudi
811 2498 1013 2563 barbarorum
1031 2501 1258 2564 inseitial'aves
1280 2500 1381 2563 ordini
1405 2501 1503 2564 latino
1525 2519 1625 2581 neque

323 2611 488 2672 eontentus
517 2603 598 2665 seire
626 2602 737 2666 latine.
770 2619 949 2684 quanquam
975 2601 1074 2665 idad
1104 2602 1304 2686 splendorem
1332 2602 1468 2666 nominis
1492 2599 1624 2682 gradum

323 2709 434 2787 faeiat,
462 2723 524 2766 non
547 2702 751 2766 immoderato
774 2702 927 2768 laudandi
948 2723 1064 2785 genere
1085 2723 1142 2767 nos
1162 2704 1333 2767 alacriores
1355 2703 1467 2766 reddis.
1518 2702 1625 2765 Essem

323 2811 415 2876 bomo
438 2807 545 2871 rustioi
568 2806 690 2894 rigoris,
713 2803 739 2868 si
761 2813 825 2868 turn
847 2805 1149 2870 sanetasverborum
1173 2805 1307 2870 delieias
1328 2804 1370 2867 ab
1392 2804 1477 2868 omni
1496 2823 1626 2868 aversas

322 2911 481 2976 derisione
500 2907 682 2972 lastidiroru.
726 2907 823 2971 Novit
832 2907 1057 2990 Aperbaeehos
1078 2907 1289 2990 eomprobatis
1311 2906 1459 2979 moribus,
1480 2905 1649 2968 aeumine·

323 3022 355 3078 et
380 3009 583 3076 miscellanea
605 3005 776 3090 disciplina
802 3009 962 3072 excellens
988 3028 1038 3071 me
1065 3027 1190 3092 semper
1213 3007 1415 3072 abhorruisse
1441 3008 1483 3071 ab
1510 3007 1626 3090 ineptis

323 3110 568 3178 adulationibus.
610 3109 770 3188 Ceterum,
792 3110 819 3174 si
841 3110 1013 3174 earrdidum
1034 3129 1202 3192 preconem
1228 3112 1339 3174 merite
1360 3110 1464 3173 laudis
1490 3128 1551 3171 non
1572 3126 1626 3170 au-

322 3215 437 3291 direm,
459 3213 491 3275 in
514 3231 550 3276 eo
573 3214 712 3294 prol'eeto
735 3213 818 3274 nrale
838 3212 988 3275 audirem.
1032 3211 1124 3288 Quod
1146 3219 1304 3294 superest,
1330 3211 1424 3275 dabis
1442 3229 1571 3292 operam
1593 3210 1625 3274 in

323 3314 536 3381 confirmanda
558 3315 620 3375 iam
643 3313 722 3375 inito
746 3331 866 3405 meeum
883 3313 1035 3393 amicitia,
1057 3323 1090 3377 ut
1111 3312 1219 3376 erebro
1238 3320 1272 3377 et
1291 3311 1491 3376 abundanter
1512 3311 1554 3375 ad
1575 3329 1626 3375 me

324 3417 478 3482 scribant
521 3414 606 3480 Vale.

405 3517 505 3582 Nonis
528 3515 701 3580 Sextilibus
720 3515 839 3581 MDXl.
1376 3514 1543 3580 hlutianus.

395 3639 573 3687 llandsehriltl.
594 3639 619 3684 in
639 3639 694 3684 dem
713 3638 887 3686 Summelband
909 3652 930 3684 a.
950 3637 966 3684 8
985 3638 1085 3687 sohbssl
1109 3637 1486 3686 derBremerStadtbibliothek
1504 3638 1541 3682 als
1549 3638 1625 3683 Auto-

323 3713 409 3774 graph.
425 3732 428 3742 ·
445 3710 520 3757 Gedr.
540 3709 563 3756 b.
584 3709 721 3767 brunellus,
745 3709 828 3754 Briolo
845 3723 877 3754 en
893 3708 1021 3755 Vedianas
1041 3709 1067 3754 in
1085 3710 1129 3755 der
1148 3709 1309 3772 Alainanniu,
1324 3695 1483 3766 ¹ilerausgog.
1504 3722 1553 3752 von
1572 3707 1626 3752 Bir-

324 3785 412 3842 liuger,
432 3781 476 3826 Bd.
493 3781 524 3840 ll,
543 3780 565 3826 S.
582 3779 702 3825 55-56.
744 3777 863 3824 llassalbet
875 3779 956 3837 findet
973 3779 1025 3824 oieb
1044 3780 1106 3824 anob
1125 3780 1191 3838 cirre,
1214 3778 1347 3837 alleretr'apa
1371 3778 1438 3822 racbt
1460 3775 1625 3836 remedia,

323 3850 506 3910 Irrlrultsuupaba
525 3849 568 3894 der
586 3848 754 3907 Harrdeobrujfl.

324 3975 523 3985 ——n—

387 4063 398 4105 ¹
422 4065 484 4137 vgt.
507 4064 577 4118 iiber
596 4063 724 4118 d'oaehirn
745 4080 798 4116 von
821 4059 915 4117 wart:
943 4060 1039 4115 Leben
1061 4062 1116 4114 und
1138 4060 1277 4118 Schriften
1298 4061 1346 4114 der
1363 4060 1451 4115 Viiter
1471 4061 1519 4114 der
1541 4058 1626 4114 refor-

325 4149 424 4203 mirten
450 4145 561 4200 liirehe.
582 4161 635 4197 von
658 4141 774 4210 Pressol,
794 4139 937 4195 Elberfotd
961 4140 1046 4209 1861,
1066 4141 1115 4195 Bd.
1129 4141 1180 4194 IX.
1323 4155 1327 4160 ·

388 4223 402 4266 2
423 4226 475 4280 ulit
497 4225 621 4292 Petrojus
643 4222 787 4276 Eherbaoh
811 4221 886 4273 batte
906 4220 1046 4274 Vadiauus
1072 4221 1153 4275 einen
1173 4239 1262 4291 engen
1286 4219 1577 4274 Freundsehal'tsbnnd
1598 4219 1626 4271 iu

325 4307 407 4362 Wion
435 4305 620 4376 gesebloaseu.
662 4303 748 4356 deuter
782 4319 838 4355 war
866 4301 939 4353 wohl
972 4302 1043 4355 auch
1076 4303 1125 4354 der
1152 4301 1258 4354 Mittler
1286 4300 1421 4354 zwisebon
1443 4301 1546 4354 diesern
1570 4299 1627 4352 und

388 4388 395 4401 '
464 4403 514 4436 rw
532 4401 588 4437 sen.

325 4388 577 4518 MlltilanZubeeirerem
605 4477 718 4532 regeren
747 4458 910 4514 briefliehen
927 4442 1053 4516 Verbehr
1079 4460 1188 4516 sebeint
1211 4477 1241 4515 es
1263 4459 1399 4514 zwischen
1421 4459 1523 4514 beiden
1549 4459 1628 4512 nieht

324 4547 492 4620 gelrommen
512 4561 546 4598 zu
566 4541 633 4599 reio.

880 4615 1082 4626 —-—..-.
