3625 5192
642 362 731 416 Bricse
749 361 870 417 Mutians
889 363 948 416 620.
967 363 1026 416 621.
1435 365 1484 418 301

179 531 244 576 reru
277 518 453 594 precantur.
500 512 586 576 Bene
613 512 769 592 sentiunt,
799 511 856 576 sed
885 531 927 575 an
958 520 1042 575 reete
1073 511 1227 584 iudicent,
1260 511 1380 575 dubito.
1426 512 1486 578 lte·

179 633 248 677 mm
260 613 377 779 ilaalium
398 716 552 799 postridie
572 715 775 798 Elyuabethc.
817 717 909 779 Anno
927 714 1129 780 MDXXllll.

1001 817 1197 884 chricus
1219 817 1404 884 Urbanus

1162 927 1242 986 tuus.

246 1031 389 1088 ,latopruph
408 1031 452 1074 der
470 1031 568 1076 Brassica·
581 1031 863 1076 littra-rimuoibliorlnt
884 1031 931 1076 sub
950 1032 979 1078 (l.
999 1031 1017 1077 l.
1036 1031 1066 1078 31
1089 1032 1130 1078 sol.
1150 1031 1191 1078 94.
1227 1031 1272 1076 llic
1292 1031 1413 1090 Absoloifl
1432 1049 1483 1077 rer*-

177 1100 255 1146 dunkr
277 1102 314 1145 r'clr
335 1101 378 1144 dor
396 1101 591 1146 Jvlrruullr‘rlrlunl
610 1102 651 1144 dra
672 1101 750 1146 Herm
770 1101 894 1159 Prosrnnor
914 1101 1031 1146 (la—elno
1049 1103 1074 1146 in
1095 1100 1231 1160 h'llrcrscld.

577 1273 679 1332 Bsilsge
699 1273 723 1318 4.
753 1273 835 1329 (Sielro
853 1271 952 1320 Arm?
973 1272 996 1319 S.
1006 1267 1077 1328 297.)

933 1369 1067 1432 Erl'urt
1088 1371 1174 1436 1526.
1207 1371 1332 1453 August
1355 1373 1401 1438 19.

258 1471 482 1536 Eruditissinro
502 1473 571 1536 uiro
592 1473 731 1553 Georgio
753 1472 980 1556 Spalatino,
1001 1472 1091 1535 lratri
1112 1490 1168 1537 suo
1188 1472 1361 1538 carissimo.

255 1573 316 1638 Dei
339 1576 485 1656 gratiam.
527 1575 598 1638 Hoc
627 1582 783 1638 momento
809 1575 920 1657 accepi
948 1583 1018 1638 tuas
1041 1573 1167 1654 literas,
1191 1575 1354 1639 carissime
1375 1575 1482 1654 liator,

174 1697 254 1757 (pras
275 1685 308 1740 tu
329 1686 404 1740 ante
425 1683 489 1740 tres
509 1675 726 1739 hebdomadas
747 1678 913 1759 scripsisti.
955 1678 1025 1756 Ago
1047 1676 1178 1757 gratias,
1200 1675 1284 1758 quod
1305 1696 1361 1759 pro
1381 1677 1481 1741 arohi-

174 1780 297 1858 nragiro
325 1788 357 1843 et
378 1778 525 1842 Clriliano
549 1777 740 1842 consiliariis
766 1779 940 1861 scripseris,
988 1777 1148 1861 Deinceps
1172 1797 1233 1842 nou
1263 1799 1316 1844 ero
1338 1779 1395 1843 tibi
1418 1799 1480 1844 rno-

174 1881 271 1945 lcstus
299 1883 330 1944 in
358 1879 537 1945 huiusmodi
563 1879 683 1942 odiosis
710 1880 823 1943 causis.
865 1880 935 1942 'l‘na
965 1880 1070 1961 neptis
1090 1899 1159 1943 cum
1183 1879 1324 1944 Doliario
1346 1881 1481 1962 praude-

173 1984 251 2047 bant
277 2002 398 2047 mecum
426 1983 479 2048 die
507 1981 674 2045 dominico.
722 1981 862 2062 Rogavit
888 2001 939 2046 rue
966 1983 1085 2064 neptis,
1112 1988 1147 2046 ut
1167 1982 1215 2046 illi
1238 1982 1346 2048 darem
1373 1989 1480 2048 mutuo

172 2086 293 2168 aliquot
314 2105 464 2150 nummos.
507 2083 591 2148 Dedi
612 2086 695 2148 dono
717 2084 978 2165 5Sncbergcros.
1020 2084 1150 2165 Optima
1171 2090 1272 2148 mater
1291 2091 1347 2150 est.
1390 2084 1480 2151 Nihil

172 2188 314 2252 nocuerit
340 2187 414 2268 tibi,
447 2188 476 2251 si
502 2186 550 2250 illi
581 2185 706 2249 miseris
735 2186 772 2265 ¹ir
800 2185 951 2250 florenum
978 2185 1144 2268 ignorante
1171 2187 1291 2250 marito.
1341 2186 1374 2250 Si
1402 2187 1479 2270 quid

172 2289 247 2351 novi
270 2289 405 2368 accidit,
423 2288 520 2370 ¹(ruod
547 2289 591 2352 sit
609 2307 666 2370 pro
688 2288 869 2368 cvangelio,
896 2288 963 2367 lac,
989 2295 1023 2352 nt
1048 2289 1194 2353 sciamus.
1237 2288 1305 2370 Ego
1334 2297 1418 2354 certo
1439 2311 1479 2355 cx

172 2393 279 2455 aninlo
301 2395 393 2456 lavco
414 2394 542 2472 negotio
563 2391 761 2470 evangelico,
788 2389 845 2453 scd
868 2410 929 2454 non
952 2409 1078 2472 possum
1099 2391 1205 2454 odisse
1227 2389 1400 2456 Erasrnnrn.
1443 2395 1477 2456 si

172 2513 255 2574 orro,
278 2495 340 2558 sois
363 2512 505 2558 measse
534 2500 566 2557 ct
587 2512 712 2574 sornpcr
732 2493 797 2556 loro
824 2502 920 2558 tuunr.
962 2493 1088 2557 Salutat
1113 2500 1144 2557 te
1166 2492 1354 2558 Clrunrarlus
1378 2493 1477 2560 Urba-

171 2616 239 2662 nus.
282 2596 418 2660 Deorilrc
446 2596 540 2674 rnilri,
571 2595 641 2676 quis
666 2600 698 2658 et
724 2594 828 2676 qualis
848 2595 890 2659 sit
912 2595 965 2660 ille
988 2595 1144 2661 lohannes
1165 2596 1324 2677 Agricola.
1367 2597 1479 2660 Saluta

169 2697 327 2761 Adamum
350 2697 526 2760 l'nlrlanum
548 2703 581 2760 et
600 2697 786 2776 magistrum
806 2697 979 2762 lslcbiuum
1006 2717 1075 2763 rneo
1102 2698 1238 2763 nominc.
1279 2698 1384 2762 Audio
1407 2699 1478 2763 Plri-

169 2801 291 2885 lippum
317 2799 589 2864 Melanchthonern
609 2798 800 2878 gravissime
820 2807 974 2880 egrotare.

255 2903 370 2964 llalnnr
390 2901 472 2965 feria
495 2901 519 2964 V
541 2908 614 2983 post
634 2904 882 2984 assurnptiouern
904 2903 1012 2968 Marie.
1054 2903 1146 2966 Anno
1167 2903 1285 2967 xxvi.

1001 2987 1193 3069 llenrious
1218 3005 1397 3070 Urbanus

1134 3113 1214 3171 tuns.

240 3215 381 3274 Arrroprapn
404 3215 448 3260 cler
470 3217 569 3260 Boseler
595 3216 878 3263 latices-wandalicae
900 3217 946 3263 snb
970 3217 1000 3264 si.
1018 3217 1037 3264 l.
1057 3216 1088 3262 31
1118 3217 1159 3264 sol.
1181 3216 1236 3264 112.
1282 3217 1327 3262 Jn'e
1351 3217 1475 3278 Absoloafl

169 3287 290 3332 rerrlmrlc
309 3287 346 3331 irlr
364 3287 408 3330 dra·
427 3287 623 3332 loeroullieulrea
643 3287 686 3332 dea
703 3288 783 3334 Iler-m
804 3287 927 3346 Professor·
949 3288 1065 3332 {leceline
1082 3288 1108 3332 ia
1130 3286 1264 3346 Iu'llrrrfclrl.

169 3503 246 3570 621.
269 3501 432 3588 Spalotln
454 3525 501 3572 an
523 3505 672 3574 llutlan.
896 3505 1041 3574 Schloss
1063 3506 1208 3575 Lochau
1225 3507 1323 3574 1524.
1353 3505 1422 3573 llal
1439 3507 1473 3577 ll.

238 3627 353 3686 Spulutin
375 3627 480 3688 bozongt
499 3630 555 3675 rlom
575 3631 686 3692 lintion,
711 3632 767 3678 (lass
785 3631 838 3678 suin
857 3632 946 3678 letatus
964 3627 1102 3678 Sohroibon
1121 3645 1152 3677 an
1173 3631 1301 3678 Friedrich
1321 3631 1343 3676 (l.
1356 3631 1398 3678 W.
1417 3632 1474 3678 sehr

166 3698 275 3754 golallcn
295 3699 359 3744 lralro
378 3699 429 3744 und
446 3701 631 3747 lustrationes
649 3703 695 3748 ruit
711 3702 802 3748 violam
822 3702 970 3761 Vorgnilgon
991 3703 1035 3748 rlas
1053 3703 1092 3750 fur
1111 3701 1153 3748 ilrn
1173 3695 1309 3760 (Spalatirr)
1332 3701 1474 3748 bostirnurlo

165 3769 274 3826 golosou.
310 3771 343 3814 lir
360 3768 445 3826 bittot,
464 3770 520 3816 ‹leur
536 3771 699 3830 Evangeliunr
718 3773 819 3831 genoigt
839 3787 869 3817 zu
887 3773 941 3818 sein
960 3774 1011 3818 und
1032 3771 1090 3819 bald
1106 3775 1222 3818 Antwurt
1240 3787 1270 3818 au
1288 3772 1377 3832 gelren,
1396 3772 1428 3818 ob
1447 3787 1474 3818 er

166 3838 210 3882 rios
228 3837 377 3884 Kurtilrston
396 3838 516 3900 Sondung
535 3843 692 3901 emplaugen.
728 3844 800 3889 Auch
817 3844 899 3902 grrisat
918 3856 945 3888 er
963 3857 1012 3890 ron
1031 3842 1180 3890 llirschield.

246 3935 432 4002 Reverendo
464 3942 495 4000 et
519 3937 732 4003 eruditissimo
759 3938 827 4003 viro
852 3938 980 4003 domino
1007 3938 1152 4003 Conrado
1177 3937 1355 4004 Mutiano
1383 3937 1473 4018 liuto,

165 4036 298 4116 doctori,
318 4039 472 4104 canonico
490 4039 654 4118 Gothensi‚
674 4059 731 4104 suo
749 4041 946 4124 praeceptori
968 4040 1196 4105 amantissimo.

247 4138 308 4203 Dei
329 4142 466 4221 gratiarn
487 4147 519 4204 ct
538 4161 659 4225 paccnr.
702 4142 893 4207 l’lacuerunt
914 4143 1024 4207 literae
1046 4149 1135 4221 tuae,
1159 4142 1332 4207 reverende
1345 4141 1473 4207 dominc

163 4241 274 4304 doctor
294 4248 326 4305 ct
347 4250 477 4325 patrone
493 4242 642 4322 Mutinae,
664 4250 730 4307 turn
751 4245 887 4328 principi
911 4253 1017 4310 nostro
1028 4244 1298 4310 eluistianissimo
1318 4249 1383 4308 tunr
1394 4244 1471 4310 urilri

164 4342 218 4407 dic
244 4344 347 4408 sancti
369 4342 538 4426 Gregoriil
559 4345 655 4410 datae
676 4354 708 4410 et
729 4345 887 4429 placuisse
909 4347 959 4412 vel
981 4347 1135 4430 principis
1157 4347 1254 4411 nostri
1276 4348 1387 4412 literae
1408 4367 1472 4411 non

165 4463 261 4470 u-n—
273 4464 366 4471 —

233 4515 241 4555 ¹
264 4517 507 4574 Wulrrsclreinliclr
527 4539 572 4574 arn
595 4519 642 4576 24.
657 4520 751 4591 April,
774 4523 837 4575 (leur
859 4521 935 4593 Tago
957 4521 1083 4590 Grogorii
1106 4521 1228 4593 episcopi
1251 4522 1306 4575 und
1328 4522 1406 4576 niclrt
1425 4541 1470 4578 aru

168 4597 214 4654 12.
239 4599 325 4666 Mitt-r,
345 4601 408 4652 rlcrn
430 4599 506 4670 'l'ugc
528 4601 655 4667 Gregorii
677 4619 773 4671 papae.
