3625 5192
652 356 742 412 arton
762 355 882 410 uuluam
899 354 960 408 rao.
977 355 1039 414 431,
1462 331 1500 405 so

195 505 283 572 danti
312 511 343 570 et
368 506 498 586 libenti,
527 513 559 570 ut
587 506 765 570 absolutum
793 525 828 570 se
855 501 1017 587 (pensavit
1036 501 1136 586 enim)
1163 504 1255 568 letari
1277 503 1385 585 possit.
1428 501 1500 564 Non

195 610 255 673 hue
285 609 374 673 venit
402 609 590 674 Phnreeusis
615 607 831 686 adulesoeusl,
865 607 984 689 alioqui
1011 605 1148 670 Publius·
1167 612 1253 668 tuam
1278 623 1404 667 maurum
1433 603 1500 667 imi-

196 711 293 775 tando
315 710 496 776 effinxisset.
539 711 616 776 Cum
635 710 709 775 Tito
727 710 848 776 Mariol
869 709 1037 789 transigas.
1082 707 1200 772 Vellem
1224 707 1410 771 haberemus
1427 706 1500 785 XX,

196 820 230 877 ut
250 832 321 877 rueo
343 811 482 895 presidio
504 833 638 877 emerem
660 817 776 875 donum
800 812 943 895 nuptiale
960 817 1145 892 argenteum
1163 808 1312 873 videlicet
1328 808 1502 889 etquidem

196 915 371 997 preciosum
394 914 596 980 earohesiuur.
634 915 784 996 Suspicor
804 914 993 996 inquilinum
1009 913 1154 976 daturum
1168 913 1274 977 verba.
1307 911 1501 976 Sceleratum

196 1015 399 1081 Sobilonem³
420 1017 612 1082 suburovebn
635 1025 727 1096 teque
749 1017 937 1080 substituam
958 1016 991 1079 in
1008 1015 1077 1079 sius
1095 1015 1204 1079 loenm.
1247 1015 1361 1077 lterum
1379 1014 1503 1097 postulo

196 1119 349 1182 rationem
384 1118 602 1182 villieaeiouis.
656 1118 720 1182 Veh
757 1118 831 1196 tibi,
864 1117 987 1182 Sshilol
1034 1117 1154 1200 Scripsi
1189 1117 1231 1179 ad
1260 1116 1426 1180 liobanuur
1457 1116 1503 1178 in-

196 1221 292 1284 clusis
323 1221 475 1304 Carupegi
504 1221 622 1300 literis,
660 1219 916 1302 quandoquidem
944 1219 995 1283 hio
1023 1219 1111 1282 illum
1141 1219 1259 1282 laudat.
1311 1218 1502 1282 ruinarum

195 1341 256 1403 quo
278 1327 413 1403 vertam,
435 1324 550 1386 neseio.
594 1323 736 1386 l'otiores
755 1323 943 1387 obtinebunt
963 1321 1087 1404 potiora
1108 1323 1192 1400 looa,
1213 1321 1359 1402 quamvis
1380 1327 1413 1384 et
1433 1340 1503 1383 mee

195 1423 363 1505 dignitatis
392 1425 545 1494 rationem
566 1425 731 1488 habituros
752 1431 828 1506 puto
857 1425 995 1488 fautores
1016 1422 1146 1488 sulinos.
1189 1424 1275 1504 Lege
1297 1422 1503 1487 cancellatur

196 1526 304 1590 literas
326 1532 358 1590 et
378 1525 475 1590 redde
497 1546 565 1589 eum
588 1527 670 1591 aliis.
714 1526 802 1591 Nihil
829 1527 869 1590 de
894 1527 953 1589 hoe
968 1525 1208 1607 Eugeluranuo⁶
1234 1525 1333 1590 dions.
1375 1526 1504 1589 Ambiet

196 1635 227 1692 et
255 1629 326 1692 sibi.
376 1627 441 1693 Sed
467 1649 526 1708 ego
554 1649 614 1692 uon
640 1629 754 1692 alienis
782 1629 945 1708 indagabo
973 1628 1128 1709 vestigiis.
1175 1627 1279 1691 Meam
1308 1628 1503 1710 provinciam

196 1729 327 1810 eurabo,
356 1731 483 1794 fortuna
504 1731 545 1794 sit
567 1731 696 1794 domina
717 1731 830 1814 oaurpi.
875 1731 1023 1794 Cesarem
1045 1730 1295 1794 Tabemarium⁷
1321 1730 1503 1808 admoneas,

195 1839 228 1894 ut
248 1832 387 1895 l'aoturus
409 1832 469 1896 iter
490 1853 539 1896 me
565 1833 805 1898 intereundum
828 1833 922 1897 visat.
965 1831 1021 1896 Vel
1047 1833 1075 1895 si
1104 1832 1201 1895 alium
1229 1832 1328 1896 hahes
1355 1832 1501 1895 nuuoinm

194 1933 300 2012 lidum,
321 1933 427 1999 dioitn.
473 1934 572 2000 Valde
587 1935 756 2017 oeeupavit
772 1953 822 1998 rue
833 1934 986 2018 proximis
1001 1934 1114 1999 diebus
1131 1933 1370 2017 epithaphium⁸
1386 1934 1501 2016 prinei-

195 2035 267 2115 pale
277 2038 299 2100 ⁸.
342 2036 447 2100 Tanta
469 2036 599 2101 domina
619 2037 694 2119 quid
718 2056 778 2099 uou
799 2037 983 2119 impetraret
995 2035 1096 2099 esiam
1108 2056 1129 2098 a
1144 2037 1324 2100 Xenocrate
1339 2043 1371 2099 et
1385 2035 1502 2116 trigido

195 2135 406 2220 philosopho?
454 2138 490 2202 si
520 2140 640 2222 placuit
669 2139 747 2202 lulio
772 2139 881 2203 Cesari
916 2143 947 2202 et
968 2138 1074 2203 Marco
1093 2139 1233 2202 Antonio
1260 2137 1502 2221 imperatoribus

196 2239 306 2319 regina
335 2239 454 2323 Egypti
476 2241 673 2324 Cleopatral,
699 2241 882 2305 Alexandro
902 2239 1097 2318 Thalestris,
1124 2260 1165 2304 an
1192 2259 1253 2304 nou
1276 2240 1353 2303 mihi
1377 2239 1503 2324 placeat

197 2340 348 2405 bellicosa
365 2343 571 2406 Semiramis?
612 2343 840 2408 Extraioouru.
883 2343 935 2405 lta
955 2342 1125 2422 blanditur,
1145 2354 1179 2406 ut
1199 2342 1299 2406 vides.
1336 2343 1503 2406 Blanditur

196 2451 311 2522 autent,
335 2451 368 2506 ut
389 2465 439 2510 me
460 2464 566 2508 amare
588 2445 742 2509 videatur.
785 2445 944 2526 intelligo,
966 2464 1028 2509 non
1049 2443 1159 2509 desum
1182 2445 1350 2509 occasioni.

497 2560 550 2624 ioh
572 2534 758 2625 ibersehiok
781 2562 814 2624 iu
838 2561 882 2624 ire
905 2561 998 2641 eigeu
1021 2560 1108 2639 hant,

496 2662 581 2726 ldeiu
602 2661 830 2728 undertheuiek
854 2663 957 2742 willig
978 2660 1099 2746 pl'andt.

496 2765 550 2829 Sie
570 2766 708 2829 verlielle
729 2764 806 2830 ader
824 2785 950 2850 gewym

499 2867 559 2930 Die
581 2868 813 2949 grosmeslntige
834 2867 1015 2948 lantgraliu,

496 2971 538 3033 So
560 2970 601 3034 ist
622 2970 705 3034 urein
726 2969 813 3033 ‹liust
835 2969 980 3033 alleueeit
1002 2967 1123 3032 bereith

499 3070 570 3135 llud
592 3072 647 3144 itut
668 3081 762 3152 ganuz
783 3071 892 3135 airlioh
914 3069 1122 3153 ausgespreit.

275 3186 395 3266 Faoitu,
419 3194 450 3248 ut
468 3187 576 3264 sciam,
592 3187 667 3269 quid
683 3196 761 3268 agat
776 3187 976 3251 llerebordus
989 3194 1021 3250 et
1036 3186 1088 3249 ubi
1104 3185 1201 3264 degat
1222 3185 1327 3246 iustus
1347 3183 1500 3262 Meuiusl,

194 3293 226 3350 et
247 3287 351 3350 saluta
374 3287 522 3352 Urbicum
534 3291 569 3352 ¹⁰.

274 3389 321 3452 Ex
345 3391 459 3454 (lotha.
501 3389 766 3456 Duodevioesimo
789 3390 949 3456 Caleudas
970 3390 1124 3456 Octobres
1145 3389 1250 3453 Xllll.

264 3512 443 3559 Haudselrriltl,
459 3514 478 3559 l*
496 3515 542 3560 lul
564 3515 602 3561 l‘ol.
619 3512 813 3562 255v-lsrtir.
850 3513 1118 3563 (anastasius
1144 3530 1189 3559 rou
1210 3513 1291 3559 Valde
1315 3515 1448 3574 occupavit
1465 3514 1501 3559 bis

194 3584 278 3630 desuur
298 3584 420 3630 arrasiuui
442 3585 491 3630 uud
510 3601 554 3630 nou
573 3585 658 3630 l'auitu
678 3591 705 3630 ut
724 3585 760 3630 tia
778 3603 829 3630 :reru
848 3587 962 3631 dilatasse.

264 3683 275 3708 ’Ἰ
296 3689 328 3733 'I'e
347 3689 509 3748 epitaphium.
582 3673 594 3710 h
613 3691 645 3736 Te
665 3691 806 3750 Cleopatra.

257 3841 361 3899 lunen
374 3845 420 3901 Br.
433 3845 490 3899 434
500 3853 632 3916 germunt.
695 3843 779 3918 tvgl.
796 3847 920 3905 uetat
983 3843 1208 3919 ivglltulat.
1272 3843 1361 3919 ⁴Vgl.
1374 3847 1418 3903 Br.
1431 3847 1499 3902 419.

194 3920 208 3961 ⁵
229 3925 436 3996 Engrlleudors.
469 3925 533 3998 t'gl.
555 3928 608 3980 deu
627 3927 739 3998 voriguu
760 3927 842 3984 Briof.
926 3923 940 3965 ὃ
963 3928 1084 3982 Muiuzor
1100 3929 1333 3982 Kiieheuureistrr
1353 3929 1381 3981 iu
1398 3928 1500 3982 Erfurt.

196 3999 207 4042 7
233 4004 298 4072 Vnt.
320 4007 372 4058 (lou
396 4007 507 4076 vorigeu
532 4007 617 4064 Briri.
705 4001 719 4045 3
741 4008 802 4078 Vgt.
822 4008 868 4064 Bu.
886 4008 952 4063 401.
1034 4005 1048 4047 9
1069 4008 1132 4079 vgl.
1153 4009 1178 4062 G
1204 4009 1227 4061 L
1249 4009 1382 4064 Schmidt.
1408 4009 1500 4077 iustus

194 4085 303 4138 Murrius
329 4085 421 4141 Gotlru
435 4087 520 4141 taut.
557 4087 612 4140 Dor
623 4087 799 4142 llesorruator
809 4089 987 4158 Tlriiriugous
1009 4108 1063 4142 wau
1079 4089 1123 4142 oin
1141 4088 1221 4142 Neffe
1233 4089 1363 4156 Mutiaus,
1384 4088 1434 4140 wie
1450 4107 1500 4141 :rus

193 4165 295 4218 asinum
317 4166 408 4221 Brirfo
430 4185 464 4220 au
480 4167 522 4220 Pr.
540 4165 686 4238 Myconius
702 4187 764 4222 voru
781 4168 826 4222 24.
838 4169 905 4224 durni
922 4169 997 4221 1525
1015 4169 1097 4238 (uach
1120 4169 1197 4223 einer
1210 4168 1356 4222 Absehrift
1375 4169 1414 4220 im
1432 4167 1498 4221 Cod.

193 4243 279 4302 Goth.
297 4247 375 4300 chart
406 4247 530 4300 1111118
554 4247 690 4318 grdruekt
717 4249 745 4301 iu
767 4250 815 4301 dor
834 4249 994 4304 Zeitsehrift
1020 4251 1068 4303 des
1091 4249 1205 4304 Verrius
1234 4249 1280 4302 tur
1307 4249 1500 4319 thiiriugisslre

194 4323 363 4380 Guselriehtu
390 4329 444 4380 rurrd
476 4327 732 4386 Alteriuruskuudo.
774 4329 852 4383 Neue
874 4330 969 4399 Fulge.
1013 4329 1102 4386 tud.
1127 4330 1154 4385 S.
1172 4328 1354 4393 tls-247)
1387 4329 1498 4381 bunuor-

195 4407 277 4474 golrt,
298 4408 353 4460 rurd
375 4408 483 4461 selreiut
504 4407 562 4462 sieh
584 4410 633 4460 dur
655 4409 795 4463 leblurftuu
819 4411 1038 4480 Uuterstiitzuug
1059 4411 1114 4462 und
1137 4410 1297 4477 Fiiruloruug
1322 4409 1424 4462 soitons
1452 4409 1500 4462 des

194 4485 298 4539 Ourkels
324 4487 427 4541 erd'reut
455 4507 487 4541 zu
516 4489 616 4546 hainou,
668 4489 896 4544 lrurualrilurliurt
929 4492 1020 4544 nvtrulo
1048 4509 1077 4542 rr
1098 4493 1196 4543 (storo
1222 4489 1296 4542 1514
1320 4490 1500 4542 alsiodorus

193 4565 321 4637 lionigus
342 4569 376 4622 du
397 4567 492 4636 Fulda,
510 4569 671 4624 Baculurius
692 4570 740 4623 das
755 4571 824 4624 Julrr
844 4571 950 4625 [larunt.
1035 4565 1063 4608 ld
1083 4569 1106 4623 F
1107 4572 1221 4624 riiherer
1242 4571 1346 4624 Dieuer
1370 4569 1499 4624 llutiaus.

745 4687 944 4696 —-—.—.—-.
