3625 5192
606 363 696 416 Brieie
716 364 835 418 Matiane
853 365 913 417 507.
933 364 1000 420 508.Ι
1011 365 1070 419 509,
1120 441 1124 450 Ι
1273 421 1279 434 ,s
1444 364 1495 417 173

187 508 274 580 509.
296 503 565 688 M.lanUrllrr;n.
767 509 900 593 (solta
912 511 1003 600 1515.
1045 509 1174 592 lllrrlge
1197 510 1277 578 Zeit
1298 510 1389 578 rraeb
1412 509 1494 576 dem

382 653 391 672 .
437 625 514 676 un.

257 749 349 809 Fogel,
371 751 479 796 weleber
496 749 607 796 Mutians
627 749 737 797 Plicbter
759 751 810 796 und
833 750 962 798 mittelbar
985 751 1070 796 diesen
1093 751 1218 810 selrttdigt,
1246 752 1292 797 soll
1315 750 1354 796 bei
1379 751 1495 796 naehsror

187 819 354 880 Gelegeubeit
372 835 429 867 vom
448 820 556 878 signiter
573 820 646 866 (latiir
664 836 708 867 zur
725 821 937 880 Verantwortung
955 835 1064 880 genugen
1083 821 1134 866 und
1149 821 1273 881 Nspotion
1295 821 1335 866 die
1353 821 1431 867 Saclre
1450 835 1496 867 vor

187 889 293 936 Geriebt
311 891 408 938 lbbren.
446 890 553 937 Voltzke
570 890 672 938 sebeine
690 891 731 937 (lie
749 890 800 937 ihm
819 891 977 951 libergebonu
996 891 1116 937 Urlrunde
1135 905 1165 938 zu
1185 891 1379 939 unterdrllekou.

267 1004 404 1069 ilenrico
424 1004 557 1068 Urban
577 1003 737 1069 blutianus
758 1004 864 1070 Rufus.
938 1047 940 1061 ·

268 1106 300 1170 S.
354 1106 403 1170 De
441 1106 556 1189 quibus
593 1106 763 1170 Hessiaeus
795 1109 1001 1188 procurator¹
1033 1126 1121 1171 meus
1152 1107 1275 1186 scribit,
1307 1107 1427 1188 Foge13
1462 1113 1494 1172 et

187 1208 375 1290 Stoltzing2,
396 1228 438 1272 an
459 1208 533 1272 albe
552 1207 617 1272 sint
637 1229 679 1272 an
705 1215 773 1272 atre
793 1208 937 1273 volucres
959 1209 1081 1285 nescio,
1107 1209 1246 1272 alienum
1267 1217 1371 1272 tamen
1392 1209 1494 1273 visum

188 1311 226 1374 iri
247 1330 310 1374 uon
332 1310 443 1386 debet,
469 1310 498 1373 si
517 1310 598 1373 tueri
620 1328 706 1373 meos
727 1310 873 1375 conabor.
917 1311 1055 1378 Vocatus
1076 1318 1125 1376 est
1144 1311 1244 1392 Fogcl
1267 1311 1299 1373 in
1321 1311 1369 1375 ius
1390 1311 1495 1374 edicto

187 1411 339 1493 Signiferi
349 1413 373 1492 ³,
401 1410 487 1493 quod
513 1413 654 1475 notarius
680 1412 765 1476 curie
786 1414 937 1494 signavit.
979 1412 1014 1477 Si
1036 1412 1249 1492 advolaverit,
1271 1413 1403 1496 arripiat
1424 1433 1494 1477 eum

187 1513 407 1596 Nepotianus4
431 1520 463 1576 et
482 1513 619 1596 postulet
640 1513 837 1593 iniuriarum,
858 1515 943 1595 quod
964 1514 1086 1578 scilieet
1107 1515 1246 1578 vicinum
1266 1533 1370 1595 suum,
1391 1535 1494 1578 meum

187 1615 328 1679 villicum
351 1622 459 1679 oneret
480 1622 512 1680 et
534 1622 655 1696 partem
676 1614 752 1678 ville
774 1616 879 1679 trabat
901 1617 933 1680 in
956 1634 1013 1679 sua
1034 1623 1126 1699 septa
1147 1635 1227 1679 ansu
1248 1616 1414 1679 temerario
1437 1617 1494 1680 sic-

187 1737 248 1800 que
278 1737 344 1782 rem
373 1737 475 1781 meam
508 1715 623 1780 reddat
656 1715 854 1782 deteriorem.
902 1718 953 1781 Ita
978 1718 1079 1801 primo
1111 1717 1217 1780 statim
1250 1735 1433 1798 congressu,
1467 1717 1495 1781 si

144 1815 148 1822 ’
188 1819 282 1885 modo
303 1819 437 1893 venerit,
460 1818 545 1900 quod
566 1817 711 1900 equidem
734 1838 795 1882 non
817 1819 920 1897 credo,
943 1819 983 1883 lis
1004 1825 1071 1882 tota
1092 1818 1329 1882 disturbabitur.
1372 1818 1497 1902 Pauper

189 1922 273 1987 enim
295 1939 442 2004 paganus
468 1941 530 1985 non
553 1927 657 2005 potest
677 1920 872 2002 impendium
895 1920 961 1985 litis
984 1919 1172 2003 persolvere.
1213 1919 1367 1984 Mitterom
1382 1921 1494 1986 lbrmu-

188 2025 251 2087 lam
272 2021 470 2106 Nepotiane,
499 2041 561 2104 qua
587 2040 622 2086 se
646 2020 846 2086 detumesce
868 2029 1099 2104 procuratorem
1118 2021 1248 2100 doceat,
1270 2023 1330 2086 nisi
1353 2023 1494 2087 notarius

187 2127 256 2206 (qui
279 2125 398 2189 scribat
418 2143 516 2204 anno,
539 2143 660 2204 mense,
689 2123 743 2187 die
766 2125 820 2187 rel.
852 2125 884 2187 in
914 2125 1072 2206 presentia
1098 2125 1160 2188 mei
1181 2124 1297 2189 notarii
1318 2130 1350 2188 et
1368 2124 1494 2188 testium

188 2228 458 2309 inl'raseriptorum
486 2226 576 2303 t'ecit,
608 2226 785 2301 constituit,
813 2228 948 2307 creavit,
979 2225 1139 2291 ordinavit
1170 2226 1222 2291 rel.
1255 2234 1287 2288 et
1317 2226 1493 2291 istiusmodi

187 2347 291 2411 nugas
315 2328 399 2392 male
426 2327 583 2408 digestas)
614 2328 848 2392 desideraretur
876 2328 929 2392 bic
957 2347 977 2391 a
1002 2327 1104 2392 uobis.
1146 2327 1316 2392 Enimvero
1337 2347 1407 2392 cum
1429 2328 1495 2392 alia

188 2431 243 2494 rie
272 2429 459 2494 nominandi
487 2429 699 2512 procuratoris
727 2437 851 2511 pateat,
883 2431 980 2495 miror
1012 2429 1148 2493 maxime
1172 2430 1253 2495 adeo
1283 2429 1396 2493 bardos
1425 2449 1494 2495 esse

79 2571 95 2595 .
188 2531 394 2614 iurisperitus,
416 2537 450 2593 ut
470 2549 562 2593 nemo
583 2532 625 2594 sit
645 2530 749 2612 bodie,
770 2533 822 2614 qui
845 2532 951 2596 tritam
973 2531 1108 2596 orbitam
1129 2531 1264 2596 deserat.
1306 2531 1376 2613 Ego
1390 2540 1496 2615 preter

187 2634 270 2698 elias
290 2632 371 2697 duas
391 2632 487 2696 hasce
510 2633 598 2695 nori:
621 2632 814 2713 alteran1,si
837 2634 1005 2699 scriberem
1028 2634 1340 2714 universissalutem,
1361 2635 1493 2698 altorum

188 2737 215 2800 si
249 2735 347 2799 iudici
378 2742 499 2799 tantum
527 2733 648 2798 additis
674 2734 857 2799 solennibus
882 2736 1025 2800 articulis
1052 2736 1092 2798 de
1113 2735 1322 2799 satisdatione
1342 2734 1492 2819 hypothe-

187 2837 276 2902 earia
301 2836 405 2918 deque
430 2836 575 2900 cautione
604 2836 721 2900 usitata
741 2857 810 2901 cum
833 2846 907 2902 noto
928 2838 1036 2918 aliquo
1057 2837 1162 2918 sigillo
1183 2837 1251 2900 sive
1275 2846 1404 2900 senatus
1425 2838 1493 2900 sive

187 2939 315 3020 collegii
340 2936 554 3003 sacerdotalis.
601 2937 665 3002 Sed
694 2959 750 3022 per
771 2939 873 3004 Deum
900 2938 1123 3018 immortalem,
1149 2937 1290 3001 ridentur·
1315 2938 1430 3002 eruditi
1452 2939 1493 3002 ab

187 3042 347 3106 illiteratis
367 3041 547 3105 causidicis.
589 3039 674 3116 Quid
695 3039 810 3104 Volsco
833 3041 921 3104 venit
942 3041 973 3103 in
995 3048 1149 3119 mentem,
1170 3047 1205 3103 ut
1225 3041 1402 3122 supprimat
1422 3059 1494 3104 con-

188 3143 391 3208 sensionem⁵
415 3164 437 3207 a
463 3161 514 3205 me
539 3141 716 3225 scriptam?
762 3142 796 3206 Si
824 3161 943 3206 sannas
971 3141 1081 3206 metuit
1108 3142 1311 3220 vicariorum,
1337 3141 1402 3205 l'ero
1430 3162 1492 3206 non

188 3265 274 3326 egre,
293 3245 343 3309 sin
365 3251 470 3307 autem
491 3247 674 3322 contemnit,
695 3243 779 3325 quod
800 3251 849 3308 est
869 3243 1000 3325 elegans
1020 3252 1052 3308 et
1073 3244 1133 3306 iuri
1154 3250 1413 3322 consentaneum,
1433 3245 1494 3308 etsi

189 3367 312 3425 rarum,
339 3346 477 3430 profecto
499 3345 624 3426 leviter,
650 3355 754 3410 tamen
777 3365 957 3410 succenseo.
999 3345 1134 3409 Proinde
1156 3345 1404 3426 complectantur
1426 3348 1492 3410 bar·

188 3450 329 3531 basculi,
359 3469 420 3531 qne
437 3455 510 3512 sunt
531 3447 658 3526 scabra,
687 3456 875 3527 monstrosa,
906 3466 1033 3532 prorsus
1054 3446 1181 3512 inculta.
1231 3447 1342 3528 Malui,
1369 3457 1404 3512 ut
1421 3449 1494 3527 scis,

186 3552 363 3625 Publium⁶‚
385 3558 418 3614 ut
441 3550 645 3633 profiteretur,
666 3550 775 3632 legare
796 3568 890 3630 quarn
909 3550 1099 3614 notariorum
1116 3550 1255 3633 ineptias
1272 3551 1397 3614 imitari.
1429 3549 1493 3614 Sed

188 3672 272 3718 nnnc
298 3653 435 3734 mitigati
463 3653 629 3733 quiescunt
655 3651 768 3715 vicarii
796 3650 943 3716 credituri
975 3651 1107 3728 Volsco,
1141 3653 1197 3716 sed
1227 3652 1319 3715 doum
1355 3653 1492 3733 carituri,

163 3762 169 3767 ’
186 3757 293 3838 quoad
313 3774 415 3820 novus
431 3754 591 3819 habitator
610 3754 789 3837 spiraverit.
832 3752 919 3818 Vale.

259 3877 437 3926 Handscbriftl.
456 3879 477 3924 F
495 3876 547 3924 503
566 3877 606 3923 tol.
626 3875 823 3924 aler-slav.

246 4104 470 4180 lvgtBraw
491 4105 518 4164 S.
530 4105 598 4164 356.

249 4183 370 4243 ²Beide
391 4187 560 4243 unbekannt.

251 4261 266 4306 ³
286 4269 396 4323 Johann
414 4266 610 4338 Sbmmeringe.

245 4344 260 4387 ⁴
280 4347 388 4404 Urbane
412 4347 500 4404 Neffe,
542 4345 731 4418 vgissaeuu
753 4345 781 4403 S.
796 4347 852 4401 169
875 4346 997 4404 Anm.l.

250 4422 265 4465 5
288 4427 350 4499 Vgl.
371 4428 417 4482 die
437 4428 662 4500 vorhergohende
683 4427 825 4482 Nammer.

250 4503 265 4546 ⁶
286 4505 387 4562 Seinen
409 4507 548 4562 Famulus.
