3625 5192
299 359 372 416 '400
702 357 962 441 Gescbichtsqnellen
981 364 1029 427 der
1047 363 1124 429 Pron.
1144 367 1268 435 Sachsen.

323 528 408 607 dita,
435 543 495 607 que
519 521 713 606 propositum
734 520 812 584 illud
834 521 918 586 idem
946 501 1130 589 coritineret.
1173 523 1365 608 Effingitasti
1395 523 1478 592 enlm
1507 530 1630 595 senten·

274 714 276 718 ,
323 627 429 695 ciam¹·
445 626 584 707 aliquam
603 623 761 705 insignem
779 623 810 686 in
831 623 925 687 breve
941 632 1092 700 coactam,
1114 609 1174 708 que
1192 629 1291 710 patris
1306 631 1513 695 ostentacioni
1534 667 1575 678 -
1595 652 1629 696 se

322 734 406 798 enim
418 730 471 793 ille
482 728 614 791 nriratur
629 761 653 770 -
675 724 886 808 responderet.
919 723 988 791 Non
1002 723 1145 810 negavi3'
1157 730 1266 794 durum
1282 730 1314 794 id
1327 736 1418 795 esset.
1449 731 1533 810 Quid
1544 734 1628 799 enim

323 831 506 899 Herebordo
535 829 696 892 Munianus
721 827 911 908 denegaret,
942 849 997 911 pro
1031 831 1119 894 cuius
1146 834 1333 896 auctoritate
1361 832 1411 898 vel
1438 834 1557 899 tuenda
1578 835 1628 900 vel

321 935 465 1003 ornanda
482 931 621 996 studium
638 938 777 993 nostrum
793 938 824 993 et
844 929 1002 995 industria
1022 932 1140 1014 iugiter
1160 934 1317 998 excubat?
1353 935 1416 1000 Sed
1438 935 1522 1017 qnod
1543 956 1628 1002 eram

320 1037 502 1103 domesticis
524 1042 555 1098 et
576 1033 674 1096 sacris
695 1032 788 1096 rebus
815 1032 1021 1115 procurandis
1049 1035 1220 1117 impeditus
1248 1037 1367 1100 inritus
1388 1037 1515 1117 quidem
1546 1039 1628 1103 desi-

319 1141 408 1205 derio
428 1147 481 1202 tuo
500 1137 700 1209 satislbcere,
728 1141 834 1198 tamen
856 1134 974 1199 distuli.
1025 1137 1075 1200 Ne
1103 1145 1207 1201 aretem
1235 1138 1373 1202 noluisse
1400 1138 1510 1204 ridear
1535 1147 1629 1223 teque

320 1261 422 1306 morer
443 1259 537 1321 quam
559 1238 668 1320 parsit
682 1236 809 1308 diutins,
832 1237 1029 1301 cunctacioni
1047 1237 1129 1318 huic,
1150 1239 1233 1320 quod
1245 1241 1375 1323 sepositi
1388 1241 1493 1324 operis
1508 1263 1628 1320 moram
1675 1287 1680 1296 -

319 1350 527 1428 expurgaret,
558 1340 680 1403 subieci
702 1338 876 1410 auctarium
904 1340 996 1420 qnasi
1024 1341 1100 1404 sorti
1128 1341 1186 1405 tibi
1214 1340 1321 1406 debite
1344 1343 1537 1408 lepusculum
1564 1365 1626 1410 non

320 1443 469 1511 illiberali
490 1461 594 1505 mann.
636 1439 804 1512 Probabis‚
834 1439 914 1514 scio,
936 1439 1029 1504 lidem
1050 1448 1082 1505 et
1102 1441 1311 1522 diligentiam.
1355 1443 1502 1528 Celatnra
1522 1447 1625 1528 clypei

319 1565 471 1630 expressa
498 1543 550 1608 l'ac
579 1551 612 1606 ut
632 1542 727 1606 Solon
756 1541 810 1605 ille
832 1540 1072 1606 Atheniensium
1102 1544 1184 1608 lator
1211 1543 1314 1626 legum
1342 1545 1572 1612 illustrissimus
1596 1556 1628 1612 et

316 1647 451 1714 Romam
473 1647 551 1710 iuris
579 1652 686 1708 auctor
712 1651 744 1707 et
770 1662 885 1726 parens
906 1643 947 1706 ab
968 1644 1091 1725 origine
1119 1645 1254 1727 primus,
1285 1647 1367 1732 qnod
1396 1647 1517 1712 indicat
1537 1649 1625 1712 Pom·

318 1752 431 1836 ponius
451 1747 690 1814 iurisconsultus
708 1753 739 1809 et
754 1746 901 1829 princeps
921 1745 1158 1811 historicorum·
1174 1747 1267 1813 Titus
1282 1749 1392 1814 Livius
1413 1757 1445 1814 et
1464 1758 1496 1814 tu
1518 1757 1626 1834 utpote

316 1854 438 1938 peritus
456 1849 656 1932 antiquitatis
676 1867 739 1911 non
761 1849 897 1928 ignoras.
941 1848 1031 1910 Nam·
1051 1857 1084 1912 ut
1110 1845 1327 1914 ecclesiastica
1353 1851 1457 1930 secla,
1490 1853 1541 1915 eui
1568 1873 1626 1918 nos

257 2037 261 2044 ι
315 1974 424 2020 omnes
446 1952 568 2018 addicti
589 1970 709 2030 sumus,
735 1957 932 2033 propagatur
953 1969 992 2012 ex
1011 1959 1111 2035 matre
1133 1970 1314 2034 synagoga,
1343 1953 1389 2016 ita
1411 1954 1505 2018 civile
1526 1954 1575 2018 ius
1594 1963 1625 2020 et

317 2057 445 2122 urbane'
457 2049 545 2135 leges
566 2052 766 2137 peregrinam
785 2041 903 2114 habent
922 2050 1060 2116 radicem
1078 2053 1213 2118 Athenis
1233 2053 1307 2118 olim
1319 2055 1446 2118 Solonis
1465 2057 1626 2139 sapientia

315 2158 556 2225 corroboratam.
608 2154 714 2232 Solon,
737 2154 876 2233 inquam,
900 2152 1028 2217 divinus
1050 2153 1104 2218 ille
1124 2155 1174 2218 rir
1194 2163 1233 2220 et·
1247 2146 1302 2220 rex
1323 2156 1419 2220 studii
1441 2159 1624 2240 nostripri·

314 2263 443 2342 marius,
464 2279 521 2323 sua
538 2253 704 2321 maiestate
721 2256 830 2337 cingat
852 2255 990 2320 militare
1010 2258 1115 2338 gentis
1126 2264 1178 2323 tue
1190 2257 1414 2323 simulachrum
1436 2266 1467 2323 et
1487 2267 1623 2341 angusta

315 2383 391 2428 voce
416 2355 550 2444 quatuor
575 2358 727 2422 lateribus
756 2357 884 2440 aspiret.
931 2357 1056 2422 Titulus
1089 2359 1121 2423 in
1150 2358 1384 2424 hunc-modum
1409 2369 1623 2426 summotenus

314 2474 413 2530 extet:
448 2457 558 2544 Νόμοις
583 2459 717 2540 cellion„
736 2478 844 2530 rerum
872 2459 918 2523 sic
947 2460 1081 2524 inferne:
1106 2455 1273 2528 Ἀλήθειαν
1299 2459 1421 2544 ἀνέχου,
1450 2481 1470 2525 a
1495 2463 1623 2526 sinistro
1661 2531 1663 2536 ,

314 2569 429 2632 latere:
458 2563 561 2634 Φίλοις
582 2535 702 2642 boida,
724 2560 946 2626 ard-dextram:
969 2557 1096 2643 Ἀρετὴν
1117 2561 1235 2624 ἐπαίνει.
1284 2563 1405 2641 Quibus
1429 2563 1527 2628 lector
1552 2584 1621 2629 sen-

313 2668 427 2734 tenciis
448 2673 591 2729 monetur
611 2683 724 2747 parere
745 2661 885 2744 legibus,
907 2664 1073 2727 veritatem
1093 2666 1249 2729 sustinere
1271 2675 1302 2729 et
1322 2665 1488 2746 extollere,
1510 2667 1623 2732 amicis

314 2769 467 2835 inservire
487 2775 519 2830 et
539 2770 620 2830 lerrc
641 2785 741 2847 opem,
764 2784 834 2827 esse
855 2763 1329 2846 deniquevirtutislaudatoret
1342 2787 1442 2850 preco.
1484 2767 1621 2831 Primum

314 2879 363 2936 est
382 2869 522 2948 iusticie,
554 2867 642 2930 cuius
660 2866 756 2930 relnti
779 2865 841 2947 dee
861 2867 1027 2932 summatis
1052 2867 1283 2960 religiosissimi
1304 2868 1486 2935 sacerdotes
1506 2887 1623 2952 sumus,

312 2971 484 3038 secundum
504 2968 697 3034 sanctissimi
725 2967 970 3058 gravissimique
999 2967 1194 3052 philosophi,
1224 2971 1342 3050 quiet
1367 2989 1438 3033 osor
1463 2971 1622 3036 mendacii

312 3084 344 3141 et
370 3075 514 3139 veritatis
542 3090 620 3139 esse·
641 3070 736 3134 debet
759 3070 1011 3150 amantissimus,
1040 3071 1168 3135 tercium
1193 3071 1309 3135 oratori
1337 3071 1426 3134 vellit
1452 3091 1559 3142 aurem
1587 3080 1621 3138 nt

311 3177 429 3242 homini
452 3176 483 3239 in
507 3173 594 3239 civili
615 3173 682 3236 vita
703 3191 741 3234 ac
762 3172 932 3236 forensium
960 3191 1061 3235 rerum
1089 3179 1160 3236 actu
1188 3191 1313 3256 semper
1337 3180 1505 3256 occupato,
1531 3175 1620 3239 cuius

210 3357 214 3363 .
311 3279 449 3344 studium
471 3284 520 3340 est
540 3274 710 3339 defendere
732 3292 819 3352 snos,
848 3274 960 3337 anricis
982 3273 1110 3350 adesse,
1140 3281 1281 3358 prestare
1300 3273 1393 3339 'fidem
1415 3275 1537 3354 clienti,
1565 3276 1619 3340 ud-

312 3381 462 3445 vcrsuriis
484 3378 587 3459 legum
611 3374 732 3458 laqueis
760 3374 906 3440 insidiari
932 3382 963 3439 et
989 3377 1199 3440 reclamantes
1227 3395 1412 3460 oppugnare
1435 3395 1495 3442 non
1518 3377 1618 3442 solum

272 3563 277 3572 ·
311 3483 475 3563 ingeniose
497 3489 529 3544 et
549 3477 673 3551 callide,
696 3477 874 3541 sedeciam
898 3477 1064 3558 instanter,
1086 3479 1227 3559 graviter
1246 3485 1285 3557 et,
1308 3487 1342 3542 ut
1362 3479 1460 3559 aiunt,
1482 3480 1573 3560 equis
1587 3487 1620 3544 et

311 3583 421 3660 remis,
446 3586 590 3663 quartum
612 3578 696 3641 omni
720 3578 859 3643 bonnet
880 3577 1018 3661 sapienti
1044 3579 1112 3643 viro
1141 3580 1286 3660 congruit
1310 3587 1342 3642 ut
1364 3581 1479 3644 vicium
1502 3581 1620 3662 virtuti,

310 3692 445 3752 scortum
478 3684 608 3746 honesto
638 3680 757 3759 cilicio,
788 3678 941 3744 modestis
972 3681 1183 3765 petulanciam
1213 3689 1244 3746 et
1275 3681 1454 3765 superbiam
1486 3683 1619 3747 allectus

310 3787 436 3852 virtutis
457 3781 605 3868 preconio
627 3790 806 3866 postponat.
849 3781 881 3846 ls
907 3785 991 3847 enim
1020 3785 1165 3848 virtutem
1189 3783 1315 3867 proprie
1341 3803 1477 3866 veroque
1498 3785 1620 3865 laudat,

310 3889 362 3970 qui
386 3907 419 3951 re
441 3887 545 3967 magis
567 3905 660 3967 quam
690 3873 1004 3949 verbo'celebratet
1029 3887 1171 3950 miratur.
1220 3883 1286 3949 Hec
1317 3886 1396 3950 bene
1427 3887 1619 3950 conveniunt

309 3991 452 4055 instituto
474 3995 506 4052 ct
526 3987 635 4051 honori
657 3993 719 4051 tuo.
762 3985 805 4049 Es
825 3985 1041 4070 iurisperitus:
1071 3989 1138 4052 cole
1159 3988 1334 4068 iusticiam,
1355 4007 1389 4052 es
1412 3986 1618 4072 philosophus

310 4091 490 4173 insignibus
510 4090 646 4153 donatus
664 4087 899 4168 magistrorum:
929 4087 1046 4153 adberc
1072 4089 1215 4167 veritati,
1246 4109 1281 4154 es
1307 4099 1412 4154 orator
1441 4095 1616 4172 spectatus:

308 4193 442 4257 blutiani
464 4192 723 4273 tranquillitatem
745 4190 786 4253 ab
812 4189 929 4254 iniuria
950 4191 1123 4254 Morionum
1151 4190 1279 4256 vindica
1307 4198 1339 4255 et
1359 4192 1494 4273 quietem
1514 4191 1615 4254 securi

308 4296 406 4359 animi
435 4303 574 4377 protege.
622 4292 707 4369 Quid
734 4289 813 4355 dicit
835 4299 940 4356 orator
961 4291 1137 4356 Ceeiliusl:
1164 4293 1235 4356 Non
1259 4312 1352 4376 posse
1373 4294 1517 4357 Attilinm
1542 4291 1616 4356 Cre-

379 4413 390 4439 ἶ*
407 4419 433 4463 F
446 4418 612 4464 historiarum.

309 4545 382 4553 ...—-
416 4543 507 4550 --—---

369 4618 381 4658 1
404 4618 465 4696 νει.
486 4617 531 4672 nr.
543 4616 610 4672 301.
671 4613 835 4670 sernas
855 4617 880 4671 o.
899 4615 1032 4687 dilligere,
1051 4615 1192 4687 speratae
1214 4617 1262 4686 vr,
1284 4617 1311 4675 s.
