3625 5192
703 333 791 388 Briele
811 334 930 390 nuriano
949 331 1007 387 143.
1459 331 1512 386 208

203 487 276 547 turn.
318 481 460 548 Patinurs
483 501 538 567 pro
560 483 697 567 patiruur
718 481 886 566 dupliciter
908 483 988 546 tueri
1010 489 1127 566 proten:
1156 483 1257 566 primo
1281 480 1366 564 quotl
1388 481 1511 562 antiqui

204 584 364 668 p'ouebaut
386 605 401 648 s
423 605 512 668 pror
535 593 612 650 teste
634 586 837 670 l’qurponio¹‚
863 583 903 650 de
934 585 1057 666 origiue
1085 584 1163 649 iuris
1184 585 1331 664 Romani,
1353 591 1386 648 et
1411 583 1511 648 Fabio

202 673 428 767 Quintiliouo‘ll
452 688 558 770 itaque
581 687 715 770 legimus
726 687 879 766 Valesius,
895 686 1010 752 Fusius
1026 707 1082 772 pro
1095 687 1248 762 Valerius,
1260 684 1383 767 Furius,
1394 685 1511 750 deiude

202 789 285 871 quod
304 791 464 873 pstuiuurs
486 812 506 856 a
529 799 621 873 pateo
644 791 824 874 preteritum
846 810 902 873 per
916 809 1077 877 syncopen
1091 790 1230 872 patimus
1250 795 1346 853 creat.
1388 791 1512 856 lurum-

204 912 264 973 que
282 893 364 957 dixit
381 893 515 974 genitivi
533 913 625 958 casus
641 912 720 970 esse,
743 891 826 975 quod
843 891 884 956 au
897 893 993 956 ictum
1005 911 1192 972 cursumque
1208 891 1359 974 genitalis
1380 893 1511 958 sentinis

204 995 360 1078 pertineat
375 996 444 1078 pati
462 995 627 1061 urtrlielrria
644 1003 676 1060 el
694 1001 833 1078 patorem
851 995 974 1076 porlieis
992 994 1175 1073 hiatuurque
1190 993 1301 1058 oll'erre
1313 995 1469 1078 pediconi.

284 1098 375 1161 Plura
396 1097 533 1162 scribere
553 1097 593 1162 dc
616 1098 675 1160 lutc
694 1097 834 1162 uel'aurla
854 1095 1017 1180 vuluntate
1040 1096 1141 1180 pudor
1163 1101 1195 1158 et
1215 1098 1371 1162 sauctitas
1391 1117 1510 1162 uunuur

203 1200 379 1283 prohibent.
425 1201 496 1264 Dici
518 1199 687 1264 aduroduur
710 1200 789 1266 l'alse
811 1205 915 1284 potest
936 1202 968 1262 iu
992 1199 1101 1264 ltalos:
1125 1198 1190 1264 Der
1210 1199 1430 1284 sernpfskukcr
1451 1201 1511 1266 hill

205 1304 255 1368 trie
283 1303 362 1368 euclr
390 1304 437 1368 uit
461 1309 558 1384 guteu
587 1301 708 1383 maqu.
758 1301 791 1366 lr
820 1309 928 1366 esseut
955 1321 1026 1366 vour
1056 1300 1250 1382 luintlcrtielr,
1280 1321 1316 1365 so
1343 1302 1420 1366 habt
1446 1303 1509 1368 den

203 1404 313 1488 seurplr
334 1425 370 1472 zu
393 1425 456 1471 vor.

230 1571 241 1594 „
284 1510 445 1591 Coneerpe
467 1527 564 1590 queso
587 1515 694 1574 tantas
715 1507 943 1571 obscenitates:
974 1503 1173 1570 Arllklibiunr
1197 1511 1246 1570 est
1266 1508 1381 1572 uralunr
1402 1509 1510 1574 eondi-

204 1619 351 1676 urcutuur.
395 1610 496 1694 Vulgo
518 1611 641 1676 dicunt:
666 1607 828 1674 Sclrabeut
849 1607 909 1672 clas
930 1607 1065 1672 henrbdc
1087 1605 1151 1672 und
1176 1609 1302 1674 urachet
1322 1613 1443 1693 scurpll'.

285 1715 399 1778 lterum
421 1714 505 1778 dico:
528 1732 691 1796 concerpe.

283 1815 421 1900 ,tuetpui
450 1814 585 1880 dicteria
611 1813 690 1879 uilril
716 1813 907 1877 urbanitatis
935 1832 991 1894 pre
1016 1831 1050 1876 sc
1074 1812 1193 1892 lerunt,
1226 1813 1283 1878 secl
1310 1823 1342 1878 ct
1370 1815 1510 1880 eloerrcio

204 1920 306 1984 mitius
327 1925 375 1982 est
398 1917 516 1981 limata.
559 1918 725 2001 Autepouo
747 1915 999 1980 concionatorem
1021 1913 1108 1978 illurn
1130 1913 1385 1982 disertissimum:
1415 1919 1509 2002 pluri-

204 2007 286 2086 muru
310 2021 405 2084 habet
431 2027 462 2084 et
488 2018 566 2084 salis
592 2025 623 2082 et
651 2017 751 2094 tellis,
779 2037 885 2080 verunt
912 2036 1013 2080 scruto
1034 2014 1188 2099 stilusque
1214 2016 1301 2082 rudis
1326 2027 1383 2086 est.
1426 2020 1512 2101 Eure,

204 2143 311 2206 queso,
332 2122 390 2186 tibi
413 2129 444 2186 et
465 2121 541 2185 urilri
564 2119 878 2204 pervidendasuritlc
892 2116 1035 2184 Bcbclii³
1058 2118 1214 2198 Facetias,
1236 2139 1317 2202 quas
1338 2122 1510 2189 adurotltrnt

204 2245 319 2308 graves
339 2244 409 2288 esse
431 2231 564 2288 testatur
585 2220 757 2306 Adelplrus.
800 2220 910 2300 Erras,
937 2218 1019 2284 urule
1041 2219 1258 2302 muliugoruru.
1301 2221 1370 2300 Quo
1392 2224 1511 2291 iutlicio

205 2327 317 2392 scribis
337 2325 608 2408 singularissimus
630 2325 749 2409 priurus
775 2343 830 2406 pro
860 2323 946 2406 prior
970 2331 1003 2388 et
1025 2331 1131 2387 cetera
1159 2323 1192 2388 id
1221 2327 1345 2404 genus?
1391 2325 1511 2408 Negoti

156 2503 159 2510 ¹
205 2451 264 2494 nou
289 2439 405 2512 potest,
433 2430 507 2509 quin
532 2429 698 2512 plurinurur
722 2426 844 2509 possint
867 2425 898 2490 iu
920 2424 1066 2506 (legenda
1089 2424 1157 2488 uita
1176 2447 1335 2491 sermones
1358 2447 1415 2492 usu
1443 2449 1511 2509 pro-

205 2531 279 2596 triti.
321 2531 389 2596 lllis
416 2531 589 2610 hortantur,
619 2529 827 2608 deterremus,
854 2547 1015 2592 urovcruus
1037 2527 1087 2592 vel
1118 2528 1213 2592 risum
1236 2529 1286 2592 vel
1308 2530 1511 2596 stouraehum.

205 2636 276 2699 litu
303 2634 463 2714 dicuutur,
498 2634 602 2698 subito
631 2638 813 2715 penetrant,
843 2630 896 2694 rliu
927 2630 1078 2694 urenroria
1106 2638 1252 2695 tenentur
1280 2652 1381 2714 carptus
1410 2633 1514 2715 magis

206 2738 325 2819 pollent
351 2737 532 2820 proverbia,
565 2755 626 2818 qus
653 2732 824 2800 vernacula
850 2743 936 2808 scrut,
969 2753 1064 2815 qrraur
1097 2731 1154 2796 illa
1180 2734 1349 2817 peregrina
1381 2735 1513 2798 collecta

205 2857 298 2920 quuur
321 2838 362 2902 ab
383 2839 458 2904 aliis
479 2846 542 2902 turn
559 2838 601 2902 ab
614 2837 775 2902 urasnrot
821 2836 929 2917 ltaque
942 2835 1062 2900 Behelii
1085 2835 1240 2900 dictorum
1262 2837 1512 2902 ureurorabiliuur

205 2943 445 3006 courureutarios
470 2941 642 3023 aliquando
670 2940 822 3004 maturius
844 2947 1036 3022 comparato.
1080 2938 1163 3002 Novi
1189 2959 1249 3022 ego
1270 2938 1514 3002 iucundissimos

205 3044 291 3108 iocos
312 3044 430 3127 passini
458 3043 489 3108 iu
513 3042 669 3108 conviviis
695 3041 895 3120 obseruatus,
922 3060 1015 3122 quos,
1044 3042 1194 3120 siculos,
1223 3042 1322 3105 literis
1343 3041 1513 3106 urautlabe.

205 3145 297 3209 Nunc
318 3145 521 3209 subministro
543 3143 604 3208 triu
625 3143 714 3225 quusi
739 3144 936 3226 precursoris
961 3142 1074 3226 pocula

266 3247 506 3326 sebastiano,
535 3246 582 3310 vir
602 3246 743 3326 alioquin
765 3246 1012 3322 sincerissimus,
1039 3245 1071 3308 iu
1097 3245 1161 3310 illis
1180 3245 1245 3309 suis
1266 3245 1414 3326 gloriosis
1439 3263 1510 3308 cou-

206 3349 359 3438 eiuuihus,
380 3350 495 3432 quihus
516 3348 737 3414 iactanticulus
759 3349 912 3414 clamator
932 3369 966 3412 se
987 3356 1135 3429 ostentat,
1157 3347 1282 3412 invadit
1301 3354 1395 3428 atque
1416 3353 1513 3412 vexat

205 3516 405 3539 ——ss—-—·

269 3607 279 3649 ¹
302 3609 365 3682 Vgl.
389 3611 505 3682 Digesta
522 3611 580 3680 l‚2.
593 3611 644 3665 36:
666 3611 741 3664 lileru
765 3609 873 3679 Appius
894 3607 1026 3664 Clarulius
1047 3654 1054 3667 .
1075 3654 1082 3668 .
1107 3611 1183 3667 ..R
1204 3611 1325 3664 litterani
1346 3610 1461 3678 invenit,
1482 3616 1513 3664 ut

207 3711 256 3763 pro
273 3691 392 3746 l'alesiis
411 3691 514 3746 Valerii
537 3700 628 3746 essent
649 3699 677 3744 et
698 3709 747 3762 pro
770 3689 858 3744 Fusiis
880 3690 963 3743 Furii.
1031 3734 1034 3740 a

267 3767 280 3810 ⁸²·
303 3771 456 3835 Quintilian
475 3772 497 3842 1,
514 3774 540 3828 1.
555 3773 604 3826 13:
632 3771 700 3826 Nam
723 3779 753 3825 ut
772 3770 876 3824 Valesii
900 3771 975 3824 Fusii
995 3772 1023 3824 in
1044 3765 1170 3826 Valerios
1191 3771 1343 3842 Furiosque
1369 3779 1512 3842 uerierunt,

206 3853 244 3908 ita
264 3853 354 3918 arbos,
375 3853 461 3922 labos,
482 3871 566 3924 vapos
587 3853 670 3907 etium
692 3859 720 3906 ct
740 3852 844 3906 clarnos
865 3869 898 3906 ac
920 3851 990 3906 latres
1010 3851 1129 3906 fuerrurt.

190 3931 192 3936 ’
267 3927 345 3987 ³ste
367 3933 428 3986 siud
453 3931 528 3987 1508
550 3951 610 3987 zum
635 3942 724 3988 ersten
748 3931 820 3986 utare
841 3932 1011 3987 ersebieueu.
1052 3933 1116 4003 t’gt.
1139 3932 1252 3990 Erlrurd.
1274 3933 1443 4013 Gcsehicbtc
1464 3935 1512 3988 des

208 4013 495 4068 Wiederaul'bliihens
529 4014 686 4068 wissenselr.
713 4013 841 4084 Bilrluug.
890 4009 1259 4082 Bu.111‚s.ru5u.16rt.
1308 4014 1403 4069 Ucber
1432 4015 1511 4069 ilrrcu

206 4094 300 4148 luhslt
319 4095 372 4164 vgl.
394 4093 504 4164 Geigerq
526 4095 708 4148 Reuaissauce
731 4094 786 4148 uutl
808 4093 1006 4148 llumarrisruus
1026 4093 1054 4147 S.
1073 4093 1137 4148 tut.

266 4169 279 4212 ⁴
300 4174 362 4245 Vgt.
382 4173 426 4228 Br.
443 4175 497 4228 133
520 4173 547 4231 S.
564 4175 614 4227 tttl
641 4175 721 4229 Anm.
736 4173 761 4228 4.

234 4303 239 4315 ,
267 4249 281 4292 ⁵
302 4254 446 4310 Sebastiau
470 4255 638 4310 Weiuruaun
666 4273 715 4310 aus
740 4253 870 4322 Osclrat-z,
899 4255 1006 4308 Ductor
1029 4255 1085 4308 und
1110 4254 1254 4310 Professor
1280 4257 1328 4310 der
1349 4257 1512 4327 Theologie‚

210 4335 285 4389 1493
314 4335 604 4401 Universitiitsreetor,
633 4355 688 4389 wtrr
713 4336 761 4390 der·
788 4335 987 4390 berleuteudste
1016 4335 1220 4390 Kauuelreduer
1244 4335 1353 4391 Erfurts
1381 4338 1408 4390 iu
1432 4339 1512 4406 jener

210 4415 276 4470 zeir.
319 4415 355 4468 Er
376 4417 475 4486 spraeh
503 4416 531 4469 iu
558 4417 653 4471 seiuen
675 4416 824 4486 Prcdigteu
855 4415 904 4468 rrrit
931 4433 1052 4485 grossam
1073 4415 1200 4470 Freirnut
1226 4418 1296 4470 iiber
1319 4418 1363 4472 die
1384 4415 1512 4472 Selriideu

208 4497 257 4550 cler
279 4497 391 4551 Kirelre.
434 4496 497 4574 Ygl.
520 4498 589 4551 iiber
610 4497 656 4548 ilru
679 4497 792 4564 Erlrarrl,
814 4493 915 4550 Gesclr.
936 4496 961 4549 cl.
980 4495 1268 4552 Wiederaul'bliihcns
1288 4497 1359 4552 wisa.
1383 4497 1511 4571 Bilduug.

206 4575 256 4630 Bu.
268 4575 320 4647 ΙΙΙ,
340 4575 366 4631 S.
379 4575 436 4629 262
457 4611 464 4617 -
488 4577 553 4663 ‘ltili
