3625 5192
640 396 643 406 ·
708 376 795 430 Bricle
813 377 933 432 lllutians
952 377 1011 431 417.

518 527 628 595 carrago
646 545 678 580 zu
697 527 745 581 so.
764 529 823 580 nr.
860 528 950 594 (stone
966 529 992 580 s.
1004 507 1054 579 mc
1070 529 1146 580 nim.
1159 529 1193 588 c.)

406 625 529 689 Primus
551 626 636 708 apud
658 627 771 689 llutirm
794 647 893 710 prono
916 645 965 690 me
987 645 1101 708 vesper
1122 627 1258 708 Olympo

405 726 543 807 Prendit,
565 727 606 791 ad
628 729 796 792 instructas
817 747 887 792 cmn
910 727 999 792 sedet
1020 728 1073 790 ille
1092 728 1200 811 dapes.

405 827 479 892 llos
501 849 609 893 onmes
630 840 761 914 patuere
780 830 864 894 fores
886 830 1025 910 iussique
1047 829 1182 892 ministri
1262 834 1264 838 ’
1368 841 1371 848 “

404 931 534 1013 Optima
554 932 594 996 de
617 933 720 1014 plenis
741 933 818 996 vina
838 933 938 995 tulere
958 932 1056 995 cadis.

353 1032 386 1113 ὁ)
409 1032 449 1095 Et
469 1034 615 1115 quanmis
637 1035 725 1098 vario
746 1033 939 1118 splendebat
960 1051 1069 1096 mensa
1094 1037 1205 1111 paratu

407 1134 446 1197 Et
468 1136 596 1217 Lybicis
619 1137 743 1200 lucrant
765 1137 890 1200 aemula
911 1135 1008 1200 l'ercla
1029 1134 1120 1213 labis,
1176 1133 1194 1158 '
1253 1129 1255 1136 '

404 1237 479 1300 Plus
500 1247 605 1302 tamen
628 1233 736 1301 airditu
758 1249 805 1302 est
827 1258 920 1319 quarn
943 1245 1038 1318 gustu
1059 1242 1192 1318 accepta
1214 1234 1379 1316 voluptas,-

405 1338 574 1404 Threiciae
597 1342 688 1404 rebar
710 1342 829 1424 plectra
851 1360 963 1404 sonare
985 1339 1082 1422 lyrae.

405 1441 484 1504 Tam
508 1441 665 1507 facundus
686 1452 752 1508 crat
774 1451 874 1523 rates,
896 1442 950 1524 qni
973 1442 1069 1522 longa
1089 1439 1181 1502 suavi

336 1548 387 1619 llll
408 1543 566 1626 Tempora
586 1546 617 1609 in
641 1547 774 1627 exiguas
795 1545 933 1609 abscidit
954 1563 1007 1608 ore
1028 1562 1141 1606 moras.

404 1647 540 1723 Sicubi
565 1647 596 1710 iu
620 1648 772 1731 Hyblaeis
794 1647 914 1712 redolet
936 1644 1097 1709 vindemia
1118 1643 1248 1725 campie,

404 1747 431 1809 ll
453 1749 574 1828 liquido
596 1756 727 1813 manant
749 1769 846 1812 aurea
867 1748 959 1812 nrelle
979 1749 1059 1811 lare.

404 1849 464 1926 Qui
487 1851 623 1928 electrum,
644 1853 811 1934 integrum,
833 1852 969 1931 facilem,
991 1850 1223 1929 humanumque
1244 1847 1353 1912 videre

405 1949 537 2034 Expctis
558 1961 590 2016 ct
611 1953 765 2018 celebrem
787 1953 951 2034 relligione
972 1951 1082 2014 virum.

335 2053 386 2130 15)
406 2052 505 2129 Quem
528 2075 589 2117 non
611 2075 695 2118 rana
715 2056 813 2119 trabit
832 2054 978 2118 mirantis
1000 2053 1108 2135 opinio
1129 2052 1225 2134 vulgi,

403 2155 463 2231 Qui
485 2157 595 2238 cupiat
616 2158 731 2222 tacitos
751 2157 900 2222 claudere
923 2174 1016 2238 posse
1037 2153 1115 2234 dies,

404 2257 471 2320 Hoc
491 2259 574 2320 intra
594 2259 775 2343 hospitium,
797 2259 879 2341 quorl
894 2256 1061 2339 llelpbica
1082 2264 1116 2318 ut
1138 2263 1230 2319 autre
1250 2257 1437 2338 trequentat,

403 2359 481 2423 Cum
503 2362 590 2424 canit
610 2382 649 2425 ex
671 2361 777 2445 adytis
798 2363 878 2426 alter
899 2361 1013 2445 Apollo
1034 2359 1106 2424 snis.

404 2460 443 2524 Et
465 2469 519 2526 tua
541 2482 580 2526 ne
601 2463 716 2528 dubins
738 2464 876 2545 vestigia
897 2470 1024 2528 serocet
1045 2480 1140 2541 error,

321 2566 374 2638 20)
398 2563 484 2640 (Non
506 2574 553 2628 est
575 2567 699 2648 vulgari
720 2568 834 2630 semita
854 2569 930 2630 trita
952 2565 1045 2648 pede)

403 2668 533 2730 secreta
555 2667 586 2729 in
608 2667 704 2731 tacito
726 2675 775 2732 est
796 2669 887 2732 sedes
910 2676 981 2751 post
1002 2668 1121 2748 templa
1143 2686 1277 2747 recessu,

401 2767 516 2833 Nobile
539 2769 688 2833 Daedalii
711 2790 791 2853 peue
813 2770 930 2834 laboris
951 2790 1039 2850 opns.

401 2869 507 2934 Prima
529 2871 622 2935 decet
642 2873 740 2936 tacies
762 2872 962 2954 tranquillam
986 2871 1149 2953 qunircre
1171 2871 1268 2936 vitam

403 2971 500 3054 ldque
522 2975 622 3038 tribus
643 2976 749 3040 verbis
771 2975 922 3058 parvulus
939 2993 1027 3038 asser
1048 2973 1152 3038 babet.

321 3079 373 3152 25)
394 3076 455 3139 llic
478 3077 566 3141 trabe
588 3076 778 3159 pendentem
800 3077 917 3141 declivi
939 3097 979 3140 ex
1000 3077 1136 3140 culmine
1158 3077 1263 3140 l'unem

402 3177 442 3240 Et
462 3178 554 3243 dabit
575 3181 714 3243 internos
736 3180 857 3243 tinnula
881 3181 954 3244 nola
976 3199 1077 3242 sonos.

403 3279 474 3343 Non
496 3281 603 3346 lircata
625 3301 725 3364 genas
747 3282 901 3345 reserabit
922 3283 1033 3345 limina
1054 3282 1163 3360 Thais,

384 3382 513 3446 ¹Horret
534 3386 616 3446 enim
639 3392 767 3448 sanctus
788 3384 867 3447 talia
887 3391 1027 3448 nrorrstra
1048 3384 1142 3448 locns.

400 3484 471 3548 Non
496 3493 586 3550 vetus
607 3505 704 3568 usque
724 3486 805 3550 adeo
824 3487 981 3551 sincerum
1005 3487 1099 3551 Vesta
1122 3486 1272 3570 pudorem

323 3585 377 3666 30)
399 3588 554 3651 Continuo
576 3589 656 3651 t'orit
676 3608 770 3669 qnam
793 3589 903 3652 domus
925 3590 980 3653 illa
999 3591 1078 3654 foco.

402 3691 536 3754 secutus
557 3703 699 3754 occurret
720 3710 797 3772 puer
817 3699 1003 3774 exertusqne
1026 3693 1163 3756 fenestra

400 3790 456 3869 Te,
478 3811 574 3872 rprare
594 3794 705 3856 venias
727 3800 758 3855 et
779 3793 849 3874 quis
873 3802 904 3856 et
927 3793 1019 3872 unde,
1042 3803 1141 3875 rogat.

400 3892 490 3956 'l‘unc
510 3905 565 3958 tna
587 3895 784 3978 prospiciens
804 3895 952 3962 sustollas
975 3898 1106 3976 lumina,
1129 3916 1239 3961 cernes

400 3995 624 4059 llrmstrautem
647 3996 755 4079 dignis
777 4007 890 4062 cuncta
913 4007 1020 4081 patere
1042 3999 1171 4062 trabem.

317 4099 370 4174 30)
393 4097 559 4179 Ingressus
580 4118 706 4176 careas,
727 4119 767 4163 ne
790 4101 911 4164 mrrsica
931 4121 1022 4166 sacra
1042 4104 1232 4185 propbaues,

397 4201 447 4262 An
470 4201 523 4275 sis,
545 4220 638 4281 onem
663 4210 769 4284 posset
791 4203 937 4267 Phoebus
955 4224 1071 4282 amare,
1096 4203 1179 4266 ride.

400 4303 469 4365 Nou
492 4311 602 4386 optata
621 4304 724 4384 magis
746 4305 839 4368 <labis
860 4306 905 4369 illi
930 4307 1045 4370 nuncia
1067 4326 1159 4388 quam
1182 4326 1263 4388 qrrae

399 4405 500 4486 Impia
522 4407 717 4488 Capnionem
739 4415 879 4470 monstra
898 4406 1044 4472 domasse
1066 4411 1176 4474 lerunt.

290 4533 293 4538 ·
399 4507 489 4572 Hune
511 4528 659 4589 magnum
681 4508 811 4573 laudato
833 4510 933 4572 virum
957 4511 1152 4594 primumque
1174 4519 1299 4595 poetam

318 4610 372 4690 40)
393 4609 534 4675 Plurima
554 4612 706 4676 rictorem
727 4612 812 4676 secla
834 4611 941 4677 valere
959 4613 1039 4678 iube.
