3625 5192
196 336 202 345 ,
300 280 354 334 376
678 277 938 347 Gesehiehtaquellen
955 278 1004 332 der
1023 276 1095 331 Prov.
1114 274 1237 333 Sachsert
1323 284 1325 289 ’
1418 350 1422 357 ¹

297 428 482 495 subsidium.
525 428 614 492 Scire
631 429 739 512 cupio,
768 428 845 509 quid
865 436 942 509 agat
962 415 1107 491 dominus
1127 426 1337 491 Herebordus.
1367 424 1470 490 Nihil
1492 424 1534 488 ad
1556 446 1605 491 mc

298 531 417 594 scribit.
461 529 533 593 Vidi
550 529 738 612 Cupidinem
761 529 1005 611 triumphantem
1019 528 1171 607 Tiloniui,
1192 527 1259 591 vidi
1276 527 1350 590 olim
1370 527 1433 592 alic
1445 529 1604 591 autlrore'.
1676 546 1678 551 ’

300 632 384 710 Quid
405 636 498 696 'nune
528 631 713 716 profitetur?
766 631 851 709 Quid
883 631 1024 695 sentiunt
1056 630 1253 696 circularium
1283 629 1404 694 arcium
1438 630 1605 711 magistri?

300 734 421 799 Suntne
442 734 612 798 concordes
631 741 663 797 et
679 734 843 798 unanimes
859 752 929 796 eum
945 733 1062 815 poeta?
1102 733 1182 797 Item
1198 733 1334 797 rediitne
1352 752 1422 797 cum
1441 733 1606 797 Ambrosio

299 836 546 919 Someringus2?
587 835 680 916 Oura,
701 842 736 899 ut
756 835 810 898 diu
831 834 951 900 valeas.

369 958 551 1005 Handschriitl.
569 959 590 1004 F
607 957 658 1006 335
678 958 933 1007 rorum-2132

301 1196 379 1265 288.
401 1194 445 1260 ll.
463 1213 509 1260 an
525 1193 660 1265 Urban.
964 1194 1204 1274 (deonotus-t.
1242 1192 1606 1273 Urrrdicilittcd..l.)

370 1318 432 1366 illut.
457 1319 552 1378 spriclrt
575 1318 615 1364 dic
640 1319 745 1365 Absicht
769 1334 825 1377 arus,
852 1319 907 1365 sein
933 1319 1046 1365 Ert‘urter
1070 1320 1139 1365 Heus
1165 1334 1194 1364 zu
1219 1322 1366 1365 veritusseru
1389 1318 1440 1364 und
1464 1316 1540 1363 bittot
1558 1318 1607 1361 den

304 1390 388 1436 Urban
408 1404 449 1435 um
468 1389 562 1448 thtltige
582 1389 650 1435 Hilie
668 1388 709 1435 bei
728 1389 821 1435 diesem
841 1389 983 1435 Geschdfte.
1020 1388 1059 1435 Ob
1078 1389 1206 1436 Maternus
1223 1390 1306 1435 Pistor
1327 1404 1352 1435 es
1371 1388 1471 1445 erwirbt
1490 1387 1550 1434 eder
1567 1387 1608 1432 die

302 1460 406 1518 Vikare,
424 1459 462 1506 sei
481 1459 532 1505 ihm
551 1459 720 1519 gleichgi'dtig.

383 1558 423 1620 Et
447 1556 574 1621 domino
600 1562 632 1622 ct
661 1558 744 1639 patri
771 1556 863 1621 uobis
892 1556 1086 1621 amicissimo
1114 1566 1145 1621 et
1173 1576 1324 1640 perquam
1358 1556 1450 1620 docto
1472 1554 1609 1617 Henrico

303 1659 472 1737 Urbano,
494 1678 643 1723 ceunomo
666 1667 698 1722 et
718 1660 911 1743 presbytero.

383 1763 414 1824 S.
457 1761 543 1837 Quas
564 1761 691 1842 preterii
715 1762 841 1825 tabulas
862 1761 968 1843 edium
987 1762 1094 1826 nescio
1116 1781 1178 1843 qua
1200 1762 1335 1839 incuria,
1357 1778 1450 1837 nunc,
1471 1758 1610 1838 Urbane,

302 1861 395 1927 dulce
417 1862 512 1926 decus
534 1882 646 1942 meum,
668 1862 777 1935 habes,
799 1870 833 1927 ut
853 1864 973 1927 amussi
994 1864 1077 1945 lapis
1097 1864 1283 1947 applicetur.
1323 1862 1398 1927 Non
1426 1869 1474 1925 est
1494 1867 1609 1939 autem,

303 1972 337 2029 ut
362 1970 393 2027 te
420 1971 611 2043 currentem,
640 1971 674 2026 ut
701 1964 830 2043 dicitur,
856 1964 984 2029 incitem
1009 1972 1186 2048 promptum
1214 1964 1292 2027 nrihi
1319 1962 1500 2047 providere,
1525 1960 1609 2043 quod

303 2072 351 2131 est
376 2064 444 2129 veri
475 2066 576 2149 patris
605 2064 751 2129 officium.
799 2065 859 2143 Qui
888 2066 973 2130 enirn
995 2067 1073 2130 talia
1095 2072 1229 2149 prestat,
1259 2083 1320 2146 que
1341 2071 1375 2128 tu
1395 2064 1492 2142 mihi,
1518 2083 1611 2128 verus

302 2174 395 2253 pater
415 2175 447 2232 et
467 2167 579 2231 haberi
599 2173 631 2231 et
652 2167 715 2231 dici
738 2173 852 2250 potest.
894 2166 963 2232 Fac
985 2167 1098 2248 igitur,
1125 2174 1159 2231 ut
1181 2168 1232 2231 vel
1254 2176 1309 2231 tua
1330 2167 1422 2231 unius
1443 2185 1540 2248 opera
1559 2166 1611 2229 vel

303 2270 447 2334 adiutore
479 2270 697 2351 Engelmanno
731 2269 842 2333 domus
877 2269 1050 2348 alienetur,
1090 2289 1270 2351 quanquam
1303 2266 1463 2332 Duronius
1503 2286 1610 2332 recou-

302 2373 466 2435 cinnnturo
486 2371 579 2434 nobis
604 2370 681 2434 edos
702 2370 868 2435 materiam
895 2371 1049 2454 promisit.
1089 2371 1153 2435 Sed
1176 2370 1303 2435 reficere
1324 2378 1372 2451 et,
1399 2378 1432 2433 ut
1454 2370 1611 2453 Ulpianus

303 2472 420 2555 inquit,
449 2472 532 2555 qnod
555 2480 733 2555 corruptum
761 2479 810 2535 est
838 2473 869 2535 in
895 2474 1063 2556 pristinum
1085 2479 1200 2537 statum
1224 2472 1373 2537 reducere
1394 2480 1610 2555 sumptuosum

203 2622 214 2637 .
303 2585 334 2640 et
360 2593 515 2659 pergrave
542 2582 597 2638 est.
643 2574 752 2655 ltaque
782 2575 848 2638 sive
870 2574 1051 2640 Maternus³
1072 2575 1135 2639 XX
1164 2594 1288 2649 aureos
1324 2576 1391 2638 sive
1421 2575 1609 2639 vicariorum

303 2677 380 2741 ordo
405 2678 484 2741 duos
511 2678 681 2759 quotannis
713 2678 992 2758 representaverit‚
1024 2676 1193 2741 dummodo
1225 2684 1295 2759 post
1318 2658 1446 2740 obitum
1475 2676 1610 2739 Materni
1702 2742 1709 2752 ,

303 2798 456 2844 memores
478 2786 569 2843 erunt
589 2777 687 2842 nostri
709 2777 838 2858 vicarii,
870 2798 932 2842 uon
954 2798 1070 2861 porram
1094 2779 1125 2841 in
1147 2798 1263 2859 magno
1285 2779 1478 2843 discrimine.
1530 2777 1611 2861 (lap-

304 2884 429 2945 nioncm
450 2882 562 2945 merito
580 2880 702 2959 laudas,
723 2881 825 2944 virum
846 2880 1002 2944 eruditum
1025 2881 1163 2963 egregie.

373 3004 554 3053 Handschrit‘tl.
573 3005 594 3051 1¹*
611 3003 660 3051 190
679 3005 720 3050 tol.
734 3003 926 3050 tatu-¹352

305 3232 387 3305 289.
410 3232 454 3303 ll.
475 3216 520 3298 arr
541 3232 674 3332 Urban.
968 3230 1101 3313 (Gotho
1113 3232 1206 3299 1513.
1238 3231 1306 3297 Uru
1322 3232 1381 3299 dle
1395 3222 1495 3300 ilitio
1507 3234 1542 3305 d.
1559 3234 1612 3317 d.)

375 3357 438 3404 Mur.
458 3357 501 3402 hat
519 3371 691 3415 vernornruen,
710 3357 767 3402 dass
785 3358 826 3403 die
845 3357 939 3403 Vikure
958 3358 1009 3403 ilun
1029 3372 1112 3415 wegun
1133 3358 1309 3415 Bauliilligkeit
1330 3358 1411 3404 selues
1425 3358 1519 3405 Heuses
1538 3359 1612 3405 einen

304 3428 565 3485 Prozessauhiiugen
593 3427 694 3472 wiirden
727 3428 777 3473 und
810 3428 913 3473 rleshalb
945 3427 985 3473 ilrr
1012 3428 1128 3486 Angehot
1153 3429 1378 3486 zuriiclrgcwiesun.
1427 3428 1510 3475 worm
1538 3431 1612 3489 Sulryl

306 3498 357 3543 und
374 3499 530 3555 Engclmunu
554 3496 714 3555 zustimmeu‚
739 3498 822 3543 werde
840 3513 867 3544 er
884 3498 976 3545 burruu.
1013 3498 1109 3543 Seliurle
1129 3497 1165 3543 sui
1184 3514 1220 3557 cs,
1244 3500 1300 3544 dnss
1318 3514 1345 3545 er
1363 3500 1444 3546 wedur
1463 3500 1518 3545 dcrn
1537 3500 1614 3547 Here-

306 3568 367 3614 bord
385 3584 411 3612 v.
431 3568 456 3613 d.
470 3566 586 3612 Murthen
606 3568 669 3612 noch
689 3568 744 3612 (lom
764 3568 877 3627 Pctrqius
896 3568 940 3613 dus
960 3569 1028 3613 Heus
1047 3568 1189 3614 iiberlassou
1209 3568 1300 3615 kenne.

386 3664 522 3728 Heurico
545 3664 700 3728 Urbano
722 3665 882 3730 lllntianns
902 3666 1010 3729 Rufus.

387 3766 417 3829 S.
465 3765 687 3830 Salimannus⁴
714 3767 842 3831 audisse
870 3768 917 3830 ait
950 3768 1087 3831 vicarios
1118 3768 1318 3850 conspirasse
1353 3769 1386 3832 in
1419 3769 1506 3834 litem
1538 3770 1614 3833 milri
1687 3788 1692 3795 ·

306 3867 494 3932 taciendam.
536 3867 607 3931 Non
635 3887 672 3932 eo
702 3868 842 3933 inficias:
870 3869 991 3932 Domus
1017 3876 1065 3933 est
1091 3869 1259 3933 fulcienda.
1302 3868 1365 3933 Sed
1387 3871 1514 3935 Lotiani
1533 3880 1614 3943 sunt,

307 3969 359 4051 qui
387 3977 499 4031 curant
529 3969 615 4033 talia.
670 3970 746 4035 ldeo
776 3990 839 4034 nou
869 3970 967 4034 anuuri
1001 3970 1131 4035 vicariis
1163 3972 1442 4055 promittentibus⁵
1471 3973 1551 4037 mihi
1586 3973 1613 4036 ll

371 4184 796 4322 ssssrldeppktppprhrscheinlieh
817 4207 851 4243 arr
873 4166 933 4243 deu¹
949 4190 1119 4261 Triumphus
1139 4190 1256 4247 Veneris
1276 4192 1324 4245 des
1344 4189 1440 4245 llebol.

432 4287 469 4339 g.
509 4288 529 4321 r.
568 4286 576 4321 r
603 4312 608 4323 .

366 4343 381 4387 ³
401 4349 464 4419 Vgl.
475 4345 550 4402 Bes
567 4348 592 4402 S.
606 4349 641 4400 12
656 4349 740 4403 Aurn.
758 4345 784 4402 3.

371 4423 386 4466 ¹¹
408 4427 527 4499 Vgl.Br.
540 4428 577 4481 76
598 4427 624 4482 S.
638 4429 692 4481 111
714 4428 797 4486 Aum.
813 4428 840 4486 5.

370 4503 384 4548 ⁵
405 4508 528 4581 vgrsr.
542 4508 608 4564 use.
