3625 5192
655 361 742 415 Briclc
757 362 877 415 Matiane
895 362 955 414 541.
974 361 1033 415 542.
1443 361 1495 417 207

188 516 299 594 nisset,
327 514 438 579 melius
463 518 610 593 ageretur
635 530 705 575 com
733 510 843 575 doctis.
886 509 1000 590 Multa,
1021 508 1135 587 fateor,
1161 507 1285 589 didicit,
1306 510 1427 591 peritus
1447 519 1497 576 est

188 636 290 681 rernm
313 616 490 692 multarum,
511 613 673 695 ingenium
688 632 749 677 non
764 612 876 677 deesse
888 612 1005 676 scirnns
1018 618 1083 675 tam
1097 610 1196 674 nobili
1214 613 1347 675 notario.
1381 613 1493 679 Verum

187 720 386 801 qnestnarias
418 724 502 781 artes
529 716 658 796 didicit,
692 736 754 781 non
782 714 907 779 latinas.
960 714 1059 777 Novit
1086 732 1136 777 res
1159 713 1218 777 lori
1246 722 1277 777 et
1302 715 1405 794 curie,
1430 737 1492 781 non

187 820 295 886 schole
321 828 354 885 et
381 820 450 884 ocii.
491 819 629 883 Levibus
661 819 837 901 et-ineptis
866 817 1005 895 ingeniis
1026 816 1120 879 citius
1141 815 1259 881 arridet
1278 833 1373 897 quam
1394 822 1495 902 novis,
1539 822 1548 835 “

189 924 251 987 irno
277 924 417 1004 antiquis
452 927 483 985 et
512 921 687 1005 probandis
722 920 945 985 literatoribus.
998 919 1145 984 Scribant
1176 918 1262 983 haud
1303 920 1401 985 dubie
1435 924 1493 986 lor-

187 1045 269 1089 mam
291 1024 449 1089 examinis
475 1022 585 1087 diserti
615 1030 647 1087 et
673 1023 843 1087 tuebuntur
867 1022 1011 1093 alumnos
1036 1020 1178 1085 doctrine
1203 1022 1361 1104 politioris
1385 1032 1496 1089 contra

187 1128 350 1192 balborum
374 1127 513 1190 asseclas
543 1132 574 1190 et
595 1125 852 1207 theologistarum
882 1124 1024 1187 simias..
1054 1124 1121 1188 Nos
1148 1124 1208 1188 hec
1235 1123 1370 1189 ridicula
1397 1126 1495 1191 missa

186 1232 349 1294 l'aciarnus.

188 1410 193 1417 ‚
267 1331 351 1409 Quid
386 1329 567 1395 Duronius?
627 1328 750 1394 Dicitur
780 1328 912 1393 moleste
942 1328 1023 1393 ferre
1050 1346 1139 1391 suum
1166 1326 1254 1392 illum
1284 1330 1493 1395 carcerarium

188 1434 516 1519 pseudoprophetaml
538 1432 708 1515 principali
731 1430 834 1495 edicto
857 1431 945 1494 abire
966 1439 998 1495 et
1014 1437 1118 1495 tacere
1133 1430 1262 1495 iussum.
1294 1431 1371 1514 Ohe,
1387 1435 1495 1517 pulcre

159 1534 313 1601 'tactum
337 1561 340 1567 ⁴
363 1536 474 1600 iniecit
494 1534 552 1599 illa
571 1535 670 1618 pestis
691 1534 889 1599 Christianos
911 1552 1022 1598 mores.
1070 1532 1109 1597 ln
1130 1552 1192 1598 uno
1214 1540 1319 1599 tamen
1341 1543 1390 1600 est
1410 1556 1494 1600 erra-

187 1646 266 1703 tum:
300 1638 466 1719 Conrbnri,
493 1658 555 1702 non
577 1637 730 1721 proscribi
752 1636 870 1701 debuit.
918 1636 1038 1715 „Nemo
1060 1636 1238 1719 aruspicem
1259 1638 1437 1721 consulat,“
1459 1640 1492 1704 in

189 1742 258 1824 quit
279 1742 525 1805 Constantium?
553 1740 731 1823 imperator.
789 1740 916 1819 „Sileat
944 1745 1095 1821 perpetuo
1122 1737 1289 1803 divinandi
1317 1742 1493 1809 curiositas.

187 1843 338 1907 Homines
365 1842 452 1924 magi
475 1848 507 1907 et
525 1842 683 1924 sortilegi,
713 1842 745 1904 in
767 1860 954 1923 quacunque
977 1842 1041 1905 sint
1064 1847 1153 1925 parte
1173 1849 1340 1923 terrarum,
1366 1844 1493 1909 hnmani

189 1946 318 2027 generis
351 1946 478 2009 hostesb
511 1944 659 2009 credendi
692 1952 772 2008 sunt.
825 1944 858 2007 Si
891 1962 952 2007 non
985 1942 1101 2006 damno
1134 1950 1165 2006 et
1198 1943 1330 2009 infamia
1361 1948 1493 2011 notandi

187 2054 308 2127 essent,
346 2066 408 2111 non
450 2047 625 2127 legeremus
662 2047 694 2109 in
732 2046 798 2109 iure
842 2045 930 2109 cirili
972 2044 1149 2109 rubricam³
1188 2046 1229 2111 de
1270 2047 1422 2113 maleficis
1461 2057 1494 2115 et

187 2149 427 2215 mathematicis.
469 2150 630 2214 Habemus
657 2148 902 2233 prohibitionem
930 2148 963 2212 in
984 2147 1166 2212 Leviticoz4
1208 2149 1300 2230 „Non
1326 2149 1493 2217 declinetis

186 2251 228 2313 ad
275 2272 384 2333 magos
436 2270 495 2315 nec
540 2252 582 2315 ab
627 2252 737 2315 ariolis
776 2242 897 2333 aliquid
945 2250 1167 2329 sciscitemini,
1222 2258 1257 2314 nt
1305 2253 1492 2335 polluamini

187 2374 242 2437 per
286 2356 377 2419 eos.“
448 2354 561 2418 Valeat
583 2360 777 2436 ‘portentum
850 2354 883 2416 Si
923 2353 1118 2436 planetarios
1160 2352 1315 2418 damnant
1357 2355 1494 2421 Decreta

185 2459 355 2535 canonica,
398 2441 516 2539 quanto
560 2456 699 2521 severius
741 2460 814 2519 sunt
855 2454 1044 2537 repudiandi
1086 2454 1290 2520 circulatores
1323 2477 1393 2521 curu
1426 2461 1493 2524 suis

186 2559 256 2624 istis
298 2559 475 2641 nugatoriis
516 2558 778 2623 characteribus?
825 2558 1007 2622 Christiana
1039 2559 1152 2641 'pietas
1185 2557 1369 2642 prohibetur
1403 2560 1493 2626 adire

185 2661 392 2727 divinaculos.
439 2662 472 2726 Si
501 2681 609 2725 servus
631 2661 713 2739 adit,
744 2662 919 2742 crrstigatnr
939 2660 1139 2741 verberibus,
1167 2660 1195 2725 si
1216 2660 1402 2742 monachus,
1429 2685 1493 2729 ma-

186 2771 309 2827 ceratur
330 2764 555 2847 quinquennali
580 2765 769 2845 penitentia,
793 2766 818 2828 si
842 2763 983 2838 clericus,
1006 2762 1182 2827 detruditur
1204 2764 1235 2827 in
1259 2766 1494 2847 monasterium,

186 2867 214 2931 si
242 2867 342 2932 laicus
368 2866 660 2931 anathematizatur.
717 2866 783 2931 Hec
810 2876 997 2947 argumento
1023 2866 1105 2929 sint‘
1139 2864 1282 2931 Duronio
1309 2886 1371 2930 non
1400 2868 1493 2934 modo

187 2971 269 3032 non(¹
296 2968 476 3034 retinendos
506 2989 575 3034 esse
602 2970 682 3034 tales
709 2969 898 3044 nebulones,
925 2968 982 3032 sed
1012 2969 1114 3031 eciam
1142 2968 1322 3051 pellendos,
1348 2970 1493 3034 extermi-

187 3064 324 3151 nandos,
362 3071 547 3153 puniendos.
603 3071 789 3135 Consentire
821 3072 991 3135 retinentes
1025 3070 1095 3151 quis
1130 3071 1278 3135 dubitat?
1332 3072 1493 3137 Conclude

185 3175 340 3237 iacientes
369 3181 400 3237 et
425 3174 658 3238 consentientes
680 3174 747 3256 pari
773 3192 855 3256 pena
880 3171 1075 3257 plectendos.
1131 3172 1267 3236 Meretur
1294 3174 1493 3238 animadver-

185 3275 305 3339 sionem
335 3275 501 3339 Dnronius.
553 3274 686 3353 Stultus,
714 3276 740 3340 si
768 3276 898 3339 moleste
923 3276 983 3340 t'ert
1014 3276 1209 3339 eliminatum
1231 3296 1302 3341 esse
1320 3286 1492 3341 monstrum

185 3376 495 3458 pestilentissimum,
517 3377 578 3441 nisi
605 3378 736 3461 sapiens
757 3377 821 3441 dici
843 3383 962 3460 potest,
981 3378 1033 3458 qui
1057 3379 1230 3461 periculum
1253 3398 1342 3443 suum
1365 3400 1426 3444 non
1448 3380 1494 3441 in·

185 3478 308 3561 telligit
352 3480 398 3542 De
420 3480 480 3544 bac
502 3480 622 3543 erronis
643 3480 850 3545 abiectissimi
874 3480 1103 3563 proscriptione
1126 3480 1285 3545 hactenns.

267 3580 400 3656 Scribis,
428 3581 555 3646 Urbane
581 3582 756 3647 carissime:
785 3580 1010 3661 ‚,Reverendns
1031 3583 1132 3647 abbas
1154 3590 1277 3647 tuarum
1299 3604 1425 3667 precum
1447 3584 1494 3648 in-

185 3683 265 3746 tuitu
291 3683 426 3749 libenter
454 3684 580 3759 annuit,
614 3690 647 3747 ut
677 3685 819 3767 Lipsirn5
850 3682 1060 3767 proficiscar.“
1111 3684 1228 3762 Addis,
1254 3685 1338 3766 qnod
1368 3693 1416 3750 est
1439 3706 1493 3750 ne·
1523 3703 1529 3711 ·

184 3787 369 3850 cessarium:
399 3806 476 3866 „nec
504 3785 666 3867 ignorabo,
688 3786 742 3850 ubi
764 3806 907 3851 nurnmos
928 3787 987 3850 sim
1008 3788 1224 3870 acceptur·us.“
1264 3787 1291 3852 O
1313 3808 1363 3852 me
1384 3794 1493 3870 terque

185 3894 358 3971 quaterque
383 3890 522 3954 felicem!
571 3889 775 3954 conscribam
806 3889 914 3973 capita
942 3908 1045 3954 rerum
1067 3888 1270 3954 emendarum
1292 3896 1385 3971 teque
1407 3910 1493 3973 rogo,

256 4004 310 4055 ”F
327 4012 378 4059 unci
401 4012 434 4059 Ta
457 4010 646 4060 Constantinus.
693 3996 769 4058 bilei
792 4012 826 4057 l'e
849 4013 911 4057 nauch
938 4012 1021 4059 hostes
1043 4014 1103 4058 noch
1127 4027 1187 4059 osse.
1231 4006 1242 4033 ⁰
1267 4014 1301 4058 Te
1324 4020 1390 4060 snnt.
1426 3998 1440 4034 ‘¹
1460 4014 1493 4059 Τπ

185 4081 256 4127 hamc
273 4083 336 4130 qu.

250 4285 261 4328 1
283 4291 346 4363 ugr.
368 4290 411 4343 nr.
427 4288 482 4344 aas
506 4290 727 4349 s.ree-1sr.

248 4366 353 4426 2Ζινεί
377 4368 459 4425 Stitze
481 4390 530 4426 aus
551 4374 613 4427 dcrn
636 4371 728 4429 Codex
748 4373 919 4429 lastinianus
935 4372 985 4427 IX.
1011 4372 1054 4429 18.
1076 4373 1101 4429 b.

248 4446 262 4490 ³
283 4450 375 4507 Codex
397 4450 568 4507 Iustinianua
584 4454 634 4509 IX.
657 4454 704 4507 18.

244 4527 258 4569 4
281 4532 307 4586 3.
328 4532 406 4586 blose
429 4532 473 4587 19.
496 4532 542 4586 31.

247 4607 261 4650 5
283 4612 346 4684 Vgl.
368 4615 421 4666 den
446 4612 559 4685 vorigen
579 4613 665 4671 Bricl.
