3625 5192
313 365 365 418 294
685 363 945 432 Gosebichtaquellen
963 363 1011 416 dor
1031 361 1104 414 Prov.
1125 359 1247 416 Saulucn.

311 549 389 619 ele.
411 547 592 630 sparnum
615 565 660 612 arr
682 545 831 613 llutlan.
1018 543 1195 612 Elscnaclt
1212 543 1310 616 1523.
1339 543 1547 628 September
1563 544 1617 616 13.

380 704 494 764 Spalatin
517 703 621 761 meldot,
644 703 689 749 der
712 703 831 749 liurtiirst
854 703 919 750 bebo
945 703 1055 749 Mutians
1073 703 1141 750 Bitte
1165 717 1205 748 um
1230 701 1285 748 eine
1304 701 1413 748 Plrimde
1438 702 1495 746 sehr
1516 701 1619 760 giirrstig

312 776 510 834 autgenommem
528 773 677 832 vorspn'clrt,
696 773 752 818 dass
771 773 897 819 lornorhin
918 773 993 820 keine
1004 773 1197 832 Relbstigungon
1212 771 1445 818 lrommerPriester
1455 771 1619 818 vorkornmon

311 847 390 894 sollen
414 845 465 892 und
487 844 602 890 erinnort
620 844 712 901 daran,
735 843 791 890 dero
809 844 960 890 Kurlirrston
980 844 1023 889 das
1043 844 1178 902 Verlangte
1197 857 1226 888 su
1245 842 1375 901 sehielren,
1396 842 1488 888 ebenso
1508 840 1556 888 wie
1573 841 1620 888 das

312 916 383 962 Buclr
405 929 437 961 sn
466 914 507 960 die
525 914 711 960 lehtorsbsuser
728 915 836 961 Nounen
858 913 1070 972 surdebaugaban.
1110 913 1278 973 Hieronymus
1302 912 1413 959 Rudlsui
1432 911 1496 959 habe
1517 925 1552 958 an
1574 912 1621 960 dor

312 985 490 1044 u'nterrodung
508 983 623 1031 (lasallen
639 985 774 1045 geiouden,
792 983 933 1030 Hirschfeld
952 984 1003 1030 und
1022 980 1118 1030 Schado
1137 985 1219 1030 lassen
1237 985 1347 1042 griissen.

392 1111 578 1179 Reverendo
610 1119 642 1176 et
665 1110 879 1176 eruditissimo
904 1111 973 1175 viro
999 1111 1126 1176 domino
1153 1109 1298 1175 Conrado
1325 1108 1501 1174 Matiana
1528 1109 1621 1189 Rure,

312 1215 434 1281 doctori
458 1220 490 1280 et
510 1213 662 1279 canonico
683 1212 848 1292 Gothensi,
869 1231 925 1277 suo
947 1212 1146 1296 praeceptori
1167 1212 1386 1278 amantissimo
1408 1213 1439 1275 S.
1461 1211 1501 1276 D.

392 1317 505 1382 Mirum
527 1315 700 1382 reverende
720 1323 753 1380 et
768 1314 981 1380 eruditissime
994 1314 1102 1380 doctor
1113 1320 1145 1380 et
1155 1320 1341 1399 praeceptor
1354 1314 1505 1396 blotiano,
1525 1334 1620 1397 quam

312 1419 471 1494 eximiam,
494 1438 589 1500 quam
608 1416 810 1490 honorificam
832 1417 872 1482 de
893 1426 925 1482 te
942 1418 1132 1482 mentionem
1149 1416 1259 1482 tenent
1273 1415 1500 1500 beripn’nceps
1515 1424 1623 1484 noster

313 1521 577 1588 clementissimus
601 1519 695 1585 divus
721 1519 919 1598 Fridericus,
945 1519 1009 1583 dux
1029 1518 1204 1598 Senoniae,
1232 1519 1314 1582 sacri
1336 1517 1469 1582 Romani
1495 1519 1621 1602 imperii

314 1625 431 1692 elector
458 1622 569 1686 audita
593 1639 717 1703 quoque
743 1628 798 1685 tua
822 1619 864 1684 ad
891 1621 994 1704 ipsum
1022 1620 1159 1703 epistola
1180 1625 1211 1684 et
1231 1627 1360 1700 rogatus
1379 1619 1423 1684 ad
1443 1620 1523 1686 baec
1542 1623 1623 1688 meis

314 1725 421 1791 verbis
444 1734 497 1789 tuo
518 1724 646 1790 nominc
666 1742 723 1807 pro
744 1723 892 1804 precibus
913 1723 1011 1804 regiis
1032 1723 1079 1786 ita
1100 1719 1256 1802 munifice,
1280 1722 1325 1784 ita
1344 1721 1480 1786 libenter
1501 1724 1623 1804 annuit,

317 1836 352 1894 ut
382 1826 580 1892 commodum
609 1825 742 1890 diceret:
772 1823 924 1904 „Utinam
955 1825 1073 1909 possim
1104 1825 1133 1888 ei
1165 1830 1327 1906 praestare
1351 1823 1560 1890 sacerdotium
1588 1827 1621 1891 iu

313 1948 415 1994 annos
441 1929 584 2011 singulos
605 1927 656 1992 CC
678 1928 729 1991 vel
751 1925 829 1991 CCC
850 1945 962 1990 aureos
985 1925 1178 2010 dependens.
1224 1924 1349 2006 Dignus
1370 1925 1454 1990 euim
1475 1933 1538 2007 est,
1566 1929 1620 2008 qui

313 2032 414 2097 multa
433 2031 561 2109 habeat,
583 2048 644 2110 quo
664 2027 858 2092 commodius
878 2028 980 2111 possit
1001 2027 1108 2092 multis
1130 2045 1200 2092 esse
1221 2027 1306 2098 usui,
1328 2035 1494 2110 praeterea
1515 2036 1563 2094 est
1583 2049 1624 2095 ea

314 2134 501 2208 eruditione,
523 2151 563 2196 ea
582 2129 772 2212 eloquentia,
793 2149 833 2193 ea
854 2129 971 2212 peritia
993 2137 1024 2193 et
1039 2127 1339 2211 fidctamspectata,
1360 2137 1394 2194 ut
1409 2131 1436 2194 si
1452 2130 1623 2215 quispiam,

314 2245 399 2302 certe
420 2237 490 2318 ipse
510 2234 611 2318 possit
631 2232 746 2297 reterre
768 2230 935 2312 gratiam.“
983 2231 1111 2312 Exque
1133 2231 1286 2313 principis
1308 2231 1424 2296 iudicio
1446 2243 1531 2298 certo
1552 2254 1623 2317 per-

314 2336 451 2403 suadeas
473 2336 542 2400 llco
563 2334 706 2398 adiutore
727 2339 758 2398 te
779 2333 959 2397 habiturum
981 2332 1189 2398 beneficentia
1202 2334 1388 2399 caesariana
1402 2336 1623 2402 sacerdotium.

315 2441 427 2521 Neque
455 2437 587 2503 cessabo
616 2434 693 2500 dare
720 2455 863 2519 operam,
892 2443 927 2499 ut
950 2435 1012 2498 bae
1032 2435 1178 2516 regiones
1200 2435 1245 2499 ita
1265 2443 1438 2518 purgentur
1458 2438 1623 2502 turbatori-

315 2543 374 2606 bus
399 2539 596 2604 saeerdotum
623 2539 745 2620 piorum
770 2545 803 2600 et
825 2537 1047 2618 tranquillitati
1075 2536 1285 2618 studentium,
1312 2545 1396 2603 utet
1418 2539 1478 2604 tibi
1498 2547 1530 2604 et
1550 2541 1625 2604 aliis

314 2643 407 2708 bonis
435 2642 514 2705 viris
541 2641 622 2704 nibil
643 2641 685 2703 sit
706 2639 748 2703 ab
770 2640 839 2702 eius
865 2639 1014 2718 periculi,
1042 2640 1120 2703 mbil
1142 2646 1253 2705 metus.
1299 2641 1389 2718 Quod
1413 2641 1439 2705 si
1461 2644 1624 2708 commode

314 2747 486 2827 impetrare
508 2748 617 2826 potero
638 2761 695 2826 pro
716 2747 747 2805 te
768 2741 1043 2806 commendatitias
1063 2761 1082 2804 a
1106 2741 1251 2827 principe
1271 2743 1321 2808 vel
1343 2742 1384 2808 ad
1406 2753 1550 2808 senatum
1571 2747 1623 2810 vel

314 2847 356 2910 ad
378 2845 546 2927 collegium
567 2845 722 2908 ecclesiae
743 2842 1002 2927 Erpbordiensis,
1024 2863 1064 2908 ne
1085 2845 1171 2926 ipsas
1192 2844 1324 2924 quidem·
1340 2844 1394 2908 diu
1413 2846 1623 2912 desiderabis.

314 2949 439 3012 Interea
460 2947 520 3019 tac,
541 2953 576 3008 ut
596 2945 731 3028 principi
755 2945 872 3025 mittas,
892 2945 976 3026 quod
994 2946 1108 3028 petivit
1124 2967 1228 3011 coram
1244 2955 1275 3010 et
1291 2965 1374 3024 cura,
1396 2955 1430 3010 ut
1443 2948 1624 3013 Vestalibus

318 3047 643 3113 Vcbterhusensibus2
678 3047 804 3110 libellus
836 3047 995 3110 reddatur.
1054 3047 1132 3112 Mire
1168 3047 1289 3129 placuit
1318 3049 1510 3134 Hieronymo
1541 3050 1642 3142 Rau,

315 3151 442 3216 lauttio³
463 3170 483 3213 a
503 3151 633 3214 secretis
646 3149 885 3232 principalibus
905 3150 1052 3214 hesterna
1073 3149 1239 3215 collocutio
1261 3159 1325 3216 tua.
1370 3151 1525 3231 Breviter,
1553 3152 1624 3217 laus

315 3253 400 3334 Deo,
426 3253 533 3318 omnia
561 3254 595 3317 in
619 3252 695 3315 aula
715 3252 786 3325 tibi,
814 3251 877 3315 imo
899 3251 1032 3316 eruditis
1054 3259 1085 3316 et
1107 3252 1170 3334 piis
1191 3252 1337 3318 omnibus
1357 3251 1532 3337 adspirant.
1576 3256 1624 3320 'l'e

319 3441 518 3449 ——----

381 3552 391 3595 ¹
414 3557 539 3628 Spalatin
565 3559 673 3611 warrdte
699 3559 760 3611 sich
782 3558 853 3612 auch
881 3577 916 3612 an
944 3559 1017 3623 „den
1044 3565 1209 3627 gestreuuen
1235 3561 1288 3612 vml
1315 3559 1417 3613 Vesten
1450 3559 1625 3614 Burokhardt

315 3638 427 3705 llundt,
457 3637 660 3692 lleudtmeister
684 3640 738 3690 vnd
764 3639 944 3691 liaubtmann
973 3655 1006 3691 zu
1035 3639 1143 3704 (lotha,
1172 3640 1267 3692 seinen
1296 3641 1430 3693 besorrder
1455 3641 1624 3712 gunrrstigcn

317 3713 426 3770 Herrn“
455 3717 482 3769 in
505 3717 595 3770 einum
617 3715 767 3772 Schmiben
792 3737 842 3771 aus
864 3718 975 3788 'l'orgau
1001 3737 1063 3772 vom
1094 3719 1116 3773 l.
1139 3719 1302 3788 Soptmnber
1328 3720 1380 3772 mit
1400 3720 1449 3774 der
1469 3719 1559 3789 Bitte,
1580 3721 1624 3776 dle

316 3797 470 3850 Schuldner
495 3797 616 3850 Matiana
641 3816 689 3850 ιιιιι·
713 3799 840 3869 Zahlung
863 3817 896 3850 zu
922 3799 1110 3852 veranlassen:
1140 3799 1244 3853 lliemlt
1275 3799 1340 3853 bolil
1368 3799 1412 3853 ich
1441 3817 1464 3854 e.
1493 3819 1518 3871 g.
1550 3801 1624 3856 nrein

318 3877 410 3931 lieben
434 3879 501 3930 bern
530 3878 627 3931 doctor
654 3878 784 3947 blutlren,
809 3879 960 3932 denselben
988 3879 1017 3930 in
1045 3879 1237 3934 f1·errudlicherr
1267 3879 1373 3934 bovello
1399 3897 1431 3933 zu
1455 3880 1548 3934 haben
1571 3883 1623 3934 vnd

316 3957 402 4011 darob
422 3976 455 4010 zu
481 3958 555 4024 sein,
578 3958 667 4012 domit
687 3977 717 4013 er
743 3977 797 4013 von
824 3959 919 4013 seinen
941 3959 1118 4028 schuldigern
1139 3959 1229 4014 bezalt
1250 3961 1339 4014 werde
1361 3959 1423 4028 vnd,
1444 3960 1496 4014 wie
1517 3961 1624 4027 billich,

317 4037 509 4092 rnbeschwert
530 4038 623 4092 bleibe
676 4039 734 4092 ilas
764 4039 811 4093 bin
833 4040 879 4092 ioh
899 4057 933 4092 zu
955 4039 1101 4093 verdienen
1123 4040 1214 4110 willig.
1256 4040 1351 4094 Damit
1372 4041 1410 4093 vil
1432 4041 1534 4112 seliger
1555 4042 1625 4096 accit

315 4119 387 4172 euch
409 4119 463 4171 vnd
480 4119 553 4172 allen
574 4119 627 4172 den
648 4137 740 4174 euern.
772 4117 929 4174 Wcimmcr
945 4118 1162 4178 Gearrntarelriv,
1195 4121 1261 4191 lieg.
1280 4121 1310 4175 Ο.
1326 4139 1387 4190 pag.
1401 4120 1436 4173 87
1453 4121 1503 4174 un
1519 4121 1566 4174 23.

377 4193 469 4252 2Das
490 4197 603 4252 Klostcr
628 4200 655 4251 in
678 4199 888 4253 lclrtersbausen
913 4202 991 4268 (jetzt
1014 4199 1229 4274 llarlrtllceken,
1252 4201 1269 4254 3
1297 4201 1419 4256 Stunden
1446 4219 1500 4255 von
1521 4201 1626 4266 Erfurt,

321 4276 333 4330 l
357 4277 461 4330 Stunde
491 4296 544 4330 von
570 4276 702 4332 Arnstadt
730 4279 864 4338 entfemtl
897 4281 1013 4350 gelidum
1040 4298 1072 4332 zu
1099 4281 1148 4332 der
1173 4280 1368 4350 Praepositum
1394 4281 1492 4336 beatae
1522 4281 1625 4336 Mariae

314 4357 429 4427 virginis
450 4358 477 4409 in
500 4357 594 4411 Erturt
615 4361 670 4412 und
691 4378 774 4427 tnllss,
796 4361 866 4414 rraclr
888 4360 991 4412 soinem
1009 4359 1138 4430 Bcitrage
1159 4361 1429 4415 zurPalliumsieum·
1450 4361 1622 4434 (liegistrum

316 4437 430 4491 subsidii
453 4435 478 4491 S.
489 4437 539 4507 35)
560 4457 593 4491 zu
614 4439 774 4504 schliessen,
794 4441 858 4493 solu·
877 4439 953 4494 reich
974 4457 1100 4510 genesen
1122 4441 1187 4494 sein.

380 4513 659 4572 ltt'ahrseheinlich
684 4520 733 4572 der
761 4520 789 4572 in
817 4519 861 4573 lir.
883 4520 921 4572 ‘24
944 4521 970 4576 S.
984 4519 1022 4572 34
1043 4527 1182 4590 genennto
1210 4522 1306 4578 Scriba
1332 4521 1451 4590 ducalis,
1479 4539 1533 4577 von
1562 4522 1624 4576 dem

316 4598 387 4650 auch
408 4596 436 4649 iu
458 4597 573 4653 Baete
595 4597 621 4651 S.
634 4599 691 4651 308
713 4600 759 4654 die
779 4599 855 4654 Rode
880 4600 923 4654 ist.
