3625 5192
698 340 787 396 Brieic
801 338 922 397 Mutians
940 340 982 394 65.
1460 332 1495 387 89

272 490 432 575 Harpago.
484 488 555 553 Non
578 510 659 574 opus
679 498 736 554 cst.
778 490 918 555 Veniunt
938 488 1032 569 ultro,
1063 488 1154 555 nobis
1175 486 1357 571 supplicant
1377 491 1409 549 et
1430 502 1493 549 nru-

191 600 318 657 tuantur
338 600 452 655 sortem
474 593 531 657 snb
553 591 705 674 pensione
725 593 850 657 fenoris.

270 693 455 779 Nephelius.
496 694 582 775 Ergo
604 696 796 761 feneratores
815 695 902 761 estis.

270 796 385 861 Morus.
427 797 525 862 Licet.
567 797 634 861 Nos
655 798 739 861 enim
759 796 805 862 dii
827 815 935 861 sumus
956 802 987 861 et
1008 795 1056 861 sal
1078 802 1169 861 terre.

272 898 432 982 Harpugo.
474 898 541 963 lmo
565 898 742 980 legitimum
766 904 824 964 est.
865 897 1007 983 Expedit
1026 900 1119 977 enim,
1139 904 1174 962 ut
1194 896 1265 980 quis
1287 914 1320 962 rc
1341 914 1399 961 sna
1417 895 1496 961 hene

191 1007 306 1066 ulatur.

272 1103 457 1186 Nepbalins.
500 1103 649 1187 Expedit,
670 1102 726 1169 sed
748 1102 782 1167 id
803 1102 859 1167 liat
879 1102 950 1169 sinc
971 1101 1206 1167 fraudelratris.
1250 1100 1378 1165 Fratres
1390 1118 1497 1164 sumus

192 1224 301 1271 omnes
320 1226 383 1270 uno
404 1207 489 1271 l'onte
510 1206 581 1285 loti,
603 1224 667 1271 una
689 1203 750 1269 lide
771 1204 882 1269 renati.
925 1205 1035 1287 ltaque
1057 1203 1180 1287 peiores
1201 1202 1278 1267 estis
1302 1201 1420 1275 ludeis,
1443 1200 1496 1283 qui

191 1308 233 1373 ab
253 1307 443 1389 alienigenis
469 1315 590 1373 tantum
619 1326 731 1371 usuras
759 1306 880 1371 credite
906 1306 1041 1391 pecunie
1067 1312 1193 1389 petunt:
1216 1305 1292 1382 „nb
1320 1302 1374 1369 illo
1403 1304 1496 1387 erige

191 1412 336 1491 usuras“,
346 1410 531 1476 Ambrosius
543 1410 654 1493 inquit,
676 1410 749 1491 „cui
761 1410 872 1473 merito
883 1427 996 1474 nocere
1014 1407 1189 1489 desideras,
1210 1408 1251 1473 ab
1265 1407 1354 1473 hoste
1367 1407 1495 1493 publico

192 1533 283 1597 quem
296 1532 359 1579 non
369 1514 413 1578 sit
423 1512 539 1579 crimen
552 1512 726 1577 occiderc.“
759 1511 921 1589 Gravatis,
936 1510 1116 1597 expoliatis,
1133 1509 1331 1576 del'raudatis
1341 1528 1498 1593 pauperes

192 1615 285 1681 nobis
304 1615 473 1681 subiectos.
515 1615 588 1681 Non
609 1615 754 1694 feremus,
773 1630 1000 1696 conqueremur
1022 1620 1142 1678 tantam
1164 1612 1324 1679 iniuriam.

274 1717 388 1783 llorus.
431 1716 533 1782 Meum
556 1725 604 1783 est
615 1735 816 1802 perrumpere
827 1731 934 1781 casses
953 1722 985 1780 et
1006 1716 1135 1797 laqueos
1150 1716 1266 1797 legum.
1308 1714 1496 1797 Vidiponti·

194 1820 293 1899 licem,
313 1838 389 1904 sepe
414 1838 529 1885 causam
549 1822 648 1900 orari,
670 1839 733 1883 non
756 1826 860 1885 metuo
880 1818 1057 1884 silvestrem
1079 1816 1196 1883 abbam
1205 1818 1227 1882 1.

273 1920 457 2005 Nephalius.
499 1921 603 2003 Facis,
623 1921 706 2004 qnod
728 1921 830 1986 solent
850 1920 994 1997 villatici,
1018 1939 1164 2005 pecorum
1186 1918 1346 1985 custodes:
1368 1920 1499 1999 clamas,

194 2024 307 2089 haculo
338 2024 470 2089 minaris
500 2032 650 2104 unquam
682 2022 832 2088 subulcus
863 2029 896 2087 et
932 2022 1006 2089 vilis
1037 2022 1135 2104 opilio
1167 2026 1200 2085 et
1234 2019 1497 2103 quemadmodum

193 2144 309 2208 greges
330 2125 463 2191 rusticos
484 2125 572 2189 nulla
592 2124 833 2189 clemenciaaut
847 2124 1043 2189 humanitate
1058 2122 1267 2207 deglabrasti,
1288 2123 1499 2189 itaetnostris

156 2260 161 2272 ·
193 2228 307 2293 ovibus
333 2228 384 2293 lac
417 2235 448 2291 et
476 2228 582 2291 lanam
611 2225 786 2292 subducere
817 2225 929 2291 niteris
956 2232 987 2291 et
1021 2226 1176 2293 maximos
1209 2225 1381 2307 doctosque
1414 2227 1499 2289 viros

196 2330 399 2413 pastoraliter
418 2330 568 2409 iniectas,
600 2330 691 2411 quasi
714 2328 798 2393 idem
820 2328 862 2393 sit
880 2334 984 2392 mulas
1005 2328 1143 2411 pecudes
1164 2335 1195 2392 et
1217 2328 1338 2394 ratione
1360 2328 1501 2412 preditos

195 2431 361 2496 moderari.
403 2430 489 2495 Tuos
503 2431 646 2497 beluinos
667 2450 779 2505 mores,
803 2436 888 2493 tuam
913 2431 1098 2514 pecuinam⁸
1121 2432 1240 2495 rabiem
1262 2431 1502 2496 contemnimus.

193 2534 305 2599 Abbas
331 2553 418 2599 meus
443 2540 529 2598 tuam
550 2533 728 2598 amiciciam
750 2552 812 2596 uon
834 2534 951 2615 querit,
977 2540 1061 2597 tnarn
1085 2532 1290 2598 inimiciciam
1313 2554 1374 2599 uon
1401 2540 1498 2598 curat.

195 2635 259 2702 Sed
278 2637 364 2718 qnod
384 2655 493 2701 aurum
515 2645 547 2701 et
567 2643 733 2719 argentum
745 2637 873 2716 rel'utas,
895 2642 930 2699 nt
950 2634 1070 2701 diutius
1094 2656 1132 2701 ex
1150 2644 1232 2703 sorte
1249 2637 1359 2721 capias
1380 2656 1500 2709 usuras,

195 2739 336 2824 prol'ecto
357 2758 418 2803 non
445 2743 588 2804 letemus.

277 2840 438 2923 Harpago.
486 2842 540 2905 Sic
568 2839 635 2906 lieri
662 2842 750 2906 solet.
798 2840 840 2905 Et
865 2848 998 2924 patruus
1023 2859 1111 2905 meus
1139 2840 1270 2907 infinitis
1291 2841 1393 2906 modis
1414 2841 1503 2905 anxit

195 2950 344 3007 mutuum.
602 3020 608 3030 ⁵

279 3044 464 3129 Nephalius.
507 3045 589 3122 scio,
611 3052 644 3109 at
665 3046 776 3111 reddet
796 3046 902 3110 omnia
920 3044 986 3109 Deo
1006 3044 1048 3109 ad
1067 3045 1270 3111 novissimum
1293 3045 1502 3127 quadrantem

195 3153 228 3213 et
248 3148 324 3229 quia
346 3152 477 3230 paterne
498 3157 570 3212 note
593 3148 776 3230 plerumque
797 3149 882 3213 natis
899 3147 1054 3227 inherent,
1076 3152 1107 3210 tu
1130 3148 1253 3229 lugebis
1271 3148 1304 3211 in
1327 3148 1504 3231 penitentia

196 3256 228 3313 et
249 3248 452 3314 tristitudine.
494 3248 579 3327 Quid
600 3250 685 3331 insti,
706 3251 896 3332 quidsancti
919 3255 1022 3333 potest
1043 3248 1127 3333 apud
1147 3270 1204 3313 vos
1224 3268 1302 3329 esse,
1326 3250 1380 3331 qui
1397 3252 1504 3315 omnia

197 3352 360 3417 converrib
381 3351 766 3435 vultiscumpulviscnlo²
784 3358 816 3416 et
836 3371 905 3415 curn
931 3352 1001 3417 sitis
1021 3351 1219 3415 callidissimi
1241 3352 1374 3434 pecunie
1396 3361 1427 3417 et
1450 3352 1502 3417 do-

196 3454 294 3518 lomm
309 3454 424 3519 tunicis
436 3454 632 3519 vestitissimi
652 3455 822 3519 nominatis
834 3474 891 3519 vos
902 3455 951 3519 sal
964 3454 1065 3518 terre?
1106 3454 1299 3519 infatuatum.
1310 3454 1503 3536 salaporcis

196 3556 402 3622 conculcetur.
449 3556 816 3621 Vestrumsnmmumius
837 3556 914 3638 quid
935 3562 983 3621 est
999 3555 1086 3620 aliud
1105 3576 1199 3639 qnam
1222 3575 1344 3620 summa
1364 3557 1504 3621 iniuria?

197 3659 286 3723 llona
312 3658 441 3723 nomina
461 3678 518 3722 vos
547 3659 677 3742 pessimi
707 3660 899 3724 feneratores
921 3657 1086 3742 decipitis,
1107 3660 1181 3723 dnm
1204 3660 1336 3724 usurarii
1358 3659 1435 3723 iuris
1457 3660 1502 3723 ni-

197 3760 291 3824 mium
320 3767 448 3825 tenaces
477 3761 561 3825 estis.
611 3762 665 3826 Sic
693 3761 893 3845 elemosyne‘
922 3759 1102 3828 redundant
1131 3761 1162 3826 in
1195 3762 1362 3843 pernitiem
1388 3761 1503 3827 dantis.

196 3861 276 3939 Quis
296 3860 386 3927 dedit
407 3862 498 3927 vohis
518 3865 655 3928 sortem?
697 3863 780 3942 Quid
800 3862 935 3943 habetis,
957 3863 1039 3944 quod
1053 3884 1114 3929 non
1127 3865 1201 3929 olim
1215 3884 1237 3928 a
1256 3864 1429 3949 prophanis
1450 3864 1502 3929 do-

195 3970 304 4028 natum
325 3964 391 4029 sit?
431 3963 482 4029 Ab
502 3964 588 4029 lucro
609 3974 761 4045 quantum
783 3966 880 4031 liceat
899 3973 932 4030 et
953 3966 1061 4031 nescio
1083 3965 1153 4049 plus
1175 3968 1270 4031 etiam
1293 3985 1386 4049 quam
1410 3966 1505 4031 liceat

196 4065 418 4132 abhorrentem
446 4085 517 4131 esse
544 4075 667 4149 oportet
696 4068 797 4133 virum
829 4068 975 4151 religioni
1011 4068 1211 4134 Christianed
1242 4068 1394 4133 deditum.
1448 4066 1505 4131 Est

196 4171 281 4234 enim
310 4188 371 4233 nou
400 4168 493 4232 nrodo
519 4168 650 4235 liberale
672 4170 800 4253 paulurn
821 4170 862 4236 de
889 4170 956 4236 inre
976 4190 1032 4235 suo
1058 4169 1237 4251 (recedere,
1263 4170 1319 4235 sed
1346 4168 1503 4235 interdum

320 4324 333 4355 a
384 4309 491 4356 cuniam.
550 4293 607 4355 Μ’
620 4312 742 4359 converti.
802 4306 867 4359 ‘Ta
885 4313 1065 4373 elcemosynae.
1123 4300 1187 4357 “Te
1205 4310 1363 4358 Christianus
1382 4309 1504 4370 religioni.

260 4591 356 4653 ¹Dcu
376 4596 596 4673 Georgentbuler
612 4598 680 4657 Abt.
742 4592 756 4636 2
778 4597 855 4654 Nsch
878 4597 995 4657 Plautus
1015 4597 1128 4655 liuderus
1149 4596 1203 4668 111,
1228 4596 1254 4651 o.
1278 4594 1302 4651 7,
