3625 5192
575 349 664 404 Briefe
683 350 801 404 Maliane
822 352 881 404 5315.
899 352 958 404 537.
977 352 1037 405 538.
1056 353 1115 405 539.
1445 350 1496 403 201

273 498 331 569 Tu,
353 498 394 560 mi
412 506 510 581 pater,
534 500 649 582 perfice
667 498 883 565 venditionem
905 508 937 563 et
960 500 1002 563 da
1022 502 1173 565 caliceml
1189 502 1231 566 ad
1249 522 1298 566 me
1315 501 1498 581 Mercurio,²

192 620 232 664 nc
261 599 414 664 sodalitas
440 606 495 665 tua
521 602 646 683 culpam
675 608 707 665 et
735 601 840 666 dolum
868 606 944 684 (que
964 604 1099 667 crimina
1119 623 1140 666 a
1161 611 1192 668 te
1212 606 1407 669 amicissimo
1426 613 1500 667 sunt

192 700 312 787 aliena)
347 702 514 768 admisisse
547 703 700 769 videatur.
750 704 830 768 Vale
864 712 896 768 et
922 724 995 768 ama
1020 725 1071 770 me
1101 712 1217 773 mutuo.
1264 708 1345 771 Ama
1374 725 1499 788 quoque

191 803 416 885 Herebordum,
430 806 482 887 qui
495 805 615 870 utinam
625 806 788 871 Eobanum
799 808 1017 888 promoveret³
1028 806 1070 870 ad
1084 807 1261 890 collegium.
1283 810 1346 875 Sed
1359 809 1499 874 universi

192 914 308 972 tacete:
330 907 490 971 literarum
512 908 649 972 ollioium
672 908 880 973 intermittite.

277 1009 321 1073 lll
342 1010 418 1075 Idus
438 1010 640 1095 Septembres
661 1011 794 1076 MDXV.

263 1134 442 1183 llandscbril'tl.
466 1136 485 1181 l⁴¹
506 1136 555 1182 513
582 1136 713 1183 1013251.
754 1136 829 1183 Gedr.
855 1136 879 1183 b.
906 1136 948 1182 Tz.
970 1138 994 1184 S.
1011 1135 1060 1183 222
1086 1153 1133 1185 corr
1151 1137 1267 1185 Eobanus
1286 1145 1311 1186 ol
1329 1139 1366 1185 bia
1382 1140 1499 1198 graviora

192 1206 314 1253 astitistis.

745 1332 946 1339 --——--——.

195 1456 277 1523 5:39.
299 1455 342 1521 ll.
364 1474 409 1523 an
431 1456 565 1525 Urban.
719 1456 852 1541 (Gotho
868 1460 965 1530 1515.
989 1459 1087 1526 Kurz
1107 1478 1172 1528 vor
1192 1462 1246 1532 14.
1259 1459 1498 1546 September.)

264 1580 325 1630 Mul.
344 1583 376 1629 ist
394 1582 472 1642 vlillig
491 1583 685 1631 oinverstandcn
705 1584 750 1629 vnit
772 1584 869 1630 Urbana
888 1586 961 1646 Plan,
981 1587 1028 1631 don
1046 1587 1135 1633 Notion
1155 1588 1219 1632 nacla
1236 1588 1299 1633 Rom
1319 1603 1350 1633 ιιι
1371 1587 1499 1647 schir-ken,

194 1652 274 1698 tarlclt
303 1652 347 1699 das
371 1653 508 1700 l'crhallen
533 1654 576 1699 dos
601 1654 692 1715 Aliter,
721 1669 770 1701 von
799 1656 918 1701 walchem
941 1655 1007 1702 boim
1033 1656 1122 1702 Weins
1153 1658 1215 1703 alles
1240 1654 1368 1716 Mligliobo
1395 1672 1427 1703 un
1450 1658 1499 1705 Ge·

194 1724 322 1769 sclrenlron
352 1724 459 1771 orreirbt
486 1724 584 1770 werdon
609 1724 691 1778 harro,
712 1725 813 1771 bostsllt
836 1726 892 1771 eino
911 1726 1084 1773 Harrdlalorne
1110 1727 1150 1773 bei
1175 1727 1224 1773 den
1250 1727 1422 1775 Kartbiiuscrn
1448 1728 1498 1775 und

194 1797 289 1840 llnssort
307 1794 359 1840 airh
381 1795 442 1841 iiber
460 1795 500 1840 diu
519 1796 612 1841 lotzten
632 1795 730 1842 Wirrun
750 1796 776 1841 in
796 1794 847 1842 und
866 1811 907 1841 um
928 1796 1020 1844 Erfurt.

275 1890 423 1974 Spectato
451 1900 483 1955 et
512 1892 605 1956 docto
629 1892 710 1972 patri
731 1892 904 1972 Urbano,
927 1911 1077 1957 economo
1098 1912 1155 1957 suo
1176 1893 1386 1976 amicissimo,
1407 1894 1498 1958 bluti-

194 2013 275 2058 anus
292 1993 401 2058 Rufus.

274 2096 306 2163 S.
348 2096 456 2160 Laudo
478 2096 643 2161 consilium
666 2104 768 2176 tuum,
790 2095 874 2179 quod
900 2097 1034 2181 nepoti4
1055 2097 1187 2163 Romam
1209 2098 1290 2161 ituro
1311 2099 1431 2164 auxilio
1453 2100 1499 2165 sis

193 2206 226 2265 et
254 2198 401 2282 presidio.
455 2198 565 2281 Neque
596 2208 627 2264 te
659 2198 752 2263 etatis
782 2197 936 2263 lubricum
965 2207 1092 2264 revocet
1118 2221 1139 2263 a
1169 2200 1263 2265 solita
1292 2200 1498 2282 benignitate.

194 2302 361 2385 prebus²
387 2305 471 2367 euim
501 2302 556 2365 ille
581 2302 703 2383 ingenii
730 2302 803 2365 dote
826 2302 968 2384 preditus
994 2308 1025 2365 et
1047 2302 1158 2365 robore
1179 2304 1318 2385 corporis
1340 2303 1420 2367 nibil
1443 2324 1499 2387 per

194 2410 309 2468 etatem
334 2404 479 2485 peccabit
499 2412 533 2467 ut
555 2404 645 2467 multi
665 2402 883 2469 adolescentes
904 2403 992 2483 vino,
1023 2404 1111 2482 ludo,
1136 2406 1249 2469 scortis
1270 2404 1499 2470 devotissinri.¹’

195 2508 392 2587 diarrheusa
416 2508 442 2571 si
469 2507 559 2580 velit,
591 2513 782 2591 potestesse
803 2505 950 2570 dominus
972 2506 1124 2570 tutelaris.
1167 2507 1257 2571 Velle
1278 2515 1381 2572 autem
1404 2507 1500 2591 debet

194 2618 238 2689 et,
261 2618 345 2695 puto,
364 2609 421 2673 tibi
442 2615 566 2689 gratum
588 2608 685 2672 l'aciel
705 2627 889 2689 sunnnaque
910 2606 972 2671 lide
994 2607 1230 2673 commendabit
1249 2618 1345 2690 tuum,
1367 2611 1499 2695 perinde

195 2732 233 2775 ao
263 2712 290 2775 si
324 2712 469 2794 proprius
495 2729 593 2793 nepos
624 2715 721 2789 esset,
755 2709 855 2774 nobili
884 2708 1056 2787 mensurio,
1088 2710 1164 2791 quic
1189 2710 1319 2792 dicitur,
1345 2711 1500 2778 Zoinclr.⁶

195 2814 272 2878 Cum
290 2814 467 2878 Petreiuml
486 2812 610 2893 videvit,
632 2814 765 2895 primum
786 2819 864 2893 agat
885 2813 925 2875 de
946 2812 1058 2892 gracia
1079 2813 1111 2876 iu
1132 2813 1233 2877 l'orma
1253 2833 1426 2898 pauperum
1447 2833 1499 2879 ex·

194 2916 361 3000 pedienda.
409 2917 524 2981 Locum
549 2923 614 2981 tute
643 2915 756 2997 delige.
806 2915 872 2991 Tu,
894 2915 1031 2995 lbrtuna,
1051 2914 1145 2996 velis,
1167 2922 1200 2979 ut
1222 2916 1304 2981 belle
1323 2918 1500 2982 tortunatus

194 3021 345 3084 reveniat.

275 3122 446 3186 Silvanus⁸
472 3130 578 3186 noster
603 3121 710 3185 nescio
731 3120 808 3202 qtrid
830 3118 967 3185 bominis
987 3122 1041 3194 sit,
1070 3140 1110 3182 an
1132 3118 1285 3202 prodigus
1305 3141 1348 3185 au
1374 3128 1499 3186 avarus.

195 3224 301 3289 Donat
327 3224 450 3289 alienis.
497 3224 613 3288 Audivi
642 3224 731 3303 olim,
756 3242 826 3286 cum
848 3222 986 3286 (lotham
1006 3222 1084 3287 bora
1105 3222 1289 3306 vespertina
1310 3222 1500 3305 relinqueret

194 3327 291 3408 probe
314 3334 405 3411 potus
427 3334 459 3392 et
480 3326 644 3406 vacillans,
667 3326 895 3403 Brengbirum9
921 3344 941 3387 a
962 3313 1051 3405 tergo
1077 3324 1197 3389 dicere:
1225 3324 1304 3404 „das
1329 3324 1420 3390 achat
1440 3327 1501 3389 mir

194 3449 255 3512 eyn
269 3429 412 3509 bodem‘,
433 3430 522 3511 qrrasi
541 3430 672 3494 diceret:
696 3430 742 3509 „si
758 3428 927 3493 mansisset
937 3436 1037 3510 pater,
1054 3428 1273 3510 impetrassem
1289 3428 1371 3491 inter
1386 3428 1500 3510 pocula

194 3531 280 3595 mille
307 3532 470 3615 plancas.“
519 3532 629 3614 Nuper
650 3531 701 3595 liic
727 3530 910 3613 perpotavit
972 3530 1022 3594 lle
1049 3550 1111 3593 non
1139 3530 1294 3594 evocavit.
1350 3530 1498 3607 Mirabar.

193 3653 263 3697 cum
291 3642 376 3698 esset
402 3633 598 3715 qucrimonia
626 3634 724 3713 iusta,
755 3632 865 3697 debuit
892 3632 976 3695 enim
997 3638 1146 3713 conqueri
1168 3632 1209 3697 de
1231 3652 1332 3697 rerum
1357 3634 1449 3697 turba
1468 3642 1500 3699 ct

264 3758 276 3787 ⁸
296 3758 328 3803 ra
348 3758 467 3818 spinatae.
540 3742 602 3804 bra
620 3755 776 3805 ‹terliti'sstmt
847 3750 911 3802 ⁶ra
928 3755 996 3816 qma.

257 3954 268 3997 l
291 3960 351 4032 Vgt.
372 3960 418 4016 Br.
440 3958 497 4013 534
521 3960 548 4016 S.
564 3959 629 4014 198.

256 4036 269 4077 ²
291 4040 401 4096 Urbana
422 4040 535 4094 Diener.

254 4115 269 4159 ³
290 4121 352 4192 vgt.
375 4120 487 4174 111442
511 4121 566 4174 und
587 4120 651 4173 478.

254 4196 267 4237 1
290 4201 384 4255 Ucbor
404 4201 448 4255 (lie
470 4201 556 4255 iil'ters
576 4201 731 4255 ventilioute
754 4199 895 4255 liomreiso
915 4202 964 4255 (les
985 4201 1130 4271 Nepotiani.
1169 4202 1231 4273 vgt.
1250 4200 1293 4253 Br.
1312 4201 1365 4254 511
1386 4222 1412 4258 u.
1434 4203 1497 4258 512.

254 4275 268 4317 5
290 4280 352 4352 Vgl.
375 4281 417 4334 Br.
432 4280 470 4333 48
494 4280 512 4328 S
537 4281 573 4333 62
596 4282 676 4337 Anni.
689 4282 715 4337 3.

256 4358 341 4416 ’11)19
365 4361 591 4415 l‘orslinlielrkeil
606 4362 641 4415 ist
659 4363 736 4415 nicht
757 4362 845 4416 niihcr
867 4353 999 4418 bolr'annt.

258 4437 270 4481 1
291 4442 326 4495 Er
349 4442 423 4496 lcbte
444 4442 497 4495 scit
518 4442 655 4513 ungefaln·
675 4442 692 4494 2
713 4442 816 4496 dabren
840 4444 868 4496 in
890 4444 969 4499 Rom.

254 4518 268 4558 ⁸
290 4522 347 4576 Abt
368 4524 510 4577 Jolrannes
529 4541 582 4577 von
604 4522 801 4594 Georgonthal.

254 4598 268 4641 ⁰
291 4604 354 4674 vgt.
376 4602 421 4659 er.
436 4604 490 4657 roa
514 4604 610 4658 aava
632 4603 751 4658 anas.
