3625 5192
703 365 792 420 Brioiu
810 366 930 420 Mutians
950 366 1008 421 122.

805 515 931 595 „Simul
954 516 1037 580 assis

444 617 604 684 Miscueris
625 619 721 700 eiina,
742 619 834 684 simui
854 617 1014 684 conchilia
1033 619 1144 694 turdis,

443 719 559 785 Dulcia
578 739 613 784 se
635 722 667 784 in
690 721 785 786 bilem
807 728 931 786 vertent
950 722 1174 804 stomachoque
1193 724 1358 788 tumultum

439 822 545 888 ¹Lenta
566 823 645 888 t'erot
666 823 807 908 pituita“

285 960 420 1024 Tantum
444 959 508 1024 eibi
530 969 684 1043 potusque
706 966 856 1041 assumat,
877 966 1026 1042 qnantum
1049 961 1135 1026 facili
1158 961 1338 1044 digestione
1359 964 1511 1047 concoqui

202 1069 315 1147 potest.
369 1064 403 1126 in
426 1082 530 1128 eremo
558 1065 659 1128 sancti
681 1057 812 1144 Georgii
840 1062 974 1147 putabat
995 1064 1085 1127 nefas
1104 1085 1175 1130 esse
1208 1086 1270 1131 nou
1299 1065 1340 1128 ad
1370 1066 1510 1148 reguiam

202 1165 385 1248 propinanti
414 1165 612 1249 respondere.
654 1165 772 1244 Credo,
806 1165 839 1229 in
867 1165 942 1230 aula
965 1165 1152 1231 diversitate
1182 1169 1324 1232 earnium
1356 1188 1418 1232 uon
1447 1171 1513 1233 tani

202 1267 358 1332 distendit
383 1286 476 1350 quam
503 1268 674 1350 corrumpit
694 1275 852 1346 ventrem,
879 1269 964 1334 unde
988 1267 1105 1353 pituita
1131 1277 1280 1334 nascatur
1306 1289 1435 1336 neeesse
1455 1277 1512 1334 est.

203 1369 282 1434 lnde
302 1369 462 1453 putribilis
489 1387 563 1433 esca
591 1369 709 1433 residet
737 1371 767 1434 in
798 1369 970 1434 stomacho.
1012 1370 1154 1435 Vitanda
1184 1373 1330 1436 nimirum
1358 1372 1511 1437 sacietas:

203 1472 281 1538 nihii
305 1471 350 1536 ita
376 1471 480 1536 obruit
501 1470 640 1536 animum
667 1480 701 1536 ut
727 1473 838 1556 rutenus
869 1480 978 1538 venter
1002 1479 1033 1538 et
1056 1493 1133 1554 egra
1158 1475 1330 1540 concoctio.
1373 1474 1434 1553 Qui
1459 1473 1512 1538 de-

205 1573 291 1638 ditus
317 1580 365 1639 est
391 1573 538 1638 delicatis
564 1573 722 1654 obsoniis,
750 1575 831 1638 nibil
858 1581 965 1650 tenue,
993 1575 1071 1640 nihil
1099 1577 1214 1642 celeste
1241 1582 1344 1659 potest
1363 1577 1513 1659 cogitare.

205 1678 316 1757 ltaque
338 1677 514 1760 appetitum
527 1675 687 1750 refrenet,
716 1677 805 1742 euius
828 1679 941 1760 auriga
962 1679 1057 1760 ratio,
1086 1699 1125 1743 ne
1146 1679 1200 1744 ilie
1221 1687 1291 1744 ruat
1316 1681 1349 1744 in
1371 1699 1513 1764 preceps,

203 1781 292 1844 irena
313 1778 481 1844 contineat.
522 1779 620 1844 Recio
650 1778 807 1862 siquidem
835 1779 1021 1863 pedagogus
1049 1788 1097 1846 est
1126 1781 1266 1864 corporis
1290 1783 1383 1864 quasi
1412 1782 1510 1864 pueri.

110 1935 116 1944 .
203 1881 253 1947 Ob
275 1883 325 1961 id,
353 1891 386 1947 nt
407 1881 586 1947 sunnnatim
609 1883 716 1946 omnia
737 1881 857 1962 dicam,
883 1884 1045 1966 appetitus
1065 1883 1180 1946 rationi
1210 1890 1331 1965 pareat.
1380 1884 1426 1948 ita
1452 1883 1513 1964 tiet,

204 1991 238 2048 ut
260 1983 391 2066 prandio
408 1985 491 2048 vires
508 1983 612 2067 potius
624 1983 799 2048 retitiautur
809 2003 903 2066 quam
916 1984 1135 2068 opprimantur
1145 1991 1176 2049 et
1198 1984 1364 2048 iracundia
1386 1984 1512 2049 modurn

205 2106 266 2152 non
289 2086 432 2152 excedat.
474 2085 669 2165 „lraodium
683 2092 824 2166 generat,
846 2085 1015 2151 concordia
1028 2087 1126 2151 nutrit
1139 2088 1328 2152 aurorenr'.“
1370 2087 1514 2165 licitare,

117 2191 122 2200 '
204 2207 315 2272 queso,
337 2195 372 2252 nt
386 2208 522 2262 ¹rancore
545 2188 689 2273 deposito
713 2208 783 2254 curn
805 2209 881 2254 sene
901 2189 1012 2254 redeat
1032 2189 1064 2252 in
1086 2189 1231 2270 gratiam.
1276 2188 1514 2270 ‚,irascinriui“,

206 2291 307 2372 inquit
327 2291 464 2371 David2,
486 2299 542 2372 „et
562 2292 660 2358 nolite
682 2291 845 2376 peccare.“
887 2291 923 2354 ld
946 2293 1050 2373 ipsum
1072 2291 1253 2375 apostolus³
1274 2291 1399 2374 plenius
1421 2291 1513 2355 inter-

206 2399 361 2477 pretatur:
395 2394 472 2474 „b'ol
499 2414 560 2486 non
592 2395 716 2460 occidat
742 2413 836 2478 super
864 2393 1059 2458 iracundiam
1088 2395 1254 2458 vestranr.“
1296 2393 1380 2470 Quid
1409 2393 1513 2456 dicam

207 2495 247 2560 de
268 2496 449 2579 Spalatiuo,
479 2497 511 2560 in
538 2497 627 2561 cuius
652 2496 733 2561 iram
754 2515 816 2561 non
839 2499 932 2560 uanius
954 2495 1028 2569 diei,
1053 2495 1109 2561 sed
1132 2496 1297 2560 multorum
1318 2494 1439 2559 dierum
1468 2495 1515 2560 soi

206 2599 296 2663 testis
319 2597 473 2663 occubuit.
516 2599 812 2682 Salvatorloquitur
833 2598 865 2663 in
887 2599 1092 2680 evangelici:
1114 2599 1169 2679 „Si
1190 2597 1283 2662 ofl'ers
1305 2604 1514 2663 nrunnstunm

206 2699 247 2763 ad
264 2700 364 2765 altare
376 2700 482 2783 ibique
495 2708 717 2766 rememoratus
732 2701 836 2782 tireris,
858 2703 1039 2784 quiasrnter
1052 2707 1122 2766 taus
1144 2701 1240 2766 habet
1261 2701 1384 2781 aliquid
1403 2701 1513 2765 adver-

207 2821 275 2867 sum
297 2809 340 2884 te,
366 2804 507 2886 relinque
529 2802 573 2868 ibi
594 2823 707 2868 nunnus
729 2811 814 2868 tuum
835 2810 910 2868 ante
932 2805 1032 2869 altare
1054 2809 1085 2868 et
1105 2805 1186 2868 vade
1208 2802 1405 2868 reconciliari
1428 2803 1515 2886 prius

205 2905 294 2970 fratri
307 2911 359 2969 tuo
381 2906 477 2972 etsie
498 2907 609 2970 offeres
631 2924 742 2986 numus
764 2913 849 2970 tuum
869 2905 911 2970 ad
927 2907 1057 2970 aitare.“
1098 2905 1261 2983 Quomodo
1284 2926 1358 2986 ergo
1379 2904 1428 2968 ira
1448 2925 1516 2988 per-

206 3015 352 3073 manente
373 3008 551 3072 sacrificat?
592 3008 661 3086 Quo
688 3009 794 3073 animo
822 3007 901 3072 dicit
922 3009 956 3071 in
979 3008 1120 3074 oratione
1142 3008 1325 3072 Dominiea:
1356 3007 1515 3089 „Dimitte

207 3110 299 3174 nubis
333 3108 443 3174 debita
473 3116 596 3188 nostra,
634 3110 716 3174 sieut
746 3117 777 3176 et
808 3131 865 3174 nos
899 3109 1088 3174 dimittimus
1119 3109 1317 3175 debitoribus
1350 3109 1515 3174 nostris?“

207 3211 274 3288 Quo
296 3231 365 3276 eum
387 3213 433 3276 ita
454 3211 533 3291 sint,
558 3212 707 3294 iungatur
732 3212 851 3293 placidi
880 3212 1055 3278 sacerdotis
1081 3211 1184 3276 otiicio
1214 3218 1245 3276 et
1272 3231 1341 3275 carru
1371 3211 1517 3276 omnibus

187 3314 386 3379 bominibus
408 3333 518 3397 pacem
543 3313 658 3379 habeat
680 3315 833 3397 sedatque
855 3315 924 3380 seui
944 3335 1075 3380 moroso.
1119 3315 1217 3396 ldqne
1239 3315 1337 3379 t'aeiat
1359 3333 1396 3376 co
1418 3312 1517 3376 liben-

207 3417 283 3496 tius,
323 3415 405 3499 quod
438 3437 499 3481 non
531 3405 585 3480 diu
622 3436 787 3482 mansurus
820 3419 861 3482 sit
898 3437 996 3482 senex
1033 3418 1066 3480 in
1098 3415 1304 3482 contubernio
1336 3414 1516 3500 principali.

208 3520 291 3584 Nam
315 3519 374 3584 hac
395 3519 480 3599 bora,
503 3520 536 3585 id
559 3526 621 3600 est,
645 3521 743 3584 tercia
766 3520 857 3585 huius
877 3519 1052 3585 dmninice²
1073 3519 1163 3599 lucis,
1189 3520 1310 3583 locutus
1331 3537 1399 3582 sum
1420 3517 1520 3580 muita

207 3640 277 3685 eum
301 3621 410 3686 intimo
432 3621 587 3687 Friderici
609 3622 817 3702 cubiculario,
846 3623 899 3702 qui
927 3621 973 3685 ait
999 3640 1106 3686 senem
1131 3640 1201 3686 csse
1222 3640 1386 3686 morosum.
1434 3617 1519 3696 Quid

207 3722 354 3802 amicius,
382 3722 457 3806 quid
479 3725 624 3808 optacius
646 3725 812 3806 spalatino
833 3723 1016 3805 contingere
1041 3724 1169 3807 potest?
1210 3722 1303 3787 Modo
1324 3726 1451 3801 caveat,
1479 3739 1519 3784 ue

112 3856 115 3863 ·
207 3827 246 3892 de
268 3846 302 3891 se
322 3846 446 3909 qnoque
464 3827 597 3891 dicatur.
640 3825 769 3890 Urbane
790 3827 963 3904 carissime,
985 3827 1012 3890 si
1024 3826 1093 3891 vuit
1102 3825 1298 3910 Spalatinns,
1320 3823 1435 3908 poterit
1456 3822 1519 3886 sibi

209 3935 240 3993 et
262 3927 353 3995 nobis
373 3929 544 4011 prodesse3
573 3928 619 3992 ita
639 3937 763 3992 amatur
788 3949 808 3992 a
835 3927 910 3992 divo
932 3927 1104 3994 Friderico.
1153 3927 1303 3992 Narravit
1328 3925 1406 3992 mihi
1432 3923 1518 3989 eubi-

210 4030 347 4095 cuiarius
368 4031 544 4114 principem
556 4049 662 4095 secum
677 4030 759 4094 ferre
780 4049 828 4109 ea,
847 4049 909 4112 que
921 4030 1108 4112 Spalatinus
1126 4031 1158 4094 in
1170 4030 1360 4096 teutonicam
1376 4027 1518 4108 linguam

209 4132 271 4197 sibi
294 4132 521 4198 convertisset⁵
543 4139 574 4197 ct
594 4131 749 4197 advocato
761 4151 857 4215 puero
869 4132 963 4197 iussit
981 4132 1043 4197 sibi
1057 4132 1173 4214 aderri,
1194 4127 1519 4196 utmiiriostenderst.

279 4279 291 4307 ¹
311 4279 344 4326 Ta
363 4279 425 4326 lueis
446 4278 592 4326 dumiuiruc.

277 4535 424 4595 ¹Catouis
443 4540 562 4595 disticha
581 4541 604 4604 i,
623 4539 669 4591 72.
731 4537 858 4596 ²Paaim
873 4539 938 4612 ab.
995 4533 1245 4612 ³Epheser4,2t3.
1303 4531 1522 4604 tutsttuamb,

211 4619 352 4676 aa-ar.
414 4616 512 4693 erga
534 4619 666 4675 narra.
