3625 5192
649 384 737 441 Bricse
756 384 874 453 Mutiens
894 387 952 441 587.
971 386 1029 441 588.
1433 384 1485 443 ‘257
1519 472 1522 476 ‚

180 530 334 600 doctrinis
363 535 461 601 didici
489 537 653 618 aliquanto
682 537 786 602 verius
808 535 968 601 Christum
999 534 1104 619 sequi,
1131 534 1177 600 its
1205 534 1237 598 in
1268 534 1431 619 pontilicis
1453 557 1485 601 rc

181 656 250 702 cum
272 656 310 701 eo
330 640 447 703 sentire
469 630 530 704 non
556 658 682 722 possum
704 646 840 719 suntque
860 638 1014 703 l'acillima
1037 637 1210 715 confutato,
1230 636 1381 717 quicquid
1397 637 1428 703 in
1446 658 1486 701 ea

179 757 214 804 re
227 738 351 803 sentit¹
381 736 444 805 Sed
466 746 575 805 contra
596 758 671 804 eum.
688 760 750 805 non
772 740 917 805 scribam.
950 738 1257 812 Piaclumducerem,
1279 738 1306 801 si
1328 739 1378 803 rel
1390 740 1487 804 verbo

180 860 272 905 ome
295 842 545 925 perstringerem.
579 842 707 907 Miseret
727 850 831 907 tamen
854 860 904 906 me
926 840 1122 905 condicionis
1144 839 1288 916 hodiene,
1306 839 1389 923 qnod
1405 840 1486 905 adeo

178 959 286 1005 sumus
313 942 443 1025 fragiles
469 950 502 1009 et
528 944 636 1024 nihili,
665 951 699 1008 ut
725 944 821 1009 etiam
847 944 902 1026 qui
929 942 1137 1027 perfecciores
1167 960 1237 1007 esse
1258 942 1444 1025 probentur,
1467 963 1487 1006 a

180 1042 235 1106 vis
254 1042 424 1124 declinent,
446 1052 480 1109 ut
500 1046 626 1127 vicisse,
647 1054 681 1110 nt
702 1048 846 1129 pociores
866 1044 964 1111 luisse
985 1045 1160 1110 rideantur.
1209 1043 1273 1109 Sed
1295 1043 1336 1109 de
1356 1043 1420 1108 hiis
1440 1046 1486 1108 ni-

180 1144 287 1210 mium.
329 1145 396 1211 lloc
417 1147 457 1210 de
478 1168 529 1214 me
549 1148 632 1213 hehe
651 1148 769 1213 nullum
790 1166 859 1213 esse
881 1166 946 1211 rem
967 1154 1031 1210 tam
1053 1144 1229 1226 oillicilem,
1257 1165 1350 1228 quam
1371 1146 1488 1211 trustra

180 1267 200 1311 a
221 1266 281 1326 me,
301 1246 374 1313 dum
399 1256 540 1331 prestare
560 1250 696 1314 otlicium
718 1249 846 1333 possim,
867 1248 912 1315 sis
932 1249 1139 1333 expetiturus,
1160 1247 1214 1330 qui
1234 1254 1266 1313 te
1286 1247 1489 1314 vehementer

180 1368 252 1413 amo
273 1357 305 1414 et
326 1369 346 1413 a
366 1355 398 1415 te
419 1358 503 1415 totus
524 1350 655 1433 pendeo.
699 1349 786 1415 Vale.

259 1450 308 1515 Ex
330 1450 487 1533 Friburgo
508 1449 664 1515 Kalendis
686 1450 872 1517 Decembris
893 1470 978 1517 enno
997 1452 1128 1517 XlX.⁸²

863 1552 953 1617 Tuus
973 1552 1190 1619 Udclrious
1209 1552 1376 1619 Zasius.b

731 1654 851 1737 Legum
873 1654 983 1720 doctor
1003 1662 1035 1719 et
1055 1655 1234 1721 ordinarius
1254 1656 1488 1739 Friburgensis.

250 1776 431 1825 Hsndschriitl.
450 1776 511 1823 eod.
533 1778 613 1827 chart.
633 1776 708 1829 Goth.
729 1778 757 1827 B.
777 1772 818 1823 20'
832 1779 872 1825 tol.
893 1777 1027 1824 sev-41
1037 1791 1055 1822 r.
1093 1773 1154 1837 (Der
1168 1777 1248 1824 Codex
1264 1784 1358 1825 dcmmt
1377 1794 1422 1826 orec
1435 1779 1488 1825 dem

181 1842 223 1895 16.
243 1848 410 1893 datr-tundere
429 1846 480 1892 und
498 1848 588 1895 crrthttlt
606 1847 656 1907 oras
669 1844 703 1893 55
720 1847 829 1894 Bldttcrn
847 1851 874 1895 in
892 1844 927 1894 4⁰
950 1849 1002 1894 cine
1021 1848 1117 1895 Armet
1140 1849 1263 1908 metopo
1280 1849 1363 1908 Bricfc
1381 1865 1427 1895 aas
1443 1850 1489 1895 der

179 1918 411 1976 Itejmurotionseeit.
446 1916 496 1962 Der
513 1918 572 1963 Text
589 1918 631 1963 der
647 1918 814 1977 rocliepcrrdco
831 1918 927 1977 Bricses
939 1920 971 1965 ist
991 1935 1022 1964 arr
1041 1920 1162 1964 melnerm
1179 1919 1268 1965 stetten
1285 1919 1390 1978 ‹minhar
1401 1919 1486 1979 salech

179 1986 324 2045 tihcrlr'escrt.
369 1988 500 2033 summm
521 1989 625 2034 ndmliclr
650 1987 740 2033 scheint
764 1988 808 2033 der
825 1987 982 2035 Adeste-ether
1002 1990 1056 2035 reiut·
1074 1989 1179 2047 jlitclrtr'g
1199 1988 1327 2048 pcorder'tct
1349 2005 1378 2036 m
1402 1988 1487 2051 haten,

180 2057 340 2104 ander-erretis
358 2057 421 2102 mirri
438 2059 500 2103 acolt
519 2057 559 2104 die
577 2060 710 2105 atter-kannt
725 2059 813 2103 colncer
828 2057 924 2104 leubarc
937 2059 1014 2105 Hand
1034 2060 1078 2105 der
1094 2058 1180 2105 lacius
1199 2059 1250 2105 eine
1267 2064 1358 2118 patrare
1381 2059 1487 2105 ll'r'eder·

178 2126 237 2186 pade
250 2127 293 2173 cler
304 2127 426 2187 originale
443 2129 549 2174 vereiolt
567 2126 660 2185 tabeo).
683 2152 712 2161 -
732 2127 808 2178 Gedr.
829 2127 866 2173 tei
878 2128 1131 2176 tietlcrtdmtleraca.
1150 2125 1260 2175 botuli).
1271 2129 1400 2175 November
1411 2127 1486 2189 lost,

179 2198 206 2243 in
229 2196 274 2243 der
291 2197 429 2256 Zeitsclrtifl
452 2196 494 2244 des
520 2198 660 2257 Ber'pisrhen
684 2198 914 2244 (leuticorum-eim
936 2198 1022 2258 Hrcpp.
1047 2215 1093 2244 con
1117 2190 1195 2245 With.
1221 2196 1339 2244 Chceclius
1360 2215 1384 2248 u.
1410 2198 1485 2247 ll'old.

180 2266 282 2313 llurlcss
300 2266 603 2326 Ba..t·12t'.lnrn·p.1co3.
622 2268 647 2315 S.
665 2264 816 2317 lot-192.
852 2268 951 2313 Dorrms
967 2268 1232 2316 anthemodorus.
1257 2267 1405 2326 romerdorf
1420 2266 1487 2314 18113

249 2426 343 2477 rcoo.
360 2428 417 2475 xx.
520 2414 610 2478 l’coc
629 2430 724 2479 zazius.

178 2666 260 2739 588.
281 2665 326 2738 ll.
348 2684 394 2733 sn
415 2665 486 2734 don
503 2665 642 2735 Rohtor
662 2666 728 2734 der
748 2666 975 2736 Universltttt
993 2667 1132 2738 Erfurt.
1252 2665 1369 2735 (iotha
1383 2666 1485 2752 (1519

330 2746 419 2815 oder·
438 2746 554 2829 loeo.)
596 2746 692 2815 littrc
711 2750 742 2816 1.

247 2870 310 2919 lint.
330 2870 407 2919 blttct
423 2886 479 2917 zum
497 2872 603 2919 zweitcn
621 2871 687 2918 Molo
705 2886 747 2919 um
766 2871 925 2933 Vergebung‚
944 2872 1001 2918 deus
1018 2871 1121 2919 Molitor
1137 2872 1272 2919 wiederum
1290 2873 1396 2933 golehlt,
1414 2874 1487 2934 nost,

179 2942 235 2987 (loss
254 2940 294 2987 die
313 2941 407 2987 l'oinde
430 2941 475 2988 dor
493 2942 708 2989 wissenschaften
726 2942 810 2989 niclrts
830 2942 972 2989 eucrichton
991 2944 1091 2990 worden
1111 2944 1162 2989 und
1181 2943 1308 3004 cmpfiehlt
1325 2943 1375 2991 don
1394 2945 1485 2993 ronco.

259 3038 395 3103 Domino
415 3038 529 3103 rectori
550 3037 743 3103 academico.

258 3140 534 3205 Praestantissimo
561 3146 679 3220 rector,
704 3140 811 3206 solvus
833 3140 886 3206 sis.
922 3140 1036 3205 lterum
1056 3147 1152 3224 etque
1173 3143 1286 3206 iterum
1307 3161 1413 3207 errare
1428 3162 1486 3207 nos

178 3242 326 3307 hlolitor³
345 3242 439 3323 thoit3
466 3261 550 3307 nova
575 3241 671 3307 venia
699 3260 780 3325 opus
802 3248 864 3323 est,
889 3242 1021 3307 absolve
1042 3242 1170 3308 domine
1193 3243 1242 3307 his
1264 3242 1430 3307 meatem
1452 3262 1486 3308 re

178 3350 372 3429 peccantem.
419 3344 507 3409 Nihil
536 3349 637 3427 egunt
657 3344 764 3409 hostes
780 3343 950 3409 literarum.
997 3344 1113 3416 Velim,
1138 3344 1253 3424 nolint,
1275 3344 1486 3427 multiplican-

178 3452 228 3511 tur
249 3446 421 3529 politiores.
463 3446 531 3511 Hoc
551 3444 651 3527 volni,
680 3465 720 3511 ne
738 3445 886 3511 nescires.
929 3445 1131 3510 Dracoucm⁴
1155 3445 1362 3528 amplectere,
1388 3446 1484 3511 ‹liser-

240 3648 252 3693 ¹
274 3654 329 3711 Am
351 3654 397 3713 22.
418 3654 543 3712 Oktober
565 3656 642 3711 1520
661 3657 784 3713 schreibt
803 3655 897 3711 Zosius
918 3674 953 3710 su
974 3654 1086 3712 Johonn
1107 3654 1212 3710 Faber:
1238 3654 1351 3711 DescIvi
1375 3654 1412 3710 ab
1437 3656 1487 3710 ho·

179 3734 255 3790 mine
286 3735 337 3803 (sc.
364 3736 515 3809 Luthero),
545 3737 593 3793 ubi
625 3755 732 3795 venene
762 3739 835 3792 mele
854 3736 966 3806 miscet,
995 3736 1114 3791 antehoc
1140 3735 1303 3806 admiratus,
1333 3735 1383 3790 ubi
1412 3734 1488 3791 bone

178 3832 286 3871 venene
309 3817 480 3888 temperavit.
522 3818 613 3873 Deum
630 3817 824 3887 immortalem,
844 3834 928 3887 quam
947 3815 1063 3888 frugilis,
1083 3834 1166 3886 quem
1179 3815 1279 3870 nichili
1288 3832 1332 3870 res
1344 3822 1388 3870 est
1402 3816 1485 3870 homo

179 3895 240 3950 siue
261 3897 351 3967 gratio
370 3897 529 3953 adiuvante!
550 3896 624 3963 Quid
645 3915 701 3953 non
722 3896 816 3969 potuit
835 3896 975 3951 Lutherus
992 3914 1056 3951 cum
1075 3896 1186 3969 gratio?
1211 3912 1286 3951 nunc
1305 3896 1435 3966 abeunte,
1456 3902 1488 3948 ut

177 3992 282 4045 vereor,
301 3976 392 4049 mtto
405 3978 472 4049 quid
492 3996 546 4033 uon
569 3976 735 4033 confundit?

241 4050 334 4111 2Αιιε
355 4059 409 4113 den
430 4058 661 4131 Anfsngsnorten
684 4058 732 4113 des
752 4057 875 4113 Briefes:
902 4057 956 4111 hoo
976 4074 1050 4111 onno
1072 4054 1161 4110 Phebi
1182 4054 1281 4109 iaculis
1297 4053 1414 4107 nimium
1437 4053 1486 4108 inr-

181 4135 293 4207 peditus
312 4138 381 4209 geht
396 4138 519 4193 deutlich
540 4139 647 4209 horror,
667 4138 729 4193 dass
749 4139 798 4193 der
815 4136 897 4193 Brief
914 4137 992 4193 nicht
1015 4134 1101 4204 1520,
1122 4136 1240 4191 sondern
1254 4133 1330 4187 rote
1349 4134 1487 4205 geschrio

177 4216 234 4271 ben
254 4218 356 4276 wurde.

240 4290 255 4336 ³
278 4296 522 4353 Wuhrscheinlich
550 4297 601 4352 der
630 4298 808 4353 Lundsmenn
839 4296 950 4353 Urbane
980 4296 1125 4366 „loannes
1154 4294 1292 4349 Molitoris
1320 4311 1353 4349 ex
1383 4292 1425 4349 Ur
1461 4292 1488 4360 “‚

180 4376 301 4433 welcher
322 4376 421 4432 Ostern
443 4376 520 4431 1512
548 4377 577 4431 in
597 4376 694 4433 Erfurt
713 4376 940 4433 immotrilruliert
957 4376 1058 4430 wurde.
1097 4375 1137 4429 Er
1156 4374 1223 4429 wird
1244 4380 1321 4430 sonet
1340 4374 1378 4428 im
1400 4372 1488 4430 Bricf-

179 4458 297 4513 wechsel
318 4456 397 4512 nicht
415 4464 546 4529 genennt

240 4533 254 4577 ⁴
269 4538 411 4595 «Iohannes
422 4537 515 4593 Droco
526 4554 575 4592 sus
586 4536 737 4591 Kurlstadt.
759 4537 796 4591 Er
808 4538 897 4591 wurdc
910 4534 1009 4591 Ostern
1022 4534 1098 4589 1509
1109 4534 1138 4589 in
1150 4533 1246 4588 Ert'urt
1255 4532 1489 4597 immetrikuliert,

183 4616 324 4687 (loannes
344 4617 435 4671 Truch
454 4618 489 4672 de
510 4614 663 4689 Kcrlstodt)
686 4616 763 4671 1512
786 4616 947 4672 Boculurius
964 4617 1021 4671 und
1041 4615 1107 4671 zuei
1128 4614 1214 4671 Jahre
1231 4617 1326 4686 spdter
1346 4612 1488 4685 Magister.

232 4717 600 4789 commonueresxrur.
1251 4712 1283 4765 17
