3625 5192
315 327 350 382 st
521 375 529 378 -
681 325 942 394 Geschiehtsquellen
960 326 1009 378 der
1028 325 1102 380 Pnor.
1122 325 1245 381 Sachsen.

315 474 398 545 406.
421 473 466 546 lll.
488 491 532 540 an
554 473 689 543 Urban.
959 471 1094 552 (flotha
1110 473 1191 541 1514
1225 473 1293 540 Um
1316 473 1375 541 die
1396 471 1497 540 llltte
1518 472 1554 538 d.
1576 471 1627 554 J.)

386 597 446 644 wie
469 599 533 642 sinat
556 597 676 643 Hercules
699 598 748 644 don
772 599 884 644 Zelrutan
909 598 1011 659 orbiolt,
1039 601 1179 661 omprsngt,
1202 602 1281 647 moint
1301 600 1412 658 llutian,
1440 599 1505 644 auch
1528 613 1555 643 er
1577 611 1626 643 ron

317 668 411 716 scincm
431 669 570 714 Varwaltar
597 682 645 713 nur
666 667 752 714 dicscn
772 669 857 715 rlrrteil
882 669 964 715 seinos
984 670 1170 717 Einkommons.
1208 673 1256 717 llic
1270 671 1382 732 jetzigen
1402 669 1629 727 Herculesprieator

316 739 386 785 saian
417 739 462 784 mit
484 739 539 784 dum
560 739 674 784 Zchnten
694 739 763 785 nicht
786 739 923 785 nufrlerlen.
960 741 1020 786 Zum
1043 742 1157 788 Sehlusse
1183 741 1244 788 wird
1268 743 1309 789 dic
1336 739 1523 786 Herculesfabcl
1551 739 1629 784 nither

317 813 430 856 erllrtort.

397 907 534 971 Henrico
555 906 718 971 Urbano.

399 1008 430 1074 S.
472 1007 590 1072 Incidit
612 1008 752 1072 heri1in
775 1015 933 1074 commata
953 1011 1021 1074 divi
1035 1010 1179 1076 Herculis
1191 1012 1319 1076 mentio.
1356 1011 1436 1073 Tum
1454 1009 1628 1093 pollicebar

319 1110 445 1174 uberem
468 1110 682 1193 scriptionem.
725 1110 803 1174 Earn
821 1112 970 1193 prestabo
983 1120 1015 1177 et
1030 1114 1101 1177 volo
1116 1113 1255 1178 iucunda
1269 1120 1300 1176 et
1314 1111 1475 1176 mirabilia
1491 1130 1628 1175 narrare.

318 1212 517 1276 Eruditomm
546 1212 666 1293 scripta
692 1211 857 1276 notificant
883 1213 1051 1278 Herculem
1082 1234 1153 1280 esse
1179 1215 1336 1298 presidem
1367 1213 1503 1278 humane
1531 1213 1628 1277 l‘elici-

318 1315 403 1379 tatis.
456 1314 541 1396 Ergo
572 1313 694 1378 decime
722 1315 916 1378 fortunarum
943 1314 1069 1380 Herculi
1102 1315 1300 1381 dicabantur.
1355 1316 1501 1394 Plautus,
1531 1315 1628 1378 latine

318 1417 426 1498 lingue
452 1415 616 1494 delicium,
643 1415 690 1478 ita
720 1416 897 1498 loquentem
926 1415 1112 1498 Chrysalum
1142 1417 1347 1483 introducite
1378 1418 1435 1497 „Si
1462 1418 1546 1499 frugi
1571 1425 1628 1496 eat,

318 1518 484 1583 Herculem
512 1517 588 1581 fecit
617 1537 655 1582 ex
685 1525 790 1601 patre,
823 1518 986 1586 decumam
1010 1528 1131 1601 partem
1153 1520 1182 1584 ei
1205 1519 1320 1584 dedit.“
1362 1519 1445 1583 hlira
1465 1520 1629 1584 urbanitas

318 1621 396 1684 latet
427 1620 458 1682 iu
493 1618 552 1683 hac
588 1620 762 1684 sentencia.
808 1620 892 1700 Lege
921 1620 1003 1684 hunc
1031 1621 1133 1684 locum
1160 1621 1192 1685 in
1219 1621 1433 1686 Bacchidibus
1459 1641 1529 1685 cum
1558 1630 1629 1684 octo

318 1723 461 1785 versibus
497 1721 754 1804 precedentibus,
784 1721 953 1802 gaudebis,
984 1724 1059 1786 scio.
1111 1723 1161 1787 lla
1195 1724 1297 1802 vafre,
1329 1724 1375 1788 ita
1406 1723 1563 1787 festiviter
1595 1724 1628 1786 in

268 1807 271 1816 ’
317 1825 455 1888 furacem
477 1823 653 1888 cavillatur.
695 1823 825 1888 Possum
847 1843 906 1905 ego
928 1825 969 1887 de
986 1823 1148 1888 Schilone:
1171 1824 1255 1902 Quia
1276 1825 1359 1906 frugi
1380 1834 1438 1906 est,
1462 1825 1628 1889 Herculem

318 1926 396 1991 facit
433 1945 471 1991 ex
508 1925 664 2008 Mutiano;
704 1925 868 1990 decumam
908 1933 1030 2008 partem
1066 1927 1095 1990 ei
1133 1927 1203 2006 dat,
1243 1927 1304 1991 sibi
1341 1947 1470 2007 novem,
1490 1927 1621 1991 abstulit

321 2027 494 2092 Enarrator
506 2027 708 2091 Bemhardus
721 2027 923 2091 Saracenos3
944 2028 1021 2090 citat
1040 2027 1213 2092 Diodorum
1236 2036 1268 2091 et
1282 2028 1494 2093 Plutarchum.
1535 2029 1629 2110 Lege.

320 2130 540 2195 Placentinus4
564 2131 659 2193 nimis
676 2130 780 2193 ieiune
794 2131 1025 2212 interpretatur.
1068 2129 1277 2209 ,‚Hercules“,
1299 2131 1410 2212 inquit,
1433 2131 1524 2210 „lori
1547 2131 1629 2214 patri

321 2241 441 2316 partem
457 2232 612 2296 decimam
630 2231 795 2296 vovebat.“
832 2231 924 2309 Quod
939 2232 1051 2296 scribit
1065 2231 1222 2294 Diodorus
1238 2231 1279 2295 de
1296 2233 1426 2296 Lucullo
1436 2233 1460 2312 ⁵,
1480 2232 1513 2297 id
1528 2233 1631 2316 ipsum

319 2336 416 2400 ceteri
444 2337 613 2419 scriptores
639 2334 679 2398 de
701 2333 790 2430 Sylla
818 2333 946 2397 tradunt
967 2334 1059 2397 etde
1081 2333 1194 2398 Crasso
1218 2333 1359 2397 Romano
1378 2334 1550 2414 ditissimo,
1576 2335 1630 2415 qui

319 2437 359 2501 X.
379 2437 561 2502 facultatum
580 2455 707 2500 suarum
720 2444 840 2518 partem
853 2434 978 2501 Herculi
994 2437 1191 2500 consecravit
1207 2438 1397 2519 epulumque
1415 2437 1529 2520 populo
1543 2436 1632 2500 dedit

319 2557 357 2602 ac
383 2539 501 2603 viritim
532 2558 622 2602 mnas
649 2545 713 2602 tres
744 2537 862 2601 divisit.
909 2538 1075 2602 Plautinus
1102 2538 1184 2603 Geta
1213 2539 1314 2620 inquit
1341 2540 1372 2602 in
1403 2539 1630 2604 Truculentoiz

321 2640 476 2722 „Detraxi
500 2647 620 2725 partem
641 2640 895 2704 Herculancam“
918 2640 1104 2722 significans
1123 2639 1325 2705 sedecimam
1348 2641 1410 2704 sibi
1433 2640 1631 2705 subduxisse.

319 2746 422 2822 Atque
446 2743 498 2806 hic
519 2742 691 2807 modestius
712 2744 780 2824 egit
800 2762 893 2823 quam
913 2743 967 2806 ille
987 2743 1138 2826 superior,
1160 2743 1214 2824 qui
1236 2742 1302 2806 lieri
1325 2744 1434 2825 voluit,
1456 2752 1489 2807 ut
1510 2743 1634 2808 scilicet

321 2846 402 2928 patri
425 2844 550 2908 decima
570 2845 706 2908 daretur.
752 2845 879 2908 Utinam
898 2845 959 2907 mci
982 2852 1200 2927 procuratores
1221 2854 1327 2908 essent
1342 2845 1494 2910 Hercules
1515 2855 1546 2909 et
1561 2865 1633 2908 con-

320 2947 399 3010 tenti
421 2946 554 3011 decimis
577 2947 782 3029 portionibus.
825 2946 889 3010 Sed
912 2947 988 3028 quid
1011 2947 1051 3010 de
1072 2946 1175 3011 meis?
1216 2947 1346 3010 Utinam
1366 2947 1547 3011 sacerdotes
1567 2947 1633 3011 suis

320 3057 426 3114 essent
452 3049 583 3112 decimis
614 3048 761 3112 contenti.
804 3046 959 3112 Videntur
981 3049 1105 3112 miseris
1126 3049 1262 3130 paganis
1285 3048 1338 3113 vix
1361 3037 1516 3112 decimam
1540 3049 1632 3112 relin-

321 3149 424 3216 buere.
468 3151 533 3215 Hoc
556 3158 662 3214 noster
681 3149 832 3214 Hercules
849 3151 938 3214 lesus
960 3170 1021 3214 non
1042 3150 1196 3234 precepit.
1238 3150 1302 3215 Sed
1325 3150 1471 3224 ludimus,
1497 3150 1630 3214 Urbane.

321 3252 507 3330 Quomodo?
548 3253 701 3317 Ludimus
728 3253 768 3316 de
799 3253 989 3334 patrimonio
1016 3253 1113 3332 nostrl
1142 3252 1299 3334 Herculis,
1328 3258 1361 3315 ut
1391 3251 1444 3315 ille
1466 3251 1633 3316 factitabat

321 3355 447 3418 edituus
469 3354 552 3437 apud
576 3355 800 3437 Augustiunm,
823 3355 1015 3418 decivitate
1037 3354 1111 3429 Dei,
1133 3355 1212 3419 libro
1235 3353 1288 3433 Vl,
1308 3374 1378 3438 cap.
1401 3354 1470 3418 Vll.
1512 3353 1631 3418 Ponam

321 3457 421 3538 patris
437 3457 529 3521 huius
544 3455 656 3521 verba:
678 3457 795 3537 „Unde
817 3456 918 3520 eciam
934 3457 1011 3520 illud
1031 3464 1087 3536 est,
1110 3456 1194 3538 quod
1205 3455 1350 3520 Herculis
1364 3455 1490 3533 edituus
1508 3456 1633 3519 ociosus

321 3565 415 3639 atque
445 3559 576 3623 l'eriatus
601 3560 675 3623 lusit
704 3558 850 3622 tesseris⁸
879 3577 984 3623 secum
1011 3565 1143 3640 utraque
1171 3577 1266 3622 manu
1296 3559 1473 3622 alternante
1504 3558 1536 3621 in
1570 3577 1633 3620 una

390 3683 402 3710 ⁸
422 3690 447 3734 Ir'
460 3689 569 3737 tessaria.

384 3912 396 3953 1
419 3914 482 3986 Vgl.
504 3917 558 3970 den
581 3918 695 3988 vorigcn
715 3916 801 3974 Brief.

383 3991 397 4034 ‘2
418 3994 572 4052 Bacchides
592 3998 640 4052 lV.
655 3997 683 4053 4,
698 3997 767 4051 ruff.
1264 4030 1269 4040 ·

383 4071 398 4115 3
419 4077 634 4132 Kourrnentator
654 4079 702 4132 des
723 4078 848 4147 Plautus,
867 4095 921 4132 uon
933 4077 1042 4133 Geburt
1057 4077 1234 4133 Venetianer.
1275 4076 1317 4129 Im
1336 4075 1437 4129 Verein
1460 4075 1513 4128 mit
1533 4074 1632 4128 Petrus

324 4155 406 4211 Valla
432 4157 612 4212 Placentinus
639 4160 688 4212 hat
713 4177 743 4212 er
769 4159 832 4213 eine
862 4159 1100 4228 Plautusauagabe
1126 4158 1319 4226 verurnstaltet,
1348 4158 1393 4210 die
1420 4156 1463 4209 oft
1489 4154 1634 4225 aufgelegt

322 4239 421 4291 wunle.
467 4237 530 4308 Vgl.
553 4239 636 4308 Hain,
662 4239 772 4308 Repert.
794 4239 846 4293 No.
867 4235 1115 4292 13080—13082
1138 4257 1163 4292 u.
1186 4239 1306 4306 Panzer,
1328 4237 1402 4290 Anu.
1423 4244 1531 4306 typogr.
1553 4235 1631 4290 Vlll.

382 4393 395 4435 ⁴
417 4397 500 4452 Siclre
521 4398 616 4470 vor-ige
637 4397 717 4455 Note.

382 4473 396 4516 ⁵
419 4478 465 4533 lV.
488 4479 535 4534 21.

381 4555 394 4598 ὓ
416 4558 602 4612 'lhneuleutus
623 4559 657 4614 ll.
681 4559 706 4614 i.
730 4560 776 4618 ll,
