3625 5192
698 375 956 444 Geaohichtsquclicn
976 377 1024 430 der
1042 377 1117 432 Pron.
1135 377 1258 432 Sachsen.

905 524 1064 608 Lyciscus.

529 647 600 728 Dic,
621 667 682 728 qua
705 648 838 712 matoria
858 649 899 712 sit
921 652 1141 730 nrcnrorabitis,
1219 703 1224 712 .

530 749 639 828 Quem,
663 751 706 812 mi
728 751 815 829 Bata,
834 753 924 814 canis
947 753 1097 816 terminus
1120 773 1160 816 an
1184 755 1291 836 sapit?

528 856 603 914 Sum
626 853 805 915 varnarius:
827 854 905 917 istos
928 855 1051 936 lapidos
1071 855 1147 917 deos

526 954 617 1016 Assis
641 973 702 1016 uon
724 955 817 1033 facio,
840 955 1008 1018 nrandcrc²
1029 957 1100 1036 quis
1123 958 1247 1040 potest?

810 1123 960 1188 Hercules
983 1123 1148 1188 Musarum.

525 1249 682 1327 Termine,
705 1269 804 1331 parva
821 1249 915 1331 paris,
940 1250 1042 1332 pictas
1065 1250 1121 1313 tibi
1143 1252 1263 1332 gratior
1283 1271 1359 1316 auro
1381 1259 1437 1332 est,
1485 1222 1493 1239 '

528 1355 633 1436 Fruge
655 1353 738 1436 lapis
759 1352 883 1416 droun-a
901 1359 1008 1414 sextus
1030 1352 1071 1415 ab
1096 1353 1172 1417 urbe
1193 1355 1280 1418 iacit.

530 1455 653 1535 Dignus
674 1472 717 1533 es,
738 1463 880 1534 agrestes
899 1454 949 1514 cui
972 1461 1132 1517 rnenetrua
1152 1455 1218 1518 liba
1240 1457 1341 1519 coloni

528 1557 568 1619 Et
590 1557 680 1639 pueri
697 1555 832 1618 calathis
853 1555 960 1618 meilia
981 1563 1065 1620 serta
1082 1556 1194 1620 ierant.

470 1659 504 1743 5)
525 1659 574 1721 Tu
597 1658 718 1741 patrius
741 1657 829 1719 limes
851 1657 940 1718 rixae
964 1656 1046 1720 bona
1067 1658 1166 1722 verba
1184 1660 1353 1740 ministras

527 1761 610 1824 Dum
629 1779 722 1840 seges
744 1760 774 1822 in
798 1767 903 1840 partes
927 1758 1082 1822 scinditur
1103 1779 1165 1824 una
1186 1760 1276 1824 duas.

526 1861 684 1942 Legitima
705 1861 831 1943 populis
851 1859 912 1922 uisi
935 1861 1042 1941 signes
1066 1861 1258 1943 limitetura,

526 1963 687 2028 Bacchusb
707 1963 767 2026 erit
787 1962 911 2041 dubius,
932 1963 1074 2044 litigiosa
1094 1963 1197 2029 Ocres.

525 2065 608 2129 Pace
629 2065 724 2129 Ceres
744 2064 888 2144 gaudens
905 2067 1007 2144 cingit
1027 2083 1086 2130 sua
1104 2072 1246 2150 tempora
1267 2066 1365 2149 spicis

452 2166 502 2248 10)
524 2166 563 2230 Et
582 2167 712 2230 decorat
733 2174 876 2230 sanctum
896 2167 997 2230 multa
1019 2186 1135 2231 corona
1152 2175 1256 2250 caput.

523 2268 617 2333 Pacis
635 2287 715 2352 opus
737 2275 850 2348 cessat,
871 2287 1025 2351 suspenso
1046 2287 1171 2334 vomere
1191 2277 1319 2350 moeret,

524 2371 592 2435 Nec
613 2369 744 2435 decorat
763 2367 866 2434 flavas
886 2369 952 2435 ulla
973 2390 1088 2436 corona
1109 2389 1224 2438 comas.

525 2472 680 2538 Flaccida
700 2474 839 2537 calcatos
856 2473 992 2556 pedibus
1014 2482 1190 2554 negatura
1210 2472 1357 2554 liquores,

528 2575 706 2657 Cornigcra
727 2574 832 2640 nullus
852 2576 954 2640 fronte
976 2594 1117 2640 racemus
1138 2573 1206 2638 crit

454 2678 503 2753 15)
525 2677 733 2757 Pampineam
756 2677 814 2742 sub
835 2675 890 2740 lite
913 2676 998 2741 mala
1022 2697 1083 2739 uon
1106 2675 1205 2740 Erine
1225 2675 1349 2738 hastam

525 2777 672 2842 Concutit
693 2777 836 2843 intonsus
855 2797 915 2842 nec
936 2779 1021 2842 bona
1042 2783 1145 2842 musta
1166 2776 1265 2841 dabit.
1432 2860 1433 2864 Ἰ

526 2879 597 2943 Non
620 2880 752 2962 cyathos
773 2887 918 2943 numerat
940 2881 991 2943 vel
1012 2879 1136 2944 amicae
1158 2880 1286 2944 nomina
1306 2885 1404 2962 potor,

525 2979 594 3045 Nec
614 2981 700 3044 facili
722 2981 861 3044 titubant
881 2982 1012 3046 Hermus
1033 2987 1066 3046 et
1088 2979 1163 3045 Elea
1184 2980 1275 3063 pede.

525 3082 609 3164 Ergo
633 3082 788 3148 renidenti
809 3090 914 3147 custos
933 3090 1067 3164 ponatur
1087 3083 1120 3147 iu
1143 3103 1229 3166 agro,

526 3184 659 3268 Separat
681 3203 833 3267 expressa
853 3184 907 3265 qui
929 3185 1012 3266 lapis
1033 3205 1112 3250 arva
1132 3185 1200 3250 fide.

396 3321 473 3370 (iodr.
495 3321 519 3379 1)
540 3321 596 3370 Lib.
615 3337 696 3369 novus
716 3322 757 3368 sol.
776 3322 980 3373 (idn—Gor.
1018 3323 1043 3380 2)
1066 3325 1099 3369 Ta
1116 3326 1140 3372 S.
1153 3325 1204 3372 230
1221 3350 1232 3358 .
1249 3325 1311 3373 233.

398 3443 409 3470 ³
428 3449 462 3495 Ta
479 3449 607 3497 mundare.
678 3433 765 3497 hlaib,
783 3465 841 3498 nov.
862 3451 968 3499 Bactrus.

328 3706 966 3809 rannonm'uessusaurnuuan.
1268 3744 1495 3827 (rrurnrmrg1
1515 3747 1642 3835 aaa.)

406 3866 445 3931 In
466 3866 576 3931 funere
597 3866 773 3932 doctissimi
794 3867 855 3932 riri
878 3867 1011 3931 Mutiaui
1033 3865 1101 3931 Rufi
1124 3868 1299 3952 epicedion,

528 3991 563 4055 Si
585 4011 647 4073 qua
668 3993 778 4055 miuus·
792 3991 875 4055 veris
896 3991 1067 4073 lachrymis
1088 4011 1147 4074 ego
1170 3993 1280 4057 timere
1300 3991 1382 4072 ficri,

527 4095 561 4158 Si
583 4113 646 4175 qua
667 4093 743 4156 mihi
769 4093 801 4155 in
825 4094 925 4155 tuctus
946 4091 1020 4155 ficta
1043 4095 1171 4173 quercla
1192 4095 1259 4174 t'uit,

528 4196 678 4272 Qualibet
700 4195 756 4259 itta
779 4195 849 4277 pios
871 4195 996 4258 imitata
1016 4197 1058 4258 sit
1079 4203 1147 4261 arte
1168 4196 1302 4277 dolores,

527 4297 674 4361 Forsitan
695 4305 727 4359 et
748 4296 839 4359 falsis
858 4295 968 4359 feccrit
987 4315 1057 4360 csse
1077 4295 1179 4377 fidem,

327 4438 528 4445 -———-.—-..

389 4516 401 4559 ¹
423 4521 481 4575 Das
500 4519 623 4576 Gedicht
642 4522 679 4574 ist
698 4539 752 4574 von
771 4520 876 4574 Heesus
901 4521 972 4575 nach
994 4521 1056 4576 dem
1078 4523 1241 4597 Weggunge
1261 4541 1314 4578 von
1332 4522 1427 4577 Erfurt
1447 4523 1520 4578 nach
1542 4523 1643 4579 Niirn·

328 4600 396 4672 berg
415 4599 532 4654 rerfosst
551 4604 669 4656 worden.
