3625 5192
695 400 956 470 Gcscbicbtsqucllen
975 402 1023 456 dar
1040 399 1115 456 Pron.
1133 402 1255 458 Scchscn

565 549 699 614 Hessia²
719 548 876 614 fertilibus
896 557 981 614 terra
1001 548 1141 614 recincta
1161 549 1254 634 iugis.

507 654 540 722 b)
562 651 640 716 Cum
662 651 740 715 mibi
761 651 867 717 adhuc
887 652 982 716 viridi
1004 663 1151 718 vernaret
1171 653 1246 717 ilorc
1267 653 1421 732 iuventus,

564 753 632 817 Nec
652 760 774 832 tegeret
794 755 895 818 llavas
915 754 1044 838 bispida
1066 753 1165 818 barba
1185 773 1295 834 genas,

565 853 727 934 Ingenuas
747 855 830 919 colui
852 856 951 919 Musis
971 856 1159 919 ducentibus
1178 863 1263 920 artes

565 954 701 1021 Deditns
721 967 753 1021 et
773 957 888 1020 studiis
909 965 999 1022 nocte
1022 957 1135 1040 dieque
1156 959 1209 1022 sui.
1262 967 1265 973 '

564 1059 646 1124 ilinc
665 1058 763 1122 didici
787 1079 887 1124 rerum
909 1061 1016 1125 varias
1035 1079 1225 1142 cognoscere
1246 1079 1368 1138 causas,

493 1161 547 1242 10)
568 1162 717 1242 Quasque
737 1161 822 1244 parit
838 1162 936 1225 miras
957 1169 1041 1226 terra
1061 1163 1237 1244 fretumque
1258 1163 1353 1226 vices.

565 1263 723 1327 interdum
747 1282 856 1327 versus
877 1272 909 1326 et
932 1263 1050 1328 blanda
1070 1273 1217 1347 poemata
1238 1263 1325 1343 finxi,

563 1364 680 1442 Qualia
699 1363 867 1448 Virgilium
888 1385 979 1430 nemo
1003 1365 1154 1448 probasse
1175 1374 1270 1447 neget

563 1467 705 1550 &mque
725 1467 803 1531 mibi
825 1467 909 1531 vires
930 1468 1108 1550 provectior
1128 1467 1260 1531 adderet
1281 1475 1379 1546 aetas,

564 1569 648 1634 Cura
665 1569 742 1633 nribi
767 1571 856 1652 leges
876 1589 1006 1634 noscere
1027 1569 1104 1634 iuris
1124 1577 1199 1634 erat.

490 1672 540 1751 15)
559 1671 623 1736 Sed
644 1671 723 1735 mibi
743 1692 813 1736 curn
835 1671 935 1737 Musis
955 1681 989 1735 et
1014 1672 1117 1736 carior
1138 1673 1246 1737 vivere
1265 1672 1375 1736 anricis

565 1774 640 1838 Plus
660 1775 779 1856 placuit
799 1775 925 1857 trepida
949 1795 1042 1857 qrrnm
1064 1777 1133 1839 lbra
1156 1775 1210 1838 lite
1232 1776 1329 1854 seqrri.

563 1875 679 1940 Omnia
700 1896 772 1939 narn
794 1879 942 1956 ‹rurrninm
963 1878 1055 1940 stulto
1078 1877 1212 1940 transire
1235 1877 1394 1957 ridebam,

563 1977 635 2042 Non
656 1978 721 2042 sitii
744 1979 827 2042 tituli
849 1980 979 2042 nomina
999 1997 1115 2058 magna
1137 1979 1206 2041 nroi.

564 2078 665 2144 Aulus
685 2080 855 2163 praecipue
875 2082 953 2163 iugi,
974 2082 1050 2162 quia
1071 2081 1187 2144 inlmcn
1209 2081 1251 2144 ab
1271 2081 1354 2145 aulis

493 2182 546 2260 20)
567 2181 607 2245 Et
627 2182 753 2248 fortuna
770 2183 833 2265 piis
855 2201 953 2266 saepe
974 2182 1104 2246 sinistra
1125 2182 1221 2246 venit.

564 2286 669 2348 Aurea
688 2305 738 2349 me
760 2285 868 2348 blandi
890 2286 970 2348 invit
991 2284 1155 2348 olonnentia
1176 2283 1266 2362 coeli,

565 2386 636 2462 Qua
657 2387 740 2452 iacet
760 2386 909 2452 uberibus
929 2385 1035 2450 Gotba
1057 2386 1149 2450 beata
1170 2387 1262 2468 iugis.

565 2488 624 2550 llic
644 2508 704 2565 ego
726 2489 850 2551 traduxi
870 2489 1060 2570 tranquillae
1083 2497 1224 2569 tempora
1247 2489 1345 2572 pacis,

565 2589 624 2652 llic
645 2589 719 2652 milri
744 2609 806 2671 pax
828 2608 902 2653 vere
920 2591 987 2652 vita
1010 2588 1103 2652 beata
1124 2591 1191 2668 t'uit,

493 2695 545 2761 25)
571 2691 680 2754 invida
701 2711 752 2755 nre
771 2691 871 2755 donec
891 2711 966 2754 curo
987 2711 1070 2755 mors
1091 2691 1221 2755 abstulit
1241 2711 1321 2756 aevo

566 2792 606 2855 Et
627 2812 698 2855 tinea
719 2793 777 2856 sub
797 2791 893 2856 viridi
916 2791 1060 2856 condidit
1079 2812 1151 2856 ossa
1172 2793 1247 2856 solo.

565 2895 665 2970 Quam
689 2894 769 2958 bene
790 2913 873 2956 nuno
893 2894 1008 2957 recubo
1030 2892 1213 2958 florentibus
1235 2895 1356 2961 obsitus
1377 2896 1494 2968 barbis,

564 2996 632 3061 Hoc
653 2996 731 3060 mibi
753 2997 897 3080 perpetui
919 2997 1055 3060 nominis
1076 3016 1166 3060 omen
1188 2997 1256 3060 erit.

394 3142 469 3188 Gadr.
491 3137 515 3198 1)
538 3142 655 3189 Narratio
679 3142 710 3186 de
734 3141 765 3188 ll.
786 3141 888 3186 liubano
911 3139 1123 3198 comprehendens
1145 3141 1297 3187 mentionem
1323 3141 1354 3188 da
1372 3143 1541 3202 compluribus
1563 3144 1632 3190 illius

324 3213 415 3258 notatis
432 3213 513 3258 doctis
532 3221 558 3258 ct
576 3212 679 3257 cruditis
698 3211 760 3256 viris
779 3211 915 3269 composita
934 3225 948 3255 a
968 3209 1094 3255 lonrlrimo
1112 3211 1254 3257 Cameraric
1272 3212 1465 3271 Papobergcnsi,
1502 3213 1631 3272 Epistolaa

324 3282 422 3346 Eobani,
446 3283 518 3328 llcssi
542 3281 575 3327 ad
600 3280 769 3328 camararium
795 3286 821 3326 et
843 3280 906 3326 alios
929 3279 1060 3339 quosdam,
1085 3279 1203 3326 l'amiliari
1225 3281 1251 3326 in
1274 3297 1376 3344 gonaro,
1401 3297 1455 3328 cum
1482 3283 1631 3342 lapidasse

324 3352 428 3410 facetae,
447 3357 499 3396 tum
519 3351 630 3397 aroditac
650 3356 675 3396 at
689 3352 812 3397 literatus.
842 3352 903 3396 Cum
923 3349 1215 3408 qrribnsdamCamcrarii
1235 3352 1382 3398 stallorum
1401 3352 1507 3411 scriptis,
1526 3367 1631 3411 quornm

323 3422 386 3467 nihil
410 3429 471 3467 anta
493 3423 558 3466 bunc
582 3421 648 3466 diem
673 3421 705 3466 ad
728 3422 795 3466 bunc
818 3420 917 3466 modum
937 3419 1030 3464 editum
1049 3420 1103 3466 init.
1145 3420 1354 3479 Exprimobantur
1373 3423 1432 3468 lruoe
1452 3422 1632 3480 Norimborrrac

323 3507 337 3536 a
359 3493 452 3538 loanno
470 3489 591 3537 Montano
609 3502 635 3537 at
655 3489 739 3537 Uirico
758 3491 881 3536 Neubcro.
922 3483 999 3536 Anno
1018 3489 1138 3536 salutiferi
1158 3491 1250 3537 Christi
1269 3491 1324 3538 lasn
1343 3493 1420 3551 partis
1439 3491 1556 3537 llDLlll.
1585 3491 1632 3540 8⁰.

323 3563 365 3608 iol.
380 3560 542 3608 sav-oar.
562 3562 587 3606 in
608 3561 660 3605 ilem
679 3561 759 3619 Briese
778 3561 821 3606 des
837 3560 954 3619 sugerius
973 3560 1138 3606 ‹rirCamcran
1159 3583 1189 3592 -—
1211 3561 1236 3618 2)
1256 3562 1345 3608 Adami
1364 3563 1432 3607 vitas
1448 3561 1631 3608 Germanorum

324 3632 384 3678 iuris
402 3633 578 3678 consultatum.
616 3631 730 3677 Huidalb.
756 3630 827 3677 1620.
847 3631 923 3677 saa.
948 3653 979 3662 ·-
1005 3629 1030 3681 8)
1051 3631 1091 3675 Pu.
1111 3631 1231 3677 s.2—8.
1274 3632 1341 3677 rl'rrclr
1367 3632 1407 3678 Ta.
1432 3633 1484 3678 Bel.
1505 3647 1543 3690 ap,
1565 3631 1630 3683 Mor,

323 3705 344 3746 S.
364 3703 409 3759 95,
421 3701 502 3759 findet
526 3702 576 3746 a'cb
594 3701 640 3746 rior
659 3700 819 3761 Epitaphium
837 3702 898 3745 ‹ruclr
923 3700 965 3760 „in
985 3706 1125 3760 poomntnrn
1148 3701 1243 3760 Stigolii
1268 3701 1377 3748 aditiono
1397 3717 1411 3746 a
1431 3703 1490 3748 lobo
1514 3701 1629 3748 Finrelio

323 3769 469 3817 arlornata.“
505 3771 612 3816 Dieselbc
631 3772 662 3816 iat
680 3772 726 3816 mir
745 3772 810 3816 rricbt
828 3785 857 3816 zu
873 3772 970 3816 Gcsr'rlrt
987 3772 1127 3828 pol-onumen.

393 3892 406 3920 ⁸
426 3900 459 3945 Ta
477 3898 574 3944 lisania.
645 3883 659 3920 ι)
676 3899 710 3944 Yz
730 3898 819 3944 eburis.

324 4037 523 4046 .--.-.—-—-·

328 4136 412 4198 atquc
433 4126 588 4183 imitatione
609 4129 701 4198 digua,
721 4145 792 4198 qnae
812 4145 941 4182 successu
962 4128 1094 4198 temporis
1115 4127 1229 4198 publica
1249 4125 1419 4197 perturbatio
1441 4125 1508 4179 rnibi
1531 4127 1637 4180 exemit

328 4227 343 4262 e
365 4208 499 4263 memoria
519 4215 567 4262 arnt
587 4209 627 4263 ita
646 4209 792 4279 pervertit,
817 4216 911 4262 utres
932 4209 1042 4277 quidem
1065 4209 1171 4278 aliquas
1192 4225 1407 4262 commemorare
1428 4205 1539 4275 possim,
1561 4207 1635 4260 ordi-

328 4307 390 4341 nem
416 4295 509 4343 tamen
536 4299 564 4343 ct
593 4289 704 4343 modurn
727 4289 876 4343 amiserim.
931 4288 1043 4342 liernini
1073 4307 1116 4342 nne
1143 4306 1256 4357 pirorum
1292 4286 1432 4358 epitaphio
1454 4285 1633 4356 complexum

323 4368 408 4422 fuisso
430 4369 489 4423 cius
507 4369 625 4426 laudern.
667 4370 699 4422 ld
720 4368 878 4442 subscripsi,
897 4375 927 4422 ut
948 4369 1052 4439 legeres
1073 4379 1126 4423 otc.
