3625 5192
548 455 637 524 ilrlelc
654 457 776 524 dudan
794 463 853 522 648.
871 458 931 522 cll.
957 456 1139 537 (Nachtrtgel
1447 455 1498 519 666

194 611 357 697 intelligis,
377 615 466 680 cuius
487 616 695 681 cruditionem
718 637 774 700 per
795 617 974 681 universum
998 617 1064 698 rite
1086 635 1207 680 cursum
1229 635 1291 680 non
1312 615 1499 698 assequeris.

195 719 258 781 Sed
286 737 326 781 ne
351 727 382 783 te
405 737 445 782 ex
465 720 578 782 insano
608 718 842 782 insanissimum
869 717 1013 794 reddam,
1036 725 1236 800 (quamquam
1259 717 1338 781 nibil
1361 719 1423 781 iam
1448 725 1501 800 tue

197 820 323 901 insanie
352 821 504 884 accedere
529 823 639 902 queatl
673 820 724 884 bic
759 827 868 902 nostre,
893 820 1073 902 scriptionis
1105 821 1256 884 terminus
1284 827 1361 883 esto.
1410 819 1503 897 Quic-

196 922 272 1003 quid
299 929 404 985 autem
434 941 587 1004 nugarum
619 923 650 985 in
677 929 835 1004 posterum
863 921 905 983 ad
933 940 990 984 nos
1014 921 1279 1001 deblateraueris,
1306 921 1339 983 id
1361 921 1503 985 blotiano

197 1023 292 1102 Ruso,
313 1022 433 1086 homini
454 1024 537 1088 inter
558 1023 676 1107 primos
696 1022 895 1100 doctissimo,
916 1023 1089 1085 ridendum
1110 1022 1276 1101 exhibebo,
1299 1028 1332 1085 ut
1354 1022 1422 1086 cius
1442 1022 1502 1086 riri

199 1125 346 1188 iuditium
368 1125 538 1205 intelligas,
559 1144 620 1206 qrro
641 1124 682 1188 de
702 1130 824 1188 tantum
845 1125 906 1187 tibi
927 1124 1094 1206 polliceris.
1141 1123 1226 1200 Vale,
1244 1131 1278 1187 ut
1299 1124 1435 1188 meritos.

277 1207 384 1291 Pridie
405 1225 569 1291 Kalendas
587 1227 727 1290 Martias.
770 1229 862 1288 Auno
883 1245 975 1289 nono.

276 1327 390 1405 Vides,
422 1327 648 1391 iucundissime
679 1327 837 1402 Mutiaue,
880 1334 1031 1408 quantum
1070 1345 1121 1390 me
1151 1333 1262 1406 urgeat
1292 1327 1423 1390 insanus
1452 1326 1505 1392 bo-

198 1429 326 1492 muutio.
374 1428 445 1492 Non
469 1437 594 1493 moreat
612 1438 664 1507 -te,
692 1427 773 1510 quod
802 1428 967 1492 mendatio
996 1447 1048 1510 mc
1070 1427 1191 1492 dixisse
1218 1429 1385 1509 scriptitat.
1427 1429 1505 1510 Ego,

204 1530 304 1593 Deum
332 1535 443 1611 testor,
469 1531 662 1612 quiescerem
693 1530 916 1609 libentissime,
944 1529 1003 1592 nisi
1031 1549 1160 1610 cogerer
1186 1529 1227 1592 ad
1256 1549 1305 1592 me
1337 1529 1505 1594 detenden-

199 1631 283 1696 dum.
334 1631 384 1698 ru
416 1651 491 1695 vero
523 1633 671 1714 quicquid
705 1632 849 1712 iusseriS,
871 1629 1022 1712 quicquid
1047 1630 1226 1710 mandaris,
1257 1631 1382 1695 faciam.
1431 1632 1505 1712 Sed,

199 1740 234 1798 ut
262 1753 312 1797 me
337 1733 423 1796 Deris
451 1740 550 1814 amet,
579 1734 606 1797 si
635 1733 678 1797 ad
699 1734 854 1814 integrum
877 1736 975 1798 scires
995 1752 1097 1797 ursam
1121 1733 1343 1808 innocentiam,
1363 1733 1508 1797 exhorta-

200 1836 279 1899 reris
309 1854 358 1897 ure
388 1843 496 1898 contus
527 1835 730 1919 pumilionem
762 1835 871 1914 istum,
904 1841 939 1898 ut
968 1834 1073 1914 rides,
1105 1835 1176 1916 plus
1207 1852 1287 1916 equo
1309 1835 1507 1900 maledicum.

202 1938 315 2000 Oratus
357 1944 461 1998 noster
494 1937 548 1998 rix
586 1937 645 2001 lert
687 1935 824 1998 bominis
865 1936 1032 1999 insaniem.
1089 1934 1174 2012 Quid
1200 1955 1275 2000 uero
1305 1936 1509 2001 charissimus

205 2045 311 2101 noster
338 2034 537 2101 Herebordus
560 2037 669 2116 l'aciet,
696 2037 750 2101 ubi
778 2037 836 2102 bec
865 2037 1028 2102 rescierit?
1069 2037 1223 2118 Videsne,
1249 2045 1399 2118 errantum
1421 2058 1455 2102 se
1478 2045 1510 2102 ct

203 2159 262 2203 sua
287 2140 399 2216 iactet,
427 2158 485 2202 nos
513 2137 690 2221 despiciat?
731 2139 823 2216 erod
849 2158 909 2219 ego
938 2157 1096 2220 rurnquam
1119 2141 1269 2218 lacerem,
1294 2140 1448 2203 eruditum
1475 2159 1509 2204 se

204 2241 353 2323 predicat.
406 2240 489 2318 Quid
519 2239 656 2306 bominis
690 2242 741 2321 sit,
777 2260 859 2305 nunc
893 2242 1026 2323 primurn
1060 2241 1216 2324 experior.
1265 2241 1380 2304 lterum
1413 2248 1509 2306 testor

206 2342 305 2405 Deum
327 2341 545 2421 immortalem,
573 2342 719 2405 iniuriam
741 2342 819 2406 mibi
846 2343 924 2406 lacit
944 2343 1123 2406 maximum.
1171 2341 1241 2405 Non
1269 2341 1384 2405 offendi
1413 2342 1510 2405 borni·

206 2464 284 2508 nem.
328 2444 447 2508 inridit
465 2444 558 2522 nribi,
589 2463 681 2524 qrrom
709 2444 770 2506 iam
799 2445 895 2508 altius
922 2444 1088 2509 attolleret.
1131 2443 1256 2507 Miseret
1278 2443 1401 2506 Petrum
1423 2445 1510 2525 iguo-

208 2546 311 2628 rsntie,
341 2565 421 2626 mee.
474 2545 540 2619 Tu,
574 2547 799 2624 sineremus,
831 2546 979 2609 miserere
1002 2547 1046 2609 tui
1069 2545 1279 2626 conterranei,
1311 2546 1363 2626 «rui
1395 2547 1511 2610 iniuste

205 2647 402 2730 deprimitur,
423 2647 551 2728 etquid
573 2645 751 2710 laciendum
777 2647 853 2710 turibi
883 2648 925 2710 sit
954 2647 1105 2718 rescribe,
1128 2655 1159 2710 te
1181 2647 1276 2710 ctiam
1297 2654 1391 2728 atque
1415 2647 1510 2710 etiarn

206 2768 292 2830 rogo.
335 2749 412 2812 Vale
434 2767 532 2830 usque
554 2756 586 2812 et
605 2767 703 2830 usque
725 2749 831 2830 loelix,
854 2750 1039 2813 charissime
1050 2749 1200 2828 liubane,
1223 2757 1254 2812 ct
1267 2747 1399 2812 Hessum
1415 2755 1510 2828 tuum,

206 2859 240 2914 ut
260 2857 344 2914 certe
364 2851 455 2926 tacis,
476 2871 558 2914 ama.

238 3014 245 3025 ,
287 2953 406 3028 Quarto
419 2953 528 3016 Nonas
544 2953 683 3017 Murtias.
712 2954 804 3016 Anno
818 2952 879 3015 llll)
896 2972 986 3016 nono.
1080 2951 1259 3016 Ecbanus
1281 2951 1431 3017 Hessos.

279 3071 458 3123 llurnlsrbrittl.
476 3077 616 3134 Auloprapb
644 3075 688 3120 der
716 3075 813 3120 ltoraeler·
845 3073 1128 3136 l'reim'rur'ld'lsbiblr'ollrel·
1156 3075 1202 3120 sub
1227 3077 1258 3123 ss.
1279 3075 1350 3121 1,·25
1374 3077 1414 3122 l'ol.
1436 3076 1510 3121 7-8.

210 3145 254 3189 Ille
274 3145 398 3205 tlbscbnjt
413 3145 533 3190 sordent-e
553 3146 590 3190 iob
610 3145 688 3190 Herm
710 3145 833 3204 Professor
853 3146 971 3190 (breulius
989 3146 1013 3190 r'rr
1036 3143 1167 3199 Elbrrsldrl.

762 3285 962 3294 -.-..--.--

211 3388 293 3457 bid.
315 3385 443 3452 Crotus
466 3405 511 3452 an
534 3385 681 3453 llnt-lrm.
1054 3381 1209 3468 (Erfurt)
1231 3381 1336 3450 1669.
1367 3382 1462 3449 utum
1477 3385 1519 3482 8.Ι

280 3513 368 3556 tfrotus
393 3511 516 3556 beriebtet
539 3511 603 3558 liber
625 3511 673 3555 deu
696 3508 773 3556 St-reit
796 3508 918 3554 awiwbeu
942 3509 1056 3567 Petreius
1079 3509 1128 3554 uud
1149 3509 1240 3554 {lessus
1265 3508 1315 3554 oud
1338 3508 1408 3554 seius
1426 3509 1513 3568 erlolg-

210 3582 278 3626 lesen
299 3581 477 3638 Bembbungcn
497 3581 631 3626 desselben
651 3580 806 3636 beizulcgeu.
847 3580 881 3623 Er
906 3579 982 3624 billet
1000 3577 1103 3624 deslndb
1122 3579 1171 3623 (len
1189 3578 1286 3624 blutiou
1307 3593 1347 3624 urm
1366 3579 1434 3624 scine
1454 3579 1513 3626 Ver·

211 3651 330 3708 nrittluug
377 3651 426 3695 llic
442 3651 507 3696 eiust
525 3650 673 3696 rernrissteu
695 3649 778 3696 Briosc
798 3648 861 3693 bubo
882 3663 909 3693 er
928 3648 1153 3707 wimlcrgeiunden,

292 3748 467 3812 blutiano
488 3747 577 3828 Rulo,
599 3749 667 3810 riro
689 3747 837 3826 ingenuis
858 3745 958 3809 literis
978 3745 1102 3825 devoto,
1121 3746 1224 3809 antico
1243 3745 1433 3810 venerando.

292 3851 324 3914 S.
357 3849 467 3912 Petrus
491 3855 523 3912 et
550 3848 699 3913 liobanus
724 3866 763 3910 ex
793 3847 906 3910 amicis
936 3847 1009 3909 t'acli
1030 3853 1104 3909 sunt
1125 3846 1279 3929 capitales
1301 3848 1426 3912 bostes¹
1448 3869 1515 3932 pre-

214 3950 360 4015 bentibus
394 3951 557 4014 materiam
597 3948 805 4013 dissensionis
835 3947 1019 4010 verberibus
1047 3948 1163 4012 mutuis
1218 3949 1321 4032 leges
1353 3949 1516 4016 exordium

213 4053 381 4133 inimicitie
411 4052 538 4116 uberius
560 4072 599 4116 ex
626 4052 763 4134 epistola
790 4048 945 4113 Esboni?
1000 4049 1137 4131 Uterque
1165 4070 1221 4115 sue
1252 4071 1348 4135 cause,
1379 4054 1518 4136 optimus

214 4160 367 4236 patronus
387 4172 422 4217 se
453 4155 547 4236 culpa
574 4171 688 4217 secure
715 4152 861 4215 ostendit.
920 4153 998 4214 Cum
1024 4151 1179 4215 ambobus
1208 4155 1336 4237 copiose
1367 4153 1519 4222 laboravit

214 4254 353 4320 redirent
379 4255 410 4318 in
440 4256 586 4334 gratiam.
633 4254 696 4317 Sed
728 4254 855 4316 omnino
882 4253 1012 4314 l'rustror
1038 4255 1208 4335 proposito.
1258 4255 1303 4318 llo
1326 4258 1409 4321 eninr
1433 4257 1520 4322 veuit

215 4359 322 4436 ardor,
349 4362 382 4419 ut
407 4357 496 4420 aiunt
524 4357 607 4432 (sicli
633 4375 668 4420 se
689 4355 763 4420 odio
785 4354 919 4436 flagrare
945 4353 1167 4420 indissolubili.
1219 4357 1286 4440 Ego
1314 4357 1380 4422 heri
1403 4379 1423 4422 a
1443 4377 1518 4422 casu

279 4526 289 4567 ¹
313 4531 375 4600 vgl.
396 4533 448 4584 den
471 4531 582 4600 rorigeri
606 4529 689 4586 Brief.

277 4606 411 4665 ²Crotue
438 4612 486 4666 hat
511 4609 646 4665 demnach
671 4611 725 4663 den
750 4607 828 4662 Bries
851 4609 900 4662 des
927 4607 1031 4662 Hessos
1060 4627 1120 4662 reru
1144 4609 1169 4664 l.
1188 4610 1263 4664 Miira
1290 4629 1447 4666 zrrsemmen
1471 4612 1521 4666 ruit

216 4692 280 4747 dem
299 4689 425 4762 reiuigeu
445 4692 518 4747 nach
537 4689 632 4746 (lotha
652 4689 835 4751 iibermittelt.

1267 4787 1323 4842 ῃ*
