3625 5192
280 286 334 340 alo
436 293 448 318 ⁸
657 287 917 358 Geschiobtsquellen
937 288 987 344 rler
1003 285 1078 343 Pron.
1097 287 1219 344 Sarhsen.

279 435 433 500 labantur.
484 436 650 502 Nostrates
681 456 716 500 se
753 437 880 502 ieiuniis
916 443 948 503 et
980 438 1083 502 victus
1115 439 1312 522 parsimonia
1340 439 1586 521 frugalitateque

280 537 501 618 macerabant,
527 546 560 602 ut
587 539 675 603 iuxta
703 540 912 622 prescriptum
941 540 1123 604 Ciceronisl
1153 540 1372 604 castimoniam
1394 543 1534 625 corporis
1554 551 1593 605 et

278 640 377 704 animi
403 641 502 704 sacris
529 641 710 706 adhibeant.
754 643 848 706 Canit
871 649 968 724 poeta
988 642 1170 707 sacerdotes
1189 651 1294 707 castos
1314 643 1452 708 incolere
1474 644 1587 709 beatos

278 742 379 825 Elysii
401 741 492 807 sedes
514 742 567 808 illo
588 745 717 808 versu2:

511 865 657 949 „Quique
678 869 858 934 sacerdotes
880 869 970 941 casti,
993 869 1066 933 dum
1088 870 1156 934 vita
1176 869 1376 955 manebant¹

359 991 427 1070 Quo
448 1010 518 1054 oum
541 990 587 1053 ita
608 987 761 1067 habeant,
788 996 1034 1052 consentaneum
1055 994 1104 1052 est
1125 987 1178 1069 pio
1207 994 1237 1052 et
1257 987 1395 1072 sapienti
1417 989 1498 1067 viro,
1512 1009 1585 1070 ¹quo

278 1095 396 1158 castius
416 1091 578 1156 incumbat
603 1090 722 1155 divinis
743 1089 848 1168 rebare,
875 1089 938 1154 non
962 1109 1075 1170 cogere
1101 1088 1266 1154 concilium
1294 1089 1502 1171 ebriosorum,
1529 1090 1585 1155 sed

278 1195 501 1259 lestirissimos
525 1195 649 1258 natales
672 1193 720 1256 sui
742 1191 851 1276 templi
879 1191 1040 1255 celebrare
1066 1191 1188 1273 pudice.
1231 1191 1302 1254 Non
1325 1192 1477 1276 precipio,
1498 1202 1532 1256 ut
1552 1213 1587 1256 sc

280 1298 382 1379 ipsum
405 1295 577 1362 sorbitione
599 1296 700 1360 ciente
722 1301 850 1372 castret,
878 1303 912 1356 ut
932 1293 1093 1357 eunuchus
1113 1293 1168 1357 liat
1188 1293 1373 1375 Origenista
1393 1305 1425 1359 et
1447 1296 1496 1358 rir
1516 1316 1586 1361 esse

279 1400 416 1464 desinat.
448 1397 518 1467 Non
533 1397 657 1478 mando,
679 1405 713 1461 ut
725 1395 918 1480 hydropotes
935 1397 1018 1460 sitet
1032 1404 1182 1477 tanquam
1195 1395 1389 1480 Thyoneus³
1410 1397 1463 1462 ille
1474 1418 1588 1480 magus

279 1502 462 1567 abstemius.
505 1501 619 1564 Utatur
646 1501 719 1563 vino
749 1498 872 1563 modico
901 1508 1030 1582 propter
1055 1498 1250 1563 stomachum
1279 1499 1394 1582 pituita
1420 1507 1451 1563 et
1470 1499 1587 1581 l'rigorc

279 1604 475 1668 laborantem
509 1603 680 1666 secundum
709 1601 866 1685 apostoli4
894 1600 1068 1665 consilium.
1113 1600 1254 1664 imitetur
1277 1601 1403 1681 Persas,
1431 1602 1485 1684 qui
1512 1603 1587 1667 vino

136 1737 144 1755 ·
214 1791 216 1796 Ι
278 1713 491 1788 temperanter
517 1711 650 1769 utuntur.
693 1703 837 1766 Studium
866 1701 911 1766 illi
940 1721 1078 1783 auraque
1103 1702 1158 1776 sit,
1180 1709 1213 1765 ut
1236 1702 1407 1785 diligenter
1433 1703 1586 1781 attendat,

280 1827 318 1872 ne
341 1807 417 1888 quid
439 1815 660 1872 contramores
681 1813 711 1869 et
724 1804 937 1869 Christianum
959 1801 1160 1886 sogonna,
1182 1824 1223 1869 ne
1244 1824 1300 1888 per
1324 1806 1472 1888 crapulas
1492 1814 1524 1870 et
1545 1807 1586 1870 ei-

277 1909 350 1973 bum
372 1908 413 1974 ad
436 1907 600 1973 libidinem
623 1915 654 1972 et
675 1907 838 1988 nequicias
859 1905 1042 1991 prolabatur
1063 1906 1195 1970 elalius
1216 1907 1257 1970 sit
1279 1907 1309 1969 in
1332 1906 1465 1988 flagitiis
1483 1927 1585 1972 enem-

278 2010 340 2095 plo.
374 2009 509 2076 ,Nobilis
533 2019 580 2075 est
607 2009 663 2073 illa
684 2009 846 2072 Platonis5
869 2008 900 2072 in
922 2008 1071 2073 Plredone
1100 2009 1256 2072 sententia
1280 2030 1338 2092 par
1358 2011 1486 2074 omnino
1507 2030 1587 2091 esse,

278 2121 327 2192 nt,
356 2113 409 2195 qui
435 2113 477 2177 ad
504 2113 661 2196 sapientie
688 2111 824 2175 studium
854 2129 888 2174 se
917 2111 1093 2187 conferant,
1123 2111 1210 2192 prius
1236 2112 1362 2193 quidem
1395 2113 1587 2178 emoriantur

277 2215 479 2297 animumque
502 2215 604 2295 ipsum
633 2213 674 2275 ab
699 2214 783 2276 omni
813 2213 954 2294 corporis
982 2231 1076 2275 sensu
1105 2213 1356 2294 contagioneque
1383 2222 1529 2278 avertant
1554 2225 1587 2279 et

278 2317 370 2398 quasi
392 2317 424 2380 in
443 2323 592 2380 suumius
611 2334 762 2396 suamquc
774 2314 952 2378 libertatem
965 2314 1135 2378 vindicent.
1181 2314 1290 2396 ltaque
1302 2315 1395 2379 dirus
1409 2315 1587 2382 Bernardus

282 2417 359 2498 cibi,
389 2417 526 2501 potionis
552 2437 590 2480 ac
613 2415 686 2480 l'ede
703 2415 884 2499 'voluptatis
912 2416 1042 2479 nimiam
1077 2417 1310 2499 appetiuiouem
1339 2419 1463 2500 lugiens
1491 2419 1586 2483 XXX

278 2519 403 2584 sodales
425 2509 498 2581 suos
520 2520 561 2581 ad
584 2518 722 2582 sebrrlanr
743 2518 859 2581 Christi
882 2517 1046 2596 convertit,
1069 2518 1121 2580 ubi
1145 2538 1218 2582 vere
1240 2519 1382 2583 viverent
1404 2521 1588 2586 strationis

278 2623 410 2705 imperio
426 2621 589 2685 servirent.
636 2622 881 2703 intemperanter
902 2620 986 2684 enim
1006 2620 1114 2683 virere
1133 2641 1192 2683 nou
1216 2630 1263 2684 est
1286 2623 1403 2700 rivere,
1423 2623 1479 2686 sed
1500 2625 1587 2687 orori.

278 2723 376 2787 Novit
403 2723 620 2787 sanctissimus
649 2731 739 2804 pater
767 2721 867 2784 sellam
896 2721 1093 2785 cenobialem
1126 2722 1223 2786 vitam
1259 2724 1521 2806 conternplaoioni
1556 2737 1588 2790 et

279 2825 393 2889 studiis
414 2826 601 2907 optimarum
624 2823 737 2886 artium
761 2823 905 2886 idoneam
929 2823 1194 2904 eornpotationunr
1220 2824 1424 2890 irritamenta
1437 2835 1469 2891 et
1491 2813 1586 2891 rualo-

278 2914 345 2991 runr
375 2927 573 2990 sacerdotum
602 2925 767 2989 illecebras
789 2925 891 2987 vitare
920 2943 1021 3005 posse.
1065 2923 1141 2988 ldeo
1169 2927 1290 2989 cautior
1312 2946 1406 3007 quam
1428 2927 1588 2994 llrrtianus

280 3030 311 3092 in
335 3027 535 3093 solitudinem
558 3028 637 3092 abiit
660 3026 778 3091 relictis
790 3025 921 3093 urbibus
940 3013 973 3088 et
983 3027 1203 3090 conventiculo
1216 3027 1388 3111 prophano.
1431 3029 1474 3093 lli
1492 3042 1590 3114 prater,

255 3161 258 3172 ¹
281 3130 379 3214 probo
401 3132 516 3194 laetum
537 3139 622 3193 tuum
646 3138 677 3193 et
698 3129 848 3201 imitarer,
869 3129 929 3192 nisi
953 3129 1122 3212 posteritas
1144 3137 1197 3193 tna
1214 3131 1438 3212 degenerasset
1461 3133 1588 3197 abillis

279 3235 341 3298 tuis
369 3231 519 3296 studiosis
547 3239 578 3296 et
605 3232 777 3295 roaosuetis
806 3239 837 3294 et
862 3231 1084 3294 sincerissimis
1113 3233 1252 3298 moribus
1280 3245 1443 3298 arrctorata
1466 3235 1589 3299 seilicet

278 3345 309 3400 et
330 3335 461 3400 addicta
483 3334 674 3417 potionibus,
696 3333 845 3412 arar-ieie,
868 3334 1024 3414 superbie,
1046 3336 1173 3416 stupris,
1196 3335 1325 3416 ignaria
1348 3338 1506 3400 et⁰uescio
1520 3339 1588 3417 qoi-

280 3439 338 3502 bus
360 3437 652 3521 supersticionibus,
674 3434 907 3516 orraroussundi
930 3435 1015 3498 lroris
1028 3437 1234 3513 antelucanis
1257 3457 1320 3519 qua
1335 3438 1431 3501 etiam
1451 3438 1589 3518 tacendi,

282 3547 314 3602 ut
335 3540 387 3602 isti
411 3539 487 3603 milri
510 3537 663 3602 silentiosi
687 3547 781 3616 atoue
809 3535 888 3600 ebrii
912 3535 1079 3600 videantur
1107 3557 1177 3602 esse
1206 3525 1426 3621 llarpoerates.
1469 3539 1588 3621 Habes,

281 3641 418 3720 Urbane,
441 3661 501 3704 non
525 3641 686 3723 illepidam
712 3639 888 3720 epistularu,
933 3638 997 3702 Fac
1018 3621 1135 3704 valeas.

351 3763 529 3812 llundsolrrilil.
551 3751 574 3808 ll*
593 3763 639 3808 tlt
659 3764 699 3808 sol.
720 3761 771 3806 sur·
784 3787 803 3792 -
816 3764 879 3808 suo.
922 3761 998 3808 (ieelr.
1019 3763 1042 3807 b.
1061 3763 1095 3807 'l'z
1113 3761 1178 3808 &87
1193 3763 1267 3808 --9ll.
1312 3763 1357 3807 l'oo
1376 3767 1475 3821 ernrrtu
1496 3765 1527 3811 sit
1549 3767 1586 3812 iu·

279 3835 448 3894 temperantia
467 3835 503 3878 oa
520 3835 670 3880 aduersante
690 3835 789 3878 tbrtuna
807 3833 855 3876 orriri
875 3848 918 3876 inor
938 3832 1026 3892 ltaque
1043 3833 1116 3879 ‹livos
1134 3833 1276 3878 Bernartius
1296 3833 1333 3879 bic
1351 3850 1402 3879 uera
1422 3836 1538 3882 mirram.

342 4043 360 4086 Γ
375 4049 437 4118 t'gl.
454 4051 480 4102 S.
491 4047 548 4100 tls
571 4049 649 4102 Auru.
663 4049 689 4104 3.

340 4125 353 4166 ²
374 4128 474 4198 Vir-git,
493 4129 559 4182 deu.
571 4129 619 4196 Vl,
631 4131 695 4183 sol.

341 4203 354 4246 3
376 4209 440 4279 ugr.
463 4208 506 4262 Br.
520 4208 567 4274 57,
580 4212 606 4264 S.
619 4209 654 4262 73
677 4213 759 4266 Arrio.
774 4211 808 4264 tif

344 4285 357 4331 4
382 4290 404 4341 1.
419 4289 540 4343 ΤἰιιιοῒΙιΙ
557 4289 582 4354 5,
597 4290 656 4347 ⁶23„

343 4365 357 4407 5
379 4369 492 4452 lflrnedo
508 4388 532 4440 p.
548 4370 634 4439 LXV,
655 4389 677 4425 c.
691 4370 736 4423 10.
