3625 5192
628 348 716 403 Briefe
733 349 853 403 Matiana
871 349 931 402 336.
949 347 1007 402 337.
1028 347 1085 402 338.
1460 345 1510 400 431

209 499 314 563 luisse.
355 499 466 563 lnanis
491 505 593 563 tumor
612 503 688 562 erat.
731 497 841 578 Neque
864 516 942 575 rem,
971 516 1073 578 neque
1094 495 1191 560 uerba
1212 496 1372 580 probares.
1412 497 1514 577 Atqui

208 601 319 666 demus
338 601 445 683 tuisse
485 602 528 664 At
548 607 582 663 tu
603 620 687 665 nune
704 598 872 678 erislonge
888 598 1060 663 sublimior.
1103 598 1221 664 Scribit
1237 597 1373 676 Quintus
1386 598 1512 664 Curtius

207 703 291 768 male
311 703 458 766 humanis
478 701 618 783 ingeniis
630 709 774 766 naturam
796 700 1001 780 consuluisse,
1023 701 1107 783 quod
1123 700 1305 784 plerumque
1319 721 1381 766 non
1398 700 1513 782 futura,

206 805 262 870 sed
284 811 447 870 transacta
468 803 693 889 perpendimus
704 807 724 868 ¹.
765 802 908 868 Palmam
933 803 1094 885 promitto,
1119 802 1212 868 modo
1238 803 1283 868 sis
1312 803 1511 868 ambiciosus.

208 907 339 990 Ingenio
363 913 396 973 et
414 907 559 972 doctrina
579 905 733 970 abundas.
775 904 882 969 Solum
905 911 937 968 te
958 904 1057 968 vincit
1077 924 1136 970 sua
1157 905 1290 970 notabili
1312 907 1511 988 arrogancia.

207 1009 297 1088 Quod
324 1009 351 1074 si
375 1009 442 1074 loro
469 1008 639 1090 litibusque
667 1007 876 1088 renunciasti,
905 1007 978 1070 stilo
1000 1025 1145 1090 provoca.
1188 1007 1259 1072 Non
1281 1027 1377 1089 quero
1399 1008 1511 1074 delini·

206 1117 313 1176 menta
334 1112 455 1175 aurium
479 1117 510 1175 et
528 1110 570 1175 ad
588 1111 728 1191 graciam
750 1116 951 1192 comparata,
981 1129 1159 1190 quanquam
1181 1117 1213 1174 et
1235 1129 1274 1174 ea
1295 1110 1383 1195 ipsa,
1409 1113 1513 1194 magis

206 1214 278 1277 volo
299 1214 463 1297 vulgarem
485 1231 575 1276 usum
597 1218 629 1277 et
649 1212 774 1275 brevem
796 1211 968 1275 aulicorum
990 1231 1076 1277 more
1097 1212 1278 1294 formulam,
1299 1232 1394 1294 quam
1417 1214 1511 1298 plane

206 1315 400 1399 expressisti.
450 1315 580 1386 Iterato,
610 1314 695 1396 quod
721 1314 820 1378 facis.¹
854 1313 940 1378 Bene
970 1313 1108 1378 scribere
1139 1313 1231 1378 docet
1258 1313 1348 1379 stilus
1377 1317 1512 1382 usitatus

206 1423 238 1482 et
274 1416 475 1482 cottidianos.
539 1416 582 1481 Ut
614 1416 673 1480 hec
703 1415 888 1488 scriberem,
922 1416 998 1480 fecit
1031 1413 1210 1498 ἡμίτραυλος
1250 1423 1329 1482 tuus.
1388 1417 1511 1484 Brravi.
1611 1415 1615 1422 ’

208 1519 272 1584 Ιιιιο
292 1525 372 1584 tuus.
416 1519 533 1599 Magna
563 1524 611 1582 est
642 1519 725 1582 enim
748 1524 780 1581 et
805 1524 894 1581 arcta
915 1517 1079 1582 Benedicti
1112 1523 1143 1582 et
1167 1518 1320 1583 Bernardi
1354 1521 1511 1602 cognatio.
1631 1547 1634 1554 ·

205 1621 269 1686 Sed
300 1621 383 1686 bunc
412 1626 534 1705 patrem
555 1620 790 1706 superbientem
808 1620 948 1684 strictius
969 1639 1109 1703 pungam
1130 1626 1163 1683 ct
1183 1619 1300 1685 dictum
1322 1623 1355 1686 in
1378 1623 1511 1705 poetas²

205 1723 305 1789 eciam
336 1724 437 1788 bonos
465 1722 626 1788 invadam.
677 1721 719 1785 Bt
748 1723 867 1786 merito.
919 1721 1037 1786 Balbus
1077 1723 1160 1786 enim
1194 1723 1234 1788 de
1272 1725 1418 1790 l'acundis
1448 1744 1509 1789 non

205 1826 333 1890 iudicet.
383 1825 433 1890 De
462 1825 511 1890 bis
532 1825 693 1889 haetenus.
741 1824 924 1888 Andream³
950 1825 1059 1889 orbum
1088 1826 1287 1891 examinabo.
1335 1827 1368 1892 Si
1397 1834 1511 1907 cetera,

205 1948 266 2010 que
291 1947 413 1992 morum
438 1935 527 2002 sunt,
558 1925 830 2008 suffragabuntur,
856 1927 972 1991 sentiet
997 1933 1141 2010 patruum
1170 1927 1288 1990 indolis
1317 1947 1373 1993 sue
1400 1935 1510 1994 testem

205 2029 310 2095 lirlsse.
354 2029 442 2094 Vale.

274 2151 453 2198 Handsclrristl.
474 2151 495 2197 10
510 2148 560 2198 rol
580 2151 620 2198 sol.
634 2151 740 2198 141v-
751 2150 825 2198 lter.

206 2411 284 2483 338.
306 2409 351 2482 ll.
373 2429 418 2478 an
439 2409 576 2478 Urban.
1262 2378 1510 2496 ruotharius.)

275 2535 338 2584 blut
356 2535 490 2594 bedenac,
517 2534 574 2582 dass
596 2551 621 2582 es
639 2536 686 2582 mit
705 2535 757 2582 ihm
776 2535 828 2582 und
846 2536 928 2582 seinos¹
948 2536 1074 2583 Branndes
1095 2537 1202 2584 Einlluss
1220 2538 1261 2585 bei
1281 2539 1406 2585 Duronius
1423 2539 1511 2586 vorboi

204 2606 247 2653 soi.
288 2606 375 2652 Morch
398 2605 450 2652 und
474 2605 562 2652 Lotius
584 2606 668 2653 baben
694 2607 739 2652 ibn
767 2620 831 2664 gens
854 2606 880 2652 in
905 2606 974 2653 ihrer
996 2607 1101 2656 Gewalt.
1143 2609 1219 2656 llittte
1243 2609 1307 2656 doch
1326 2609 1438 2670 Spalatin
1461 2611 1510 2657 don

204 2675 287 2723 Makel
310 2677 355 2722 der
373 2675 469 2723 Gcburt
493 2676 578 2722 lrithsr
602 2676 730 2723 entdeekt.
772 2677 824 2722 Der
848 2676 1041 2724 Brieischreiber
1063 2678 1114 2724 will
1136 2679 1219 2724 nicbts
1244 2680 1398 2726 unversucht
1419 2681 1510 2742 lusson,

203 2761 245 2792 um
264 2747 390 2793 Duronius
407 2760 441 2792 an
464 2745 517 2791 sich
537 2761 567 2792 zu
585 2747 683 2793 lesseln.

284 2843 376 2909 Omni
398 2843 542 2907 doctrina
563 2843 686 2908 erudito
706 2843 775 2908 viro
799 2843 936 2908 Henrico
955 2841 1120 2910 Urbano
1141 2845 1301 2920 Matienus
1323 2846 1429 2912 Rufus.

284 2945 314 3009 S.
360 2946 395 3010 Si
422 2945 527 3010 Morus
553 2945 633 3010 adeo
661 2946 766 3030 placet
792 2945 934 3010 Duronio
967 2953 1000 3010 ut
1026 2966 1163 3011 summus
1194 2948 1259 3023 vir,
1297 2949 1359 3012 imo
1389 2970 1511 3015 summa

203 3068 328 3131 quaque
350 3047 444 3112 lande
465 3046 687 3130 dignissimos,
709 3047 785 3129 quid
807 3048 847 3112 de
869 3047 986 3112 nobis?
1027 3049 1138 3113 Actum
1161 3057 1216 3114 est.
1258 3049 1327 3114 lam
1346 3052 1427 3116 nihil
1450 3055 1511 3117 scit

206 3151 360 3230 Urbanus,
383 3149 460 3215 nibil
483 3151 596 3214 didicit
618 3145 787 3214 Matienus.
829 3149 917 3213 Nihil
938 3149 1002 3212 iam
1023 3169 1137 3214 sumus.
1180 3151 1241 3215 lste
1262 3153 1426 3234 facundus,
1450 3155 1510 3219 iste

181 3254 345 3337 sapiens,
368 3252 428 3318 iste
447 3252 719 3335 prestantissimus
738 3256 770 3315 et
790 3251 971 3334 singularis.
1013 3251 1040 3317 0
1062 3260 1218 3336 tempora,
1240 3275 1258 3316 o
1280 3253 1403 3334 Valles,
1425 3275 1443 3319 o
1463 3256 1509 3320 in-

202 3356 308 3420 solens
328 3353 488 3418 iudicium.
531 3353 636 3419 Morus
650 3353 790 3418 Duronio
813 3352 971 3437 probatur,
994 3353 1097 3418 bestia
1114 3355 1235 3419 scilicet
1250 3357 1511 3438 arrogantissima

203 3457 388 3522 stultissimo
413 3455 631 3540 hierophante.
673 3453 742 3532 Quo
770 3453 944 3536 suffragio?
986 3454 1128 3520 Lotiauo.
1170 3455 1280 3521 hotius
1308 3458 1391 3522 enlm
1413 3459 1508 3522 talem

203 3579 273 3625 esse
298 3557 444 3643 predicat
471 3558 606 3638 Morum,
637 3563 671 3620 ut
699 3575 757 3620 nos
785 3554 957 3640 deprimat,
984 3563 1018 3620 ut
1044 3556 1205 3621 inimicum
1235 3566 1373 3623 nostrum
1400 3561 1509 3641 magni

201 3662 308 3726 faciat.
357 3661 390 3726 Si
419 3659 550 3725 credunt
574 3658 719 3725 cenobite
746 3657 849 3740 magis
875 3657 1013 3724 indoctis
1043 3678 1137 3741 quam
1163 3659 1268 3739 nobis,
1295 3660 1399 3725 dicam
1429 3662 1508 3726 illud

202 3763 329 3827 Paulil:
354 3760 483 3842 „Laudo
504 3780 571 3843 vos,
593 3760 650 3826 sed
664 3760 842 3824 inhocnon
855 3759 981 3825 laudo.“
1022 3760 1126 3842 Cogor
1137 3762 1252 3845 raptim
1264 3761 1411 3844 scribere,
1433 3764 1509 3845 quia

203 3870 352 3950 properat
380 3863 517 3928 ludens5
537 3861 723 3928 Herebordi.
766 3861 834 3944 ligo
862 3862 1027 3926 consilium
1049 3862 1123 3926 dedi
1145 3863 1346 3946 Spalatluoi,
1375 3873 1408 3928 ut
1429 3865 1509 3930 nihil

202 3969 381 4047 innovaret,
406 3965 487 4030 nibil
514 3953 693 4030 immutaret
720 3963 833 4027 melius
859 3982 930 4027 esse
958 3970 1044 4028 ratus
1071 3964 1248 4046 quiescere,
1275 3983 1369 4046 quam
1392 3965 1450 4030 tibi
1478 3972 1509 4031 et

205 4109 406 4119 ——.-—--

267 4183 278 4224 ¹
302 4187 366 4258 vgr.
377 4182 489 4239 Curtius
499 4183 589 4238 Rufus
599 4183 680 4253 Vlll,
692 4181 718 4238 6.

265 4261 278 4304 ²
299 4265 362 4338 Vgt
372 4264 416 4318 Br.
428 4263 496 4321 336.

265 4341 280 4384 3
300 4345 481 4417 Nepotianus.
523 4343 587 4415 vgt.
598 4343 643 4400 Br.
657 4343 713 4396 193
736 4341 764 4396 S.
778 4343 836 4396 268
859 4343 939 4400 Αιιιιι.
951 4343 977 4400 2.

264 4421 279 4463 4
302 4425 489 4480 l.Koninther
500 4424 601 4494 1132.

239 4496 248 4511 ⁴
264 4501 279 4544 ⁵
300 4506 362 4577 Vgl.
374 4505 419 4560 Br.
428 4503 497 4573 229,
509 4503 567 4557 259
579 4523 603 4559 u.
615 4505 682 4560 336.

264 4581 331 4639 ssln
351 4587 400 4641 der
420 4583 759 4657 Diplomangelegenheit.
791 4603 795 4610 ’
