3625 5192
683 372 772 429 Briclo
789 374 910 431 Matiana
927 377 987 431 590.
1434 378 1484 431 261

182 538 273 585 nemo
300 530 363 603 est,
392 523 448 605 eui
476 522 677 588 virulentiam
706 542 767 587 non
788 529 917 590 accuset
936 530 1038 605 tuam,
1067 525 1267 590 insolentiam
1291 526 1485 605 montalent,

180 628 339 705 stuporem
367 631 399 687 ct
426 623 637 706 ignorantiam
669 644 729 689 non
754 624 906 691 derideat
949 627 1016 691 lam
1038 628 1164 693 fremuit
1184 627 1351 709 Hercules,
1377 628 1486 693 audite

178 731 251 787 sunt
272 724 333 790 due
354 724 532 809 apologie.l
581 726 648 791 Vela
672 726 745 807 ribi,
768 746 837 793 cum
859 735 889 792 te
911 729 1010 793 tercia
1031 738 1219 813 prostratum
1241 732 1349 811 (quam
1372 750 1485 813 expec-

179 831 246 889 tare
268 824 368 907 iubet)
391 828 504 893 misere
526 827 611 893 velut
633 847 737 893 ursum
760 837 1003 894 murmurantem
1025 829 1176 895 conficiet.
1217 832 1286 908 Quo
1307 832 1367 897 tibi
1388 840 1484 913 tune,¹

178 926 262 1010 quod
288 948 368 1013 opus
393 930 556 995 venenatis
579 930 733 996 conviciis
758 943 790 997 et
817 930 899 997 l'edis
921 931 1096 997 mendaciis
1117 934 1236 1015 passim
1259 935 1434 1017 asperseris
1453 942 1485 999 et

177 1038 305 1112 propter
331 1030 585 1097 malevolentiam
608 1032 758 1097 nonnulla
781 1033 906 1115 darius,
928 1032 1147 1115 inhumanius,
1167 1054 1260 1115 quam
1281 1036 1348 1100 lieri
1368 1035 1485 1116 decuit,

175 1131 384 1215 ex'Origene‚
404 1134 636 1218 Olrrysostomo,
658 1136 835 1217 Augustino
856 1134 1045 1216 protuleris?
1085 1134 1213 1201 lllonerc
1232 1136 1299 1201 telo
1321 1137 1484 1219 religionis

176 1234 315 1299 volebas.
357 1234 441 1313 Quid
462 1236 578 1301 audio?
613 1238 673 1300 Sus
688 1236 883 1301 Minervam²
903 1235 1016 1301 docere
1036 1238 1136 1301 voluit
1156 1244 1197 1318 et,
1217 1240 1373 1320 quianon
1394 1246 1484 1305 curat

175 1354 314 1401 mascam
337 1336 446 1419 aquila
466 1337 587 1417 trolano,
603 1337 832 1403 circumradere
854 1337 961 1419 pergis
977 1358 1039 1402 ova
1055 1339 1301 1405 instartabulosi
1313 1341 1484 1406 scarabei.³

175 1438 245 1502 Non
274 1445 348 1521 eget
369 1438 519 1504 Erasmus
548 1439 598 1504 vel
621 1439 770 1503 atensisl
797 1458 932 1503 censura
957 1439 1008 1503 vcl
1035 1439 1160 1503 lrortatn
1182 1442 1363 1523 rnonimquc
1389 1440 1483 1507 bardi

174 1540 268 1620 levis,
295 1540 555 1607 turbulentissimi
578 1541 752 1607 nebulonis.
800 1540 868 1621 lieo
889 1560 1071 1625 expromere
1099 1542 1193 1606 libuit
1213 1542 1245 1605 in
1268 1543 1480 1607 testimonium

173 1640 299 1725 perdite
327 1642 475 1725 audacie,
502 1662 557 1723 ne,
583 1644 636 1725 qui
659 1642 819 1725 theologie
840 1643 974 1707 classem
996 1642 1091 1707 istlric
1112 1643 1243 1719 ducunt,
1265 1644 1480 1726 persuadeant

172 1742 234 1808 sibi
257 1745 310 1828 pie
331 1750 363 1807 et
384 1764 457 1809 vere
478 1752 620 1810 taxatum
635 1744 809 1811 Erasruum.
842 1745 901 1823 'l'a‚
924 1753 1015 1827 pater
1031 1745 1162 1825 erudite,
1183 1748 1262 1810 satis
1280 1745 1476 1829 exploratum

170 1845 270 1911 habes
295 1846 461 1912 vecordem
489 1847 571 1911 bane
600 1848 856 1911 calumniatorem
884 1866 942 1910 nec
968 1846 1136 1910 sacerdotii
1166 1866 1225 1910 nec
1248 1847 1423 1912 studiorum
1445 1857 1478 1913 et

171 1946 324 2030 doctrine,
346 1966 404 2013 nec
425 1950 543 2013 l'ructus
563 1948 792 2013 attalica-orumb
811 1948 961 2012 lralmisse
978 1949 1142 2030 rationem,
1156 1949 1213 2013 sed
1233 1950 1276 2011 ira
1293 1954 1325 2013 et
1338 1949 1412 2013 odio
1425 1968 1478 2013 ex·

170 2049 347 2115 timnlatum
369 2058 401 2115 et
420 2070 587 2115 accensum
610 2050 786 2132 errpiditate
807 2050 910 2132 glorie
929 2049 1037 2113 ulcisci
1058 2050 1106 2113 sui
1129 2057 1357 2133 corrtemptam,
1385 2052 1476 2133 quasi

169 2171 230 2216 non
255 2152 297 2217 sit
317 2152 448 2235 impium
470 2160 502 2217 et
522 2151 708 2217 sceleratum
731 2159 762 2216 et
778 2152 932 2216 nelarium
952 2151 1282 2232 negleclaclraritate⁰
1294 2152 1477 2218 Christiana

169 2260 276 2319 mutas
298 2274 421 2319 movere
440 2254 604 2337 tragedias
624 2254 728 2319 studio
752 2255 910 2337 iactancie
931 2260 963 2318 ct
982 2273 1089 2319 amore
1111 2255 1261 2336 vindicte.
1311 2254 1394 2332 Quid
1416 2256 1475 2337 igi-

167 2364 218 2421 tur
238 2356 355 2437 effecit,
378 2357 439 2422 nisi
462 2364 495 2421 ut
520 2358 619 2421 bonas
640 2355 818 2421 voluntates
839 2356 1001 2425 iniecisse,
1022 2357 1233 2438 depravasse,
1256 2357 1354 2421 bonas
1367 2356 1475 2421 literas

168 2477 327 2537 onerasse,
347 2458 543 2543 depressisse
564 2457 733 2523 videatur?
767 2458 849 2522 Nam
872 2457 1035 2540 lirasmice
1057 2457 1206 2537 ‹lignitati
1228 2466 1349 2522 tanatum
1370 2458 1472 2539 abest,

169 2570 202 2626 ut
222 2560 371 2640 obfuerit,
394 2569 427 2625 ut
447 2562 543 2626 altius
563 2567 659 2643 eaput
680 2560 805 2641 erigant
825 2560 942 2623 velutil
963 2557 1056 2623 ilorcs
1077 2560 1120 2622 ad
1143 2559 1351 2624 rrrcridianum
1373 2560 1470 2625 solem

167 2664 327 2729 nocturnis
349 2664 468 2746 pluviis
488 2663 664 2741 degravati.
697 2664 775 2739 (luis
791 2664 874 2725 caim
887 2664 985 2726 riustri
1003 2661 1125 2725 culinis
1137 2662 1189 2738 (dc
1203 2662 1339 2726 literatis
1350 2663 1472 2743 loquor)

165 2766 246 2831 lcvis
267 2765 356 2829 bardi
381 2766 544 2848 prestigiis
565 2765 748 2829 exoculatus
767 2785 827 2827 urm
846 2765 1005 2847 intelligat
1014 2764 1300 2845 lllatlrcologarum⁰
1321 2764 1470 2829 instinctu

165 2868 337 2949 ramgeri?
379 2868 575 2931 Sulmrnatus
595 2877 644 2931 est
666 2868 772 2949 procul
794 2866 890 2930 rlrrbio
912 2867 1058 2947 garrulas
1078 2873 1111 2930 et
1131 2867 1244 2929 stultus
1265 2867 1325 2929 iste
1351 2867 1393 2930 ab
1413 2867 1472 2932 Lo·

165 2970 370 3036 venientibus
393 2969 528 3035 Martiae
549 2970 682 3048 infestis,
703 2968 870 3052 Capnioai,
891 2988 1012 3033 snmrao
1034 2969 1111 3047 viro,
1135 2966 1303 3032 crudeliter
1323 2968 1469 3033 inimicis.

67 3084 71 3091 ’
164 3072 231 3137 lam
257 3073 334 3156 quid
361 3072 465 3138 dicam
492 3070 533 3135 de
558 3071 704 3135 inaudita
724 3070 906 3135 dementia?
947 3070 1019 3135 Non
1047 3070 1135 3153 eupit
1157 3088 1216 3153 par
1236 3089 1307 3134 esse
1327 3070 1468 3144 Erasmo,

163 3175 225 3239 nisi
248 3184 280 3240 et
297 3176 363 3241 alia
388 3174 552 3252 accedant,
575 3172 779 3257 (ruadmunt,
802 3179 836 3235 ut
852 3172 915 3236 levi
940 3172 1037 3238 bardo
1058 3171 1191 3236 videtur.
1233 3170 1317 3249 Quid
1337 3172 1469 3237 accedat

162 3277 302 3343 amabo?
348 3276 421 3358 llic,
448 3276 548 3341 sodes,
594 3276 642 3339 Aa
671 3274 772 3339 latina
794 3274 977 3356 elegantia?
1027 3273 1075 3337 Au
1098 3274 1270 3355 (trecorum
1292 3272 1467 3339 auxilium?

160 3378 312 3444 Abundat
333 3385 464 3461 utraque
488 3378 589 3461 copia.
630 3376 713 3455 Quid
734 3396 809 3459 ergo
831 3375 1017 3442 desideras?
1045 3376 1128 3439 Num
1150 3375 1340 3441 Hebraicam
1362 3374 1466 3439 litera-

162 3481 284 3547 turam?
330 3480 401 3546 Non
423 3480 520 3545 deest.
571 3479 653 3543 Num
675 3478 865 3544 Oceanieum
890 3478 1131 3559 Scoticumeue⁵
1154 3475 1351 3560 presidium?
1393 3477 1465 3542 Non

159 3581 377 3648 desideramus
397 3580 535 3647 contenti
547 3578 671 3647 Christo
692 3586 723 3645 et
738 3578 842 3644 Paulo.
874 3578 1072 3658 Modestiam‚
1092 3577 1302 3661 diligentiam,
1313 3578 1465 3644 iudicium

159 3684 302 3767 requiris.
350 3686 473 3765 Apage.
510 3681 586 3747 'lsta
610 3680 813 3766 superfluunt.
861 3680 940 3759 Quis
966 3680 1156 3746 moderatior
1180 3680 1334 3745 Erasmo?
1387 3682 1466 3760 Quis

159 3786 353 3852 accuratior?
386 3785 465 3864 Quis
487 3786 518 3849 in
540 3784 733 3867 Hieronymo
756 3790 788 3848 et
809 3790 948 3848 veterum
970 3782 1186 3864 theologorum
1206 3784 1334 3868 scriptis
1354 3784 1465 3867 eeuior

229 3936 304 3989 ‘lta
325 3948 388 3987 tarra.
442 3924 517 3987 blis.
535 3938 680 3986 studiorum.
725 3930 801 3983 ⁰Kr.
821 3937 928 3982 caritate
979 3920 991 3956 ¹¹
1010 3936 1055 3984 lir.
1073 3938 1153 3983 velut.
1199 3933 1211 3957 ⁶
1231 3936 1445 3996 Hntaiologorum.

1245 4054 1265 4093 0

159 4098 357 4107 ---——---

222 4200 232 4241 l
255 4203 322 4260 Des.
349 4203 455 4257 Erusmi
480 4203 545 4258 Rot.
568 4200 722 4271 Aprologiae
744 4200 822 4254 duae.
848 4198 981 4254 Coloniae
1003 4199 1126 4257 MDXX.
1167 4198 1231 4271 Vgl.
1248 4198 1359 4253 Panaca.
1387 4197 1461 4255 Ann.

155 4281 469 4435 typdvssgssgglrazzfus
491 4362 598 4433 Adagia
613 4380 639 4432 p.
649 4360 695 4413 58.

218 4440 233 4483 3
256 4442 316 4515 Vgl.
336 4443 381 4497 dio
403 4442 562 4513 Erulihlurrg
580 4442 606 4495 in
632 4440 676 4499 Br.
690 4441 747 4495 475
770 4442 798 4497 S.
823 4441 887 4499 133.

217 4520 232 4563 ⁴
253 4522 397 4579 dohannes
418 4522 512 4577 Naxus
531 4522 567 4575 in¹
583 4523 693 4591 trauan,
715 4522 758 4575 eia
781 4522 893 4595 Gegner
911 4524 961 4577 des
977 4522 1114 4577 manua

74 4682 79 4693 Ι
189 4628 192 4637 ’
216 4600 453 4661 5Seholastische
474 4602 618 4658 Weishcit.
