3625 5192
603 367 693 423 Briole
714 369 833 424 Matiane
853 369 912 422 622.
932 368 990 422 628.
1010 369 1070 423 eal.
1438 370 1490 422 305

184 567 265 638 624.
288 565 332 638 ll.
353 537 399 634 an
420 566 543 635 Euhan
565 572 711 638 llossus.
931 645 937 658 ¹
1044 511 1193 650 (uella)
1209 569 1309 640 1525.
1339 568 1441 653 Aprll
1456 570 1490 642 8.

252 752 314 799 blut.
338 753 404 812 zeigt
425 754 477 799 siolr
500 755 547 800 mit
571 754 628 800 dsm
646 754 725 800 Plano
748 753 791 798 des
810 753 915 811 Hamus,
941 752 997 798 elne
1022 753 1109 799 aweits
1127 754 1243 813 Ausgabe
1261 753 1306 801 der
1324 755 1443 801 Buoolioa
1461 770 1491 802 ιι

75 839 85 851 ·
183 825 368 882 veranstalten,
392 824 600 884 elnverstaudun,
624 827 770 870 ermuutert'
786 823 831 869 ihu
854 837 898 869 aur
916 822 1023 882 Euergie
1041 823 1067 870 in
1086 824 1142 870 darn
1162 823 1357 872 medlainisoben
1376 817 1491 872 Studium

183 892 235 939 und
255 893 339 953 bittet,
360 892 409 940 don
429 894 516 941 Hrunua
534 909 564 940 zu
582 897 693 954 grusson.

264 1043 449 1110 Comedus·
466 1044 627 1109 Mutianus
643 1043 776 1108 Eobano
799 1042 908 1108 Hesso.
942 1043 976 1108 S.

266 1145 350 1224 Quid
372 1148 417 1212 sis
436 1145 576 1212 lauturus
595 1147 628 1210 in
650 1145 790 1210 editione
819 1144 959 1210 seeunda
980 1145 1190 1236 Buoolioon1,
1220 1147 1262 1214 ad
1288 1168 1337 1213 me
1357 1148 1493 1214 familia·

184 1247 259 1312 riter
278 1249 399 1312 soribis.
432 1247 513 1313 Dioo
532 1249 687 1313 foelioiter
708 1266 764 1331 pro
784 1266 855 1311 mea
875 1247 909 1310 in
931 1249 984 1311 teb
1007 1247 1236 1314 benevolentia.
1271 1249 1331 1330 „llt
1353 1258 1408 1315 tua
1429 1250 1492 1313 vie

184 1352 294 1414 trioem
315 1349 431 1414 rel'erat
451 1369 532 1414 ouva
553 1348 658 1414 fistula
674 1350 848 1433 palmam.“
882 1349 1002 1424 viden,
1026 1357 1059 1414 ut
1075 1350 1194 1414 Bonum
1208 1351 1372 1426 Ereptum,
1387 1352 1493 1434 singu-

184 1451 281 1516 larem
313 1450 488 1534 Corydonis
507 1451 618 1531 deum,
646 1457 678 1515 et
699 1451 806 1515 Palem
837 1451 923 1515 mala
950 1453 1059 1534 gregis
1090 1461 1349 1518 averrunoantem
1379 1473 1436 1538 pro
1462 1461 1494 1519 te

184 1553 362 1618 oraverim?
403 1551 494 1631 Quod
517 1562 671 1636 superest,
692 1573 755 1618 non
776 1558 807 1618 te
828 1553 990 1636 poeniteat
1011 1555 1149 1636 suseepti
1171 1555 1307 1637 negocii,
1326 1556 1394 1620 sive
1413 1557 1494 1621 velis

185 1656 268 1720 inter
286 1655 385 1720 simas
405 1655 546 1739 capellas
566 1656 673 1720 subter
692 1655 834 1738 ooryleta
855 1656 997 1720 iaoentes
1015 1657 1171 1737 opiliones
1188 1650 1372 1721 tuosnolio
1387 1651 1493 1740 ἱμάτια

185 1751 408 1842 φιλιλογώτερα
428 1777 589 1823 assumere
609 1759 677 1824 sive
697 1754 740 1819 τὰ
761 1756 903 1840 sepem
924 1757 1043 1822 recenti
1064 1758 1192 1841 signare
1214 1765 1290 1823 nuta
1311 1759 1380 1823 sive
1402 1778 1493 1841 argu-

186 1867 293 1923 menta
310 1867 517 1938 commutare,
539 1867 574 1924 ut
593 1859 784 1944 interpolata
805 1852 938 1922 εἰδύλλια
961 1859 1099 1944 pondus,
1121 1879 1182 1925 non
1205 1861 1278 1925 dioo
1299 1862 1384 1945 apud
1405 1860 1510 1926 rusti?

187 1981 257 2042 oos,
287 1961 345 2026 sed
370 1962 512 2025 literatos
538 1963 624 2026 viros
651 1963 753 2028 maius
779 1963 961 2042 inveniant,
989 1970 1023 2026 ut
1051 1963 1153 2027 autori
1179 1963 1322 2028 latiorem
1351 1962 1497 2028 adferant

186 2065 331 2145 gloriam.
373 2063 467 2128 Haud
488 2062 586 2128 dubie
606 2066 742 2145 gratiam
763 2065 874 2129 inieris
895 2083 1049 2128 summam
1071 2083 1092 2127 a
1112 2064 1262 2130 studiosis
1285 2064 1444 2130 Musarum
1465 2072 1497 2129 et

186 2165 245 2230 tibi
270 2164 395 2229 laudem
424 2165 602 2230 luoriiaoies
631 2166 861 2250 amplissimam
887 2173 961 2230 eta
987 2166 1135 2232 Chaerilo
1156 2172 1211 2230 tua
1231 2167 1405 2251 suppilanti
1427 2177 1496 2231 tun·

187 2287 282 2349 quam
309 2268 342 2328 ta
361 2261 453 2328 λύκου
473 2261 644 2351 στόματοςο
664 2265 783 2352 eripies
803 2270 955 2336 ovioulas.
1004 2268 1096 2347 Quod
1117 2270 1145 2332 si
1166 2269 1274 2334 Zoilus
1297 2270 1387 2351 quasi
1409 2268 1496 2348 frigi-

187 2369 247 2432 dus
268 2369 381 2449 anguis
394 2368 584 2450 obsibilarit,
605 2389 704 2454 „sape
723 2385 803 2435 saxa
820 2390 926 2452 manu,
948 2391 1027 2454 oape
1044 2371 1156 2435 robora
1172 2371 1308 2455 pasmr.“
1340 2370 1397 2434 Est
1412 2371 1495 2434 enim

187 2472 247 2535 tibi
273 2471 388 2554 pedum
414 2472 544 2554 paribus
573 2473 666 2536 nodis
691 2479 786 2554 atque
811 2491 886 2537 aere
906 2472 1092 2554 formosum,
1122 2475 1244 2557 etipsa
1267 2472 1347 2536 Nais
1368 2479 1399 2536 te
1420 2471 1497 2535 rude

188 2575 315 2636 elavata
336 2571 477 2651 donarit,
498 2573 558 2637 hoo
578 2580 635 2654 est,
657 2572 858 2656 magnifieum
881 2574 980 2638 habes
997 2582 1137 2656 systema
1146 2573 1303 2639 vocalium
1314 2575 1496 2638 oanninum.

190 2675 286 2740 Utere
307 2695 390 2740 vena
415 2681 470 2738 tua
494 2676 686 2741 beatissima.
741 2676 842 2741 Nemo
866 2677 983 2740 fluxum
1006 2677 1100 2741 istum
1120 2676 1268 2742 retardet.
1310 2675 1369 2741 Pro
1392 2675 1499 2740 aliena

189 2779 267 2841 lima
293 2785 324 2841 et
349 2797 370 2840 n
399 2778 458 2842 tibi
486 2778 528 2841 sit
553 2777 686 2842 testibus
715 2778 825 2842 iudioii
851 2779 897 2842 tui
924 2778 1015 2843 ratio.
1063 2778 1214 2844 Deterere
1240 2778 1355 2862 poterit
1375 2777 1498 2860 aliquid

188 2882 338 2944 molestus
369 2880 514 2958 oritious,
543 2897 655 2943 ornare
683 2885 738 2943 tua
770 2899 833 2944 non
867 2881 996 2963 poterit,
1034 2880 1095 2943 nisi
1130 2880 1309 2963 petulanter
1336 2879 1499 2963 obstrepat

190 2983 275 3046 velut
295 3001 390 3047 anser
410 2983 492 3046 inter
512 2981 623 3046 olores.
671 2980 755 3059 Quid
781 2982 870 3046 aliud
891 2981 995 3057 novi?¹
1025 2981 1114 3047 Belle
1135 2989 1167 3046 et
1188 2982 1344 3046 festiviter
1370 2981 1499 3045 adludis

190 3084 231 3149 ad
251 3085 359 3148 tritum
381 3083 490 3168 populi
509 3103 652 3148 sermone
672 3084 820 3164 verbum,
844 3083 928 3166 quod
955 3085 1002 3148 sio
1022 3083 1133 3148 habet:
1157 3084 1218 3147 Vix
1239 3085 1353 3166 ingens
1373 3090 1406 3148 et
1422 3083 1498 3146 rude

190 3186 404 3251 coemiterium
431 3206 514 3250 novo
543 3186 687 3250 medieo²
721 3186 931 3251 suffecturum.
985 3187 1050 3250 Sed
1077 3186 1282 3251 nihilominus
1308 3184 1497 3250 audendum.

191 3287 260 3366 Quo
289 3288 368 3352 mihi
396 3289 522 3353 eithara
550 3307 709 3369 nunquam
738 3287 887 3370 pulsata?
929 3286 1007 3365 Quis
1036 3288 1155 3353 musico
1178 3288 1297 3353 tacenti
1323 3284 1499 3368 adsurgat?

191 3391 333 3455 Medione
354 3391 532 3472 aegrotanti
553 3389 702 3455 adsideat
721 3397 852 3472 oportet.
887 3391 966 3455 l'ars
987 3389 1089 3454 altera
1110 3391 1264 3474 praetioes
1284 3381 1500 3470 depensuram
1605 3427 1607 3434 ι

191 3500 246 3556 ιιι
267 3493 350 3556 viotu
372 3493 490 3556 salubri
517 3503 572 3556 aut
592 3492 833 3557 medicamentis
850 3500 882 3555 et
902 3512 997 3556 mauu
1019 3497 1185 3557 suroourrat.
1218 3493 1318 3558 Senes
1338 3501 1370 3556 et
1383 3489 1498 3555 del‘eoti

191 3601 223 3657 et
242 3595 349 3658 morbo
370 3595 462 3674 gravi
484 3595 666 3659 laborantes
686 3595 728 3658 ad
750 3595 905 3658 medicum
919 3595 1028 3659 venire
1043 3611 1105 3658 non
1121 3603 1260 3676 possunt.
1292 3594 1404 3675 Neque
1418 3591 1499 3656 tales

193 3704 374 3785 procurator
397 3704 431 3759 ut
450 3696 631 3761 causidicus
650 3698 813 3761 absentem
834 3697 1045 3776 litigatoreml
1066 3698 1176 3761 iuvare
1198 3702 1309 3778 potest.
1339 3695 1447 3776 ltaque
1467 3699 1499 3758 te

144 3905 149 3914 ι
263 3869 276 3896 ³
293 3878 339 3937 Ep.
358 3877 415 3926 lum.
434 3852 565 3925 Gouratus.
638 3862 715 3939 ¹¹1lp.
733 3880 791 3926 sam.
810 3893 844 3924 ra.
904 3871 982 3936 eEp.
1002 3876 1058 3924 lem.
1078 3887 1201 3939 σωματος.
1268 3859 1341 3922 lTa.
1360 3873 1499 3932 ligaturam.

192 4051 392 4060 Ἣ

257 4173 268 4216 ¹
292 4176 346 4232 Dio
373 4180 468 4234 zweite
485 4179 616 4251 Ausgabe
642 4180 732 4235 dieses
752 4179 872 4235 Werlres
897 4177 961 4232 kam
991 4184 1046 4232 eret
1068 4175 1144 4229 1528
1166 4193 1199 4229 uu
1220 4173 1332 4232 Stando.
1374 4170 1436 4244 Vgl.
1456 4171 1500 4226 Br.

196 4255 252 4310 148
278 4257 305 4313 S.
321 4259 386 4312 220.
439 4259 484 4316 Sia
513 4279 588 4314 muse
608 4263 725 4331 judoch,
751 4262 824 4315 auch
852 4260 924 4314 nauh
950 4258 1040 4312 sineru
1068 4256 1218 4312 Schneiben
1248 4256 1296 4308 des
1325 4253 1428 4308 Hamus
1465 4271 1500 4307 an

195 4337 319 4408 Spalnlin
346 4357 407 4394 vom
437 4340 482 4394 29.
498 4339 578 4411 April
607 4341 684 4394 1525
711 4342 777 4412 (egl.
807 4341 920 4410 Beilrrge
948 4339 959 4390 1
985 4340 1033 4391 dos
1062 4336 1211 4407 folgenden
1236 4333 1369 4404 Briefee),
1396 4335 1501 4388 damula

193 4418 365 4491 druolrfertig
385 4437 510 4491 genesen
531 4421 598 4474 sein.

255 4511 270 4553 2
291 4517 395 4571 Hamus
415 4519 492 4572 lratte
512 4518 571 4572 siulr
593 4524 664 4571 trotz
684 4519 732 4572 ulos
756 4518 893 4572 Abratens
916 4516 1037 4570 Matiane
1056 4513 1129 4587 (Vgl.
1149 4513 1194 4570 ur.
1207 4513 1264 4566 619
1281 4513 1306 4565 S.
1319 4501 1500 4587 aso-296)

195 4596 267 4648 ‹loelr
291 4600 353 4650 dem
376 4598 590 4651 nrorllaluisolreu
613 4600 739 4652 Studium
762 4599 932 4669 arigewaudt.

244 4696 613 4748 saonensemuuesxvrm
1266 4690 1301 4742 20
