3625 5192
684 298 944 367 Gesrhichtsquollen
963 299 1012 352 rler
1029 298 1105 352 Prov.
1123 292 1247 353 Saelrsen.

433 445 583 511 Secessus
604 448 826 513 amarissimus
1029 448 1089 511 Pro
1110 448 1183 529 lege
1202 452 1276 523 stat,
1296 443 1486 527 quodlibet,

393 553 425 611 et
445 548 537 612 simul
560 548 785 613 saluberrimus
991 550 1061 628 valr,
1082 548 1180 613 nostri
1202 548 1292 611 netas
1312 547 1424 612 seculi!

393 650 507 715 multas
528 650 625 715 habet
644 651 782 733 delitias,
989 650 1111 734 Equum
1133 650 1260 715 turbant
1280 649 1445 727 causidici,

393 772 449 816 seu
469 758 500 816 te
523 772 631 818 neruus
652 754 776 835 nigrurn
798 753 883 818 iuvet
989 753 1131 835 lingnam
1153 759 1185 817 et
1201 752 1308 817 stilum
1330 752 1506 831 venditant,

393 872 448 919 sen
473 874 604 937 campus
625 854 848 920 frumentarius
988 856 1097 923 labore
1120 858 1232 922 vivunt
1251 873 1436 939 pauperum,

395 955 510 1035 piscosi
533 976 588 1021 seu
609 957 771 1021 volumina
989 975 1067 1038 quos
1088 956 1209 1020 utinam
1231 976 1302 1021 curn
1322 956 1454 1030 medicis

393 1058 483 1119 Lini¹
507 1058 559 1123 vel
581 1058 662 1123 dans
685 1058 835 1140 irriguum
989 1067 1021 1122 et
1041 1078 1112 1121 cum
1132 1058 1283 1141 sophistis
1299 1058 1437 1139 garrulis

394 1165 518 1241 pratum
541 1160 681 1240 vigorem
704 1160 813 1225 oculis.
850 1151 852 1163 '
989 1160 1130 1225 internus
1148 1160 1240 1225 Pluto
1259 1166 1394 1240 raperet.

435 1332 536 1413 Felix,
557 1336 626 1396 cui²
646 1353 714 1397 sors
735 1334 873 1417 prestitit
1030 1334 1094 1399 Sed
1110 1333 1187 1416 quid
1204 1332 1308 1399 dicam
1326 1333 1367 1397 de
1384 1336 1556 1413 monachis,

396 1434 427 1496 in
449 1433 528 1498 villa
548 1454 772 1500 consenescere
990 1437 1053 1519 qui,
1075 1456 1170 1518 quum
1196 1434 1359 1501 mendicos
1379 1428 1415 1501 se
1435 1436 1554 1519 dicant,

395 1535 529 1599 incultos
549 1535 690 1601 interae
711 1537 805 1601 rudes
989 1539 1051 1624 ipsi
1072 1538 1153 1603 nihil
1173 1558 1236 1603 non
1258 1536 1431 1620 possident,

398 1638 454 1701 sed
476 1638 554 1701 rnire
577 1639 692 1721 probos
713 1638 855 1705 rusticos.
990 1641 1066 1724 quin
1088 1638 1221 1704 affluunt
1239 1639 1367 1705 diviciis

396 1738 431 1801 ln
450 1759 519 1803 rure
540 1748 647 1804 marret
667 1742 772 1823 pietas
990 1751 1020 1808 et
1042 1741 1189 1807 mollibus
1209 1741 1378 1822 illecebris,

395 1848 427 1904 et
448 1841 571 1906 sincera
592 1844 816 1925 tranquillitas,
990 1864 1102 1910 revera
1121 1864 1268 1929 spurcum
1292 1845 1411 1909 animal

395 1963 448 2007 rus
469 1943 525 2007 dat
547 1944 631 2009 viros
653 1946 781 2027 iugenio
990 1954 1089 2014 otest
1109 1946 1202 2031 lupus
1221 1946 1389 2030 oppidicus

395 2064 434 2109 ae
455 2046 603 2110 membris
624 2046 842 2111 valitudinem.
988 2051 1047 2116 sub
1068 2048 1144 2132 agni
1164 2069 1281 2114 nocens
1301 2047 1427 2113 vellere.

435 2219 587 2283 Malorum
608 2220 678 2285 fons
697 2227 745 2285 est
765 2219 918 2304 oppidum
1030 2224 1178 2287 Sacratae
1199 2220 1268 2285 Deo
1291 2221 1433 2302 virgines

396 2327 428 2383 ot
448 2340 527 2385 onus
552 2327 656 2385 monte
678 2323 817 2403 gravius.
989 2324 1059 2389 adit
1079 2323 1186 2389 buccis
1207 2324 1398 2392 rubentibus.

395 2423 572 2505 Repuerunt
592 2424 624 2485 in
646 2424 740 2487 urbes
764 2430 851 2489 astus
990 2428 1081 2492 Tune
1101 2426 1236 2491 dicimus
1257 2445 1313 2491 nos
1331 2425 1466 2490 creduli:

396 2527 491 2602 l'raus,
514 2525 563 2605 lia,
584 2526 709 2605 liutunr,
728 2528 786 2605 vis,
808 2526 913 2597 laertio,
992 2528 1061 2609 „De
1082 2528 1151 2592 Deo
1171 2536 1263 2611 pater
1284 2528 1418 2610 loquitur

395 2630 533 2693 anrbitus
555 2627 765 2709 occupantia,
991 2640 1022 2696 et
1042 2650 1159 2714 pravos
1182 2648 1283 2694 nores
1304 2629 1462 2712 corrigil.“
1491 2701 1494 2708 ,

396 2730 475 2793 livor
497 2736 529 2793 et
547 2730 691 2793 avaricia
991 2730 1055 2796 Sed
1076 2731 1152 2813 quid
1174 2733 1266 2815 penis
1285 2732 1468 2815 protuberat

324 2846 325 2849 ’
396 2832 513 2908 etJl'ere
531 2839 577 2895 tot
597 2831 736 2913 flagicia,
991 2833 1088 2898 arctis
1109 2833 1405 2916 compressiunculis

395 2940 470 3015 quot
490 2934 578 2997 luetis
601 2934 699 2997 nutrit
719 2935 857 2999 arbores.
991 2935 1153 3017 raptisque
1174 2942 1277 3016 turget
1298 2935 1419 3001 basiis?

437 3106 515 3171 Sunt
537 3104 590 3187 qui
613 3104 731 3168 vietum
754 3124 792 3169 cx
815 3107 933 3186 fenore,
1031 3107 1109 3185 Quis
1130 3107 1311 3173 sacerdotes
1332 3109 1439 3175 asinos

396 3216 468 3272 suut
489 3207 541 3289 qui
565 3214 697 3288 querant
718 3226 756 3270 ex
780 3207 909 3271 Venere.
991 3212 1080 3283 terat,
1103 3210 1158 3291 qni
1178 3229 1213 3274 se
1233 3209 1433 3276 doctissimos

395 3310 504 3374 Prisca
526 3308 672 3392 voluptas
694 3309 798 3391 periit,
991 3319 1022 3376 et
1043 3320 1251 3377 succensent
1271 3312 1414 3393 optima?

395 3418 541 3475 amantur·
563 3419 595 3474 et
617 3418 725 3475 aurant
745 3412 872 3475 nunrnri.
991 3414 1060 3491 Quo
1080 3414 1124 3477 nil
1147 3413 1377 3490 detestabilius,

395 3514 513 3576 Aurum
539 3512 569 3577 iu
592 3533 694 3577 cunno
716 3513 864 3594 qrreritur,
992 3536 1065 3580 narn
1087 3516 1140 3597 qui
1162 3535 1197 3580 se
1217 3518 1305 3599 ipsos
1325 3517 1470 3583 nesciunt

396 3620 428 3677 et
448 3624 577 3695 questus
597 3614 632 3678 lit
654 3615 774 3696 religio.
991 3637 1030 3682 ac
1052 3616 1185 3682 eruditis
1205 3621 1374 3704 prel'erunt,

397 3716 505 3780 Colum
527 3723 559 3781 et
580 3716 728 3800 ternplum
751 3716 898 3781 venditur·
991 3720 1063 3805 plus
1084 3721 1196 3785 ceteris
1216 3722 1403 3806 superbiunt

395 3838 454 3882 neo
475 3826 522 3882 est
543 3820 575 3882 in
598 3819 681 3884 clero
703 3821 864 3885 structiles.
991 3832 1023 3887 ct
1043 3821 1130 3887 stulti
1153 3824 1282 3909 pulsant
1302 3824 1459 3906 cymbala.

390 4004 400 4031 *¹
419 4009 555 4069 Fortibus.

379 4288 388 4329 ¹
411 4292 470 4347 Der
492 4300 662 4363 sogerrauutc
683 4293 864 4366 Flossgrabou
887 4298 953 4351 odor
975 4298 1155 4353 Leirrulranal.
1185 4299 1389 4369 Vgl.Zeitschr.
1411 4301 1435 4355 d.
1453 4301 1487 4355 V.
1507 4302 1526 4356 f.
1548 4304 1622 4359 thiir.

315 4372 415 4427 Gesclr.
437 4390 464 4426 u.
476 4372 594 4427 Altertlr.
612 4374 633 4441 1,
654 4373 680 4428 S.
694 4374 752 4427 300
777 4378 832 4431 und
852 4377 929 4432 Beck
942 4378 977 4444 ll,
990 4377 1016 4431 S.
1032 4377 1071 4431 28
1086 4378 1163 4431 --29
1207 4380 1342 4435 Derselbe
1363 4382 1456 4436 wurde
1478 4400 1523 4436 urn
1543 4383 1620 4437 1370

315 4454 459 4525 irriguum,
488 4454 588 4506 nirnrnt
609 4454 703 4508 acinon
724 4455 838 4530 Anfang
867 4458 913 4513 bei
937 4459 999 4514 dern
1021 4458 1110 4517 Dcite
1131 4458 1262 4517 Schdneu
1291 4462 1349 4519 und
1375 4461 1450 4519 zieht
1469 4462 1531 4521 sich
1552 4464 1622 4525 iiber

315 4532 450 4589 Ernleben
472 4534 542 4589 rruch
564 4531 658 4591 Gotha
678 4535 736 4593 hin.
