3625 5192
338 345 388 396 llo
708 343 968 412 Gesehichtsquellen
989 344 1038 396 der
1056 343 1128 396 l’r0v.
1146 343 1270 402 Sachsen.

335 497 480 556 curatore
501 490 604 555 l'uetus
630 497 678 555 est
710 490 865 555 dominus.
907 491 979 556 Non
1002 497 1168 556 contentus
1188 492 1246 556 tali
1267 491 1349 556 lurto
1374 490 1419 554 Er
1441 490 1541 555 bebilt
1559 489 1638 553 auch

333 592 395 656 den
417 593 583 679 bauspcins
613 593 644 656 in
667 593 723 656 der
745 594 848 657 lowen
868 595 1006 674 gassenl
1027 601 1060 656 et
1075 590 1178 658 'audet
1197 593 1303 657 dicere
1324 592 1387 657 sibi
1407 611 1428 654 a
1449 612 1499 657 me
1521 592 1639 669 dutum,

334 694 418 776 quod
453 695 566 758 l'alsum
595 702 652 759 est.
699 695 765 760 Sed
789 696 870 760 ferre
895 695 974 775 talia
996 713 1138 778 possum,
1170 695 1378 760 contumelias
1408 696 1573 758 verborum
1607 694 1640 756 in

334 797 492 879 epistola2
522 797 623 876 ipsius
649 797 703 862 rin
726 798 808 862 ferre
839 815 978 879 possum.
1030 797 1135 874 Quare
1169 797 1346 861 exclamat?
1393 795 1476 874 Quid
1502 814 1639 878 unquam

333 898 392 962 leci
415 905 470 962 ant
490 897 557 960 dini
579 899 611 962 in
634 917 714 977 eum,
737 898 821 979 quod
843 906 927 964 essct
948 898 1120 963 acerbum?
1161 899 1274 964 Nonne
1295 899 1403 982 sepius
1420 898 1462 963 ad
1479 909 1511 962 te
1525 899 1640 981 scripsi

335 999 527 1083 parcendum
549 1020 618 1065 esse
639 1001 707 1065 seni
730 1009 763 1065 et
782 1001 983 1084 expectanda
1005 1001 1150 1065 voluntas
1170 1001 1283 1065 ultima
1302 999 1436 1065 tortasse
1457 1000 1535 1083 pia?
1574 999 1639 1063 Sed

334 1103 521 1186 desperatus
537 1110 585 1167 eet
601 1111 632 1166 et
645 1102 725 1167 nihil
741 1103 782 1165 ad
799 1103 1026 1167 conscientiam
1041 1104 1145 1167 refert.
1176 1103 1205 1166 N
1209 1100 1387 1166 ithardum³
1406 1121 1468 1165 non
1483 1101 1639 1184 appellas.

334 1205 419 1270 Male
439 1206 527 1270 lacis.
570 1207 618 1269 Te
635 1205 819 1286 Nithardus,
841 1225 891 1270 me
913 1205 1019 1270 Schilo
1040 1203 1173 1270 deridet.
1214 1203 1432 1268 Herebordum
1453 1210 1487 1268 tu
1507 1203 1641 1268 deberes

336 1307 438 1370 arnice
464 1306 647 1382 admonere,
686 1314 718 1372 ut
748 1307 885 1388 gratiam
916 1307 1026 1392 populi
1054 1314 1084 1372 el
1113 1307 1263 1371 bonorum
1288 1307 1408 1390 pariter
1437 1305 1640 1369 custodiret4.

334 1407 403 1490 Ego
434 1409 550 1472 nimius
577 1408 682 1472 forsan
713 1427 780 1473 sum
811 1408 842 1472 in
874 1409 1073 1490 castigando.
1121 1409 1262 1490 Ingenuo
1289 1427 1346 1472 ros
1371 1409 1492 1472 amicos
1512 1407 1641 1490 arripio,

334 1511 391 1574 sed
424 1511 549 1573 inanem
581 1529 708 1594 operarn
731 1519 845 1591 presto.
896 1510 1062 1590 dohanas,
1084 1510 1245 1590 Urbanus,
1267 1509 1468 1574 Herebordus
1489 1510 1550 1572 sibi
1573 1509 1640 1590 pla-

335 1619 414 1676 cent.
456 1611 534 1674 Mihi
563 1611 775 1692 gratissimum
800 1619 861 1692 eet,
886 1613 1010 1694 quoties
1030 1632 1133 1676 nueam
1154 1612 1311 1676 desidiam
1334 1611 1514 1694 increpatis.
1556 1610 1640 1672 Nam

335 1713 455 1796 etipse
476 1733 526 1777 me
548 1714 620 1777 novi
643 1720 675 1777 et
694 1713 735 1777 de
754 1723 861 1778 vestra
881 1717 1015 1780 veritate
1035 1712 1169 1796 gaudeo.
1210 1714 1298 1778 Bene
1319 1714 1400 1780 vale.

404 1837 584 1884 llandscbriltl.
594 1837 614 1882 F
624 1836 675 1882 425
688 1837 729 1883 fol.
740 1835 789 1884 267
796 1852 815 1884 r.

337 2019 416 2090 458.
438 2020 483 2086 lll.
505 2039 549 2086 an
573 2018 716 2086 dohann
740 2017 976 2102 Shmmerlng.
1140 2019 1274 2103 (Gotho
1287 2021 1381 2091 1514.
1412 2019 1640 2102 Noronrhcr).

407 2144 468 2190 Mur.
492 2126 582 2189 nimnrl
604 2144 630 2190 in
654 2144 748 2190 acinum
766 2143 952 2190 llorbtslrnndel
971 2145 1017 2189 mit
1036 2145 1085 2189 den
1102 2144 1215 2190 Viksren
1235 2145 1402 2201 Sdnrmerings
1421 2144 1596 2190 interventioni
1614 2144 1643 2189 in

336 2216 468 2274 Anspruch
487 2215 537 2260 und
557 2215 628 2272 ltingt
647 2215 707 2260 iiber·
728 2215 834 2260 Nithnrd
852 2229 938 2272 wegon
957 2215 1002 2259 der
1020 2215 1321 2274 Diplomungelcgenhoit.

416 2312 599 2377 Clarissimo
619 2311 747 2376 domino
768 2311 1015 2393 sigillifero⁵
1035 2310 1195 2409 Matienus
1215 2313 1322 2376 Ruina.

414 2415 445 2478 S.
487 2417 557 2496 Ago
577 2415 711 2495 gratias,
740 2413 822 2495 quod
845 2413 987 2496 opinioni
1010 2434 1078 2478 moe
1099 2416 1282 2480 accesseris.
1324 2415 1407 2478 Nam
1428 2415 1475 2478 ita
1495 2421 1568 2477 suut
1589 2413 1643 2476 hic

335 2515 432 2580 Gothi
454 2523 485 2579 et
500 2515 647 2594 Vandali,
671 2525 704 2579 ut
725 2516 802 2580 mihi
824 2534 886 2579 non
907 2516 1002 2579 facile
1024 2516 1164 2596 credant,
1183 2517 1244 2580 nisi
1267 2536 1451 2598 magnorum
1465 2515 1642 2579 authoritas

335 2616 522 2681 subscribat.
571 2617 647 2682 Feci
674 2619 847 2682 orationem
874 2617 960 2699 piam
991 2627 1023 2681 ct
1054 2625 1206 2682 sanctam.
1256 2618 1368 2700 Neque
1399 2619 1485 2683 euim
1516 2636 1643 2700 semper

334 2718 497 2799 gentiliter
518 2726 566 2783 eet
586 2719 803 2785 disserendum
826 2719 878 2782 rel.
920 2720 1063 2783 Vicarii⁶
1080 2719 1216 2784 Mariani
1235 2720 1442 2784 mecitarunt.
1473 2718 1644 2782 Terminus

336 2828 383 2884 est
405 2819 457 2884 die
482 2820 611 2884 Veneris
633 2822 786 2904 proxima.
831 2822 963 2886 Dimitte
984 2822 1061 2885 istos
1080 2841 1101 2885 a
1122 2820 1274 2886 tribunali
1295 2821 1337 2884 ad
1358 2820 1642 2887 extraordinariam

336 2929 421 2986 tuam
444 2920 647 2987 audientiam.
689 2925 804 3004 Agitur
820 2923 860 2988 de
877 2924 980 2988 domo.
1021 2923 1269 2988 Prestantissimi
1287 2924 1347 2987 viri
1366 2923 1512 2986 dominus
1527 2921 1643 3004 Eugei-

336 3026 490 3088 rnannusi
511 3029 543 3087 et
564 3023 711 3088 Urbanus
739 3024 895 3089 curabunt
924 3044 1012 3089 meas
1033 3033 1149 3107 partes.
1189 3027 1286 3090 Plura
1309 3025 1400 3088 uobis
1419 3024 1558 3089 scribere
1578 3045 1642 3088 non

335 3125 448 3206 placet
496 3126 585 3190 Satis
613 3127 696 3190 nosti
725 3147 775 3192 me
805 3128 943 3208 quietum
973 3143 1043 3192 esee
1071 3134 1105 3191 et
1125 3127 1259 3191 libenter
1284 3128 1478 3209 quieturum,
1509 3127 1538 3188 si
1566 3124 1644 3188 mali

336 3246 397 3290 non
431 3227 685 3292 interturbarent.
736 3229 889 3294 Dominus
919 3229 1094 3294 Nithardus
1123 3231 1237 3295 misere
1264 3240 1296 3292 ct
1321 3229 1455 3311 turpiter
1485 3226 1644 3308 negligit⁸

336 3328 496 3413 Spoletini
524 3331 698 3410 negocium.
744 3330 856 3412 Miror,
883 3351 938 3395 cur
963 3332 1023 3395 tibi
1051 3351 1113 3393 non
1135 3330 1337 3411 gratificetur.
1378 3329 1461 3392 Nam
1485 3329 1511 3392 si
1535 3347 1584 3390 rne
1610 3336 1645 3392 et

336 3429 537 3513 Spalatinum
557 3430 738 3510 contemnit,
760 3452 823 3496 non
844 3440 949 3497 tauron
970 3439 1002 3498 tc
1022 3433 1079 3498 tali
1095 3432 1253 3513 dignitate
1269 3431 1426 3515 preditum
1440 3437 1644 3495 contcurncre

335 3531 474 3601 deberet.
517 3532 605 3597 Vale.

406 3655 586 3702 Hundschriltl.
595 3655 616 3701 F
626 3654 677 3702 426
688 3657 728 3704 sol.
739 3656 788 3704 267
796 3673 822 3704 v.

397 3823 491 3900 1ng
502 3827 548 3884 Br.
562 3827 620 3880 214
640 3826 666 3883 S.
677 3827 733 3882 291
759 3828 877 3886 11111112.

397 3902 411 3945 ²
431 3905 493 3978 Vgl.
504 3907 548 3963 Br.
560 3907 618 3961 455
640 3906 668 3964 S.
682 3909 748 3967 112.

397 3981 411 4025 3
431 3987 470 4040 Er
489 3988 559 4042 hiclt
578 3990 630 4043 den
647 3987 772 4060 Spalatin
789 4008 820 4044 so
841 3991 923 4062 lange
944 3991 996 4045 ruit
1015 3991 1078 4045 dem
1096 3991 1210 4062 Diplom
1232 3990 1290 4044 hin.
1330 3988 1646 4061 Vg1.ssr.414u.415.

396 4062 410 4104 4
428 4065 491 4138 Vgl.
503 4066 550 4124 Br.
562 4067 620 4122 455
640 4069 666 4126 S.
681 4070 746 4127 113.

397 4141 411 4184 5
433 4147 545 4203 dohann
567 4147 749 4222 Siimmering.
790 4149 960 4222 vgl.Br.11
986 4150 1058 4205 S.ll
1083 4150 1165 4205 Anni.
1180 4149 1204 4209 l.

398 4223 476 4281 tsie
501 4228 626 4284 nitierten
653 4230 760 4285 Mutian
786 4231 931 4302 deswogcn
959 4251 1009 4285 vor
1035 4230 1163 4299 Gericht‚
1190 4230 1252 4284 weil
1281 4247 1312 4283 cr
1338 4231 1388 4284 das
1408 4230 1485 4284 Iloua
1512 4231 1592 4284 nicht
1616 4230 1647 4284 in

338 4308 498 4362 baulichern
521 4309 657 4364 Zuslande
682 4311 759 4366 hielt.
801 4311 893 4367 Schon
914 4312 1078 4366 anderthalb
1099 4312 1185 4366 Jahre
1209 4311 1306 4364 sriiher
1329 4311 1425 4364 hatten
1451 4312 1490 4364 sic
1511 4311 1571 4364 sich
1592 4312 1649 4364 nuit

337 4389 426 4442 (linear
442 4387 560 4441 Abaicht
581 4397 720 4462 getragen.
763 4389 824 4462 Vgl.
835 4391 880 4448 Br¹
894 4390 952 4443 289
975 4391 1002 4448 S.
1015 4391 1083 4444 376.

399 4464 410 4505 7
433 4468 553 4522 hlainzcr
575 4471 814 4525 Kiichenrncisler.

397 4543 490 4618 tvgl.
501 4549 545 4604 Br.
560 4549 624 4603 414.
636 4549 701 4604 415.
713 4550 779 4603 457.
