3625 5192
650 363 746 429 [Briele
764 363 885 419 Muticns
903 363 964 419 tur.
982 363 1041 418 495.
1452 362 1502 416 155

197 513 321 578 Obtulit
345 513 424 578 milri
449 487 622 579 uersutiles¹
645 532 757 578 versus
783 521 816 578 et
843 512 939 596 plane
966 511 1087 577 lubrice
1116 511 1329 576 rotunditatis.
1370 509 1448 576 Erat
1468 511 1502 575 in
1622 533 1626 544 ·

197 615 301 698 prima
322 616 437 680 fronte:

398 730 589 814 „Conspicc
610 749 718 813 queso,
738 736 825 795 tunm
847 728 1005 794 constanti
1027 727 1145 793 lumine
1166 727 1333 806 Christum,

398 831 549 914 Quisquis
569 852 614 914 es,
634 832 796 898 dominnm
818 833 978 916 conspice,
1001 849 1106 913 queso,
1128 831 1241 896 tnum.“

275 945 358 1012 Ohcl
400 946 592 1031 „Conspicc
613 936 720 1029 queso,
743 946 856 1010 tunor“
878 952 911 1009 et
932 945 964 1009 in
986 946 1074 1011 onice
1095 945 1351 1028 quaternionum:

397 1061 499 1143 „Vita
518 1081 632 1128 serene
653 1063 743 1126 iuvat
764 1071 844 1126 terre
865 1059 1009 1126 studiosa
1029 1061 1155 1145 polique

396 1163 558 1248 Auspiciis
578 1163 709 1243 dextris,
730 1165 797 1229 vita
817 1182 930 1228 serens
952 1165 1069 1228 iuvat.“

191 1271 194 1276 ’
275 1277 343 1342 ileo
371 1286 444 1342 sunt
471 1279 587 1343 infirmi
614 1299 653 1345 ac
673 1279 780 1364 pusilli
803 1279 926 1362 ingenii
948 1278 1046 1344 veluti
1067 1277 1203 1360 quedam
1228 1277 1372 1342 subsidia
1401 1295 1502 1359 neque

195 1379 261 1443 virn
282 1378 369 1444 illam
392 1380 524 1446 habeut:
582 1420 584 1422 v

395 1496 604 1581 „Rumpitur¹
627 1477 766 1579 invidia,
780 1497 863 1579 qnod
886 1495 980 1562 turba
1000 1515 1126 1580 semper
1146 1494 1179 1558 in
1200 1493 1286 1558 omni
1369 1551 1372 1559 ,

397 1599 608 1664 Monstramur
629 1598 740 1681 digito,
761 1598 917 1684 rumpitur
936 1597 1088 1664 invidiu.“

278 1714 344 1778 Nos
365 1714 411 1778 ita
435 1713 580 1778 lusimus:

397 1829 531 1912 Suspice
552 1829 761 1911 sanguineum
783 1830 1005 1912 terebrataqne
1026 1837 1169 1912 tempora
1191 1845 1298 1910 regem

396 1930 438 1994 Et
455 1930 524 1996 cole
545 1931 663 2000 devoto
681 1939 787 2004 mente
808 1931 922 1998 solutis
942 1951 1032 2015 opus.

649 2057 651 2059 ’
736 2087 742 2098 ·
803 2047 899 2112 item:

397 2161 495 2226 Nullo
515 2161 618 2226 crucis
639 2181 740 2244 servo,
761 2162 890 2228 domino
910 2161 953 2226 sit
971 2161 1075 2244 gloria
1095 2168 1226 2240 tantum,

399 2262 482 2328 Noun
504 2282 597 2330 cruce
615 2284 698 2330 mors
719 2265 806 2330 victo
826 2272 875 2331 est
895 2271 927 2330 et
947 2283 1039 2329 cruce
1059 2271 1153 2347 parto
1172 2264 1270 2329 salus.

803 2379 897 2443 item:

398 2494 500 2575 Sigon
520 2492 673 2558 salutiferi
695 2494 795 2575 ducis,
816 2495 875 2560 hec
894 2515 982 2578 rogo,
1003 2495 1130 2580 suspice
1151 2465 1241 2560 utiles

399 2596 511 2678 signa,
533 2595 647 2677 quibus
668 2597 784 2661 vic-ium
806 2598 926 2663 tollitur
946 2615 1038 2662 omne
1061 2597 1178 2680 procul.

802 2714 900 2779 item:

396 2827 499 2908 Ligna
521 2827 722 2911 triumphalis
743 2825 816 2893 lidei
838 2828 966 2911 viteque
987 2831 1090 2892 luture

400 2928 582 3012 Subsequor
603 2937 637 2994 nt
658 2931 731 2994 iusti
756 2930 891 3014 mystica
912 2932 1005 3012 signa
1026 2929 1124 2995 dncir.
1148 2970 1152 2979 ·

279 3045 345 3110 Hec
364 3045 474 3125 obiter,
496 3045 553 3109 sed
574 3066 614 3109 ex
637 3046 757 3111 intimis
773 3046 932 3127 theologie
955 3047 1093 3110 secretis.
1133 3044 1217 3123 Quin
1232 3055 1264 3108 et
1278 3041 1502 3127 posterioribus

196 3146 363 3211 versiculis
390 3146 521 3212 illudam
550 3148 683 3232 sumptis
710 3168 749 3214 ex
777 3167 896 3212 arcana
921 3146 1123 3231 philosophia
1143 3146 1286 3211 visendis
1308 3143 1501 3210 ediscendis-

197 3268 259 3331 qne
280 3250 465 3315 sentenciis:

402 3362 514 3428 Infima
535 3383 605 3429 cum
625 3365 748 3448 superis
771 3364 877 3429 media
898 3365 1013 3428 virtute
1035 3365 1193 3446 lugentur,

400 3464 488 3530 Utilc
508 3465 554 3530 sic
575 3465 706 3548 pulchro
726 3466 922 3531 conseruisse
944 3467 1042 3531 iuvat.

807 3581 899 3652 item:

399 3682 499 3747 Terra
517 3682 644 3763 quidem
665 3705 788 3769 corpus,
808 3704 929 3749 sunrnro
949 3691 1035 3749 tenet
1056 3685 1162 3748 ethere
1184 3691 1319 3747 mentem

399 3784 532 3868 lnpiter:
554 3785 637 3850 hanc
657 3786 746 3866 illud,
765 3785 819 3868 qni
841 3787 939 3869 sapit,
959 3786 1013 3850 ille
1033 3787 1118 3850 colit.

806 3900 898 3966 ltenr:

400 3999 462 4078 Qui
484 4001 579 4065 niuris
600 4000 744 4081 indulget
764 4002 841 4081 celo,
861 4003 1019 4087 possessio
1041 4012 1122 4068 terre

400 4101 492 4167 Hunc
512 4103 592 4186 fugit
612 4112 645 4166 et
667 4103 772 4168 stultis
792 4104 916 4168 stultior
937 4113 1021 4169 errat
1042 4105 1138 4169 honri.

805 4219 899 4284 ltern:

400 4321 433 4383 Si
456 4319 551 4384 nimis
572 4320 719 4401 indulges
740 4329 830 4400 terre,
851 4325 1009 4405 possessio
1030 4324 1089 4387 coli
1186 4355 1187 4360 ¹

399 4422 544 4503 Diffugit,
565 4423 597 4486 in
620 4433 731 4486 neutra
753 4433 842 4505 parte
865 4424 1007 4508 relinque
1031 4426 1141 4493 locunt.

262 4593 274 4636 1
296 4595 406 4652 Martini
415 4597 465 4653 lX.
478 4597 524 4651 97.
535 4597 552 4650 3
562 4596 633 4655 -4,
