3625 5192
612 355 700 411 Briels
717 355 837 411 Mutiaus
857 357 915 408 lau.
936 355 983 408 121
1014 355 1080 409 122.
1451 355 1502 408 lut

191 504 309 588 proprii
339 503 512 570 dedeeoris.
561 504 711 571 Privatim
739 506 771 569 in
798 504 952 570 eonrieiis
980 504 1111 570 libertas
1131 509 1164 568 et
1184 502 1344 585 exquisita
1366 503 1500 568 nonritas

190 627 252 672 non
273 607 476 691 improbatur,
498 627 563 688 qua
583 627 633 674 me
656 609 700 672 uti
722 607 795 674 seis.
838 607 953 671 Verum
974 607 1031 670 illa
1049 612 1166 672 testata
1179 605 1413 670 obtreataeione
1432 607 1499 670 vul·

189 710 336 793 gulisque
362 709 541 774 maledietis
568 710 646 775 nibil
675 711 815 775 odiosius
841 717 896 774 est.
938 709 1054 790 Arguit
1079 709 1164 774 enirn
1184 706 1456 788 malevoleneiam‚
1478 730 1499 774 a

189 821 338 894 quatum
367 821 481 877 natura
507 818 572 876 tum
598 813 742 877 instituto
771 831 896 896 semper
924 813 970 878 tui
990 811 1213 875 alienissimus.
1256 809 1377 892 Soripsi
1399 810 1498 893 igitur

189 914 231 979 ad
252 914 457 979 oneroendam
470 915 636 980 lieeneiam
648 915 821 980 btemriam
843 913 1052 996 gravissimas
1073 912 1226 996 epistolas
1248 919 1290 993 et,
1311 925 1413 996 spero,
1434 930 1498 976 non

188 1017 350 1102 habebunt
379 1036 430 1081 me
450 1015 630 1098 despectui,
658 1017 714 1082 sed
737 1019 859 1098 integre
881 1022 1053 1098 sancteque
1080 1023 1177 1098 agent
1209 1034 1311 1097 neqrre
1332 1014 1394 1080 sibi
1414 1012 1496 1078 inl·

189 1119 293 1194 miarn,
318 1118 409 1184 nobis
422 1118 582 1184 benevolis
595 1119 749 1184 invidiam
761 1120 910 1184 etodium
922 1118 1145 1184 eoneiliabunt.
1179 1117 1336 1182 Martinus
1346 1114 1496 1195 Sebilus,¹

188 1221 238 1287 oui
253 1241 355 1286 rerum
367 1241 506 1287 mearum
519 1221 673 1288 mandata
684 1223 878 1306 proeuraeio,
899 1220 1077 1305 appellavit
1088 1220 1237 1303 inclytum
1250 1227 1372 1304 patrem
1388 1221 1498 1283 tuum‘l

189 1331 297 1408 utpote
317 1344 430 1390 nomen
452 1331 630 1390 contumax.
673 1323 842 1390 Fremebat
863 1331 963 1408 pater,
983 1322 1074 1388 dedit
1092 1323 1135 1388 ud
1156 1343 1207 1386 rue
1226 1321 1344 1393 literas,
1367 1327 1499 1385 oonatur

188 1449 239 1492 ure
259 1427 291 1491 iu
320 1427 480 1510 publieum
506 1427 629 1492 elicere,
683 1427 848 1510 Liquidum
877 1427 983 1491 turbat
1010 1427 1079 1492 suis
1100 1426 1193 1490 ranis
1213 1425 1355 1490 obiectis.
1396 1423 1497 1501 Quasi

189 1551 263 1596 vero
284 1530 445 1596 vinetum³
466 1549 569 1594 meurn
590 1550 651 1595 non
674 1531 716 1596 sit
739 1531 770 1594 iu
793 1532 859 1595 loro
881 1529 1022 1611 legitime
1043 1529 1179 1593 eriotnrn
1201 1527 1497 1610 emancipatumque

188 1640 222 1698 ut
242 1633 388 1713 liberum,
418 1633 507 1698 euius
535 1633 581 1697 rei
603 1633 792 1697 documenta
814 1651 912 1715 penes
932 1651 983 1696 me
1003 1639 1092 1710 suut,
1117 1629 1201 1713 quod
1232 1632 1339 1696 forsan
1359 1630 1494 1711 ignorat.

189 1736 355 1818 Utrunque
386 1736 440 1815 sit,
471 1735 624 1800 Martinus
655 1735 752 1800 utitur
777 1753 833 1798 suo
861 1735 928 1798 iure
954 1740 986 1797 et
1007 1733 1096 1816 quasi
1118 1733 1196 1798 milri
1218 1739 1391 1804 sueeenset
1411 1729 1495 1813 quod

190 1839 272 1904 votis
293 1845 356 1903 tam
378 1837 484 1902 aeerbi
512 1844 544 1903 et
570 1838 764 1920 negligentis
792 1836 967 1902 adversarii
995 1836 1169 1902 adnuerim.
1212 1835 1348 1899 Remitte
1376 1834 1494 1898 literas.

190 1941 347 2006 Damnum
371 1940 398 2006 si
419 1939 581 2005 ferendum
603 1950 664 2020 est,
686 1959 723 2004 eo
744 1958 794 2004 me
815 1939 1011 2019 consolabor,
1033 1937 1118 2020 quod
1139 1945 1261 2001 tuoruru
1283 1937 1411 2014 nemini,
1432 1935 1495 2002 imo

189 2041 366 2108 mortalium
394 2043 472 2108 nulli
497 2043 613 2108 faniam
638 2050 693 2106 aut
718 2041 777 2108 feei
799 2042 949 2106 iniuriam
972 2041 1092 2105 laturus
1113 2041 1323 2122 equanimiter
1342 2037 1494 2120 trandum,

188 2145 249 2211 nisi
273 2145 415 2227 patronis
442 2147 520 2210 meis
545 2144 638 2210 aliter
659 2145 760 2209 visum
787 2145 889 2210 fuerit.
933 2144 1090 2233 Quantum
1111 2144 1144 2207 in
1165 2163 1215 2208 me
1236 2149 1293 2221 est,
1310 2140 1496 2205 demerebor

186 2253 313 2329 gentem
335 2255 421 2312 tuam
444 2248 608 2330 obsequio,
639 2256 669 2311 te
691 2247 852 2312 benefieiis
873 2245 1063 2325 devinctam,
1085 2254 1208 2310 nostros
1228 2243 1403 2309 familiares
1424 2262 1492 2327 pre-

188 2347 270 2413 sidio
291 2355 323 2416 et
342 2357 525 2415 ornamento
544 2349 710 2422 mediocris
731 2350 874 2414 doetrine
888 2347 1066 2414 eoueiliabo
1088 2357 1120 2414 et
1140 2352 1346 2424 constantem,
1366 2345 1493 2409 laeilem

188 2459 293 2517 tamen
314 2458 346 2515 et
370 2451 538 2516 ineundum
562 2452 719 2534 prestabo.
763 2452 848 2516 Vale.

268 2553 463 2620 ,nutrituris
483 2553 649 2619 Romanal
673 2561 743 2636 post
764 2553 932 2618 ululabiles
949 2552 1083 2618 eeclesia
1104 2552 1258 2636 planetus,
1280 2551 1357 2616 bora
1374 2549 1431 2613 Xl.

257 2675 437 2724 Harrdsehrittl.
458 2677 476 2722 l·
499 2675 546 2724 1³8
569 2677 607 2723 lul.
622 2673 816 2724 tour-totta

188 2991 264 3058 1⁶22.
287 2991 331 3062 11.
353 3010 396 3058 uu
418 2991 552 3059 uruou.
746 2991 878 3076 (dorna
898 2991 1001 3063 lona.
1034 2989 1144 3066 Nlelrt
1164 2991 1269 3073 lange
1290 3009 1356 3057 ror
1375 2989 1492 3073 duni.)

258 3103 319 3150 blut.
340 3103 440 3162 boklagt
461 3103 513 3150 sielr
533 3103 722 3162 liborSpulutiu,
746 3103 851 3150 urolelror
869 3103 894 3149 iu
914 3103 1008 3149 saiuoru
1018 3103 1113 3149 Uumut
1132 3101 1492 3159 lrauudlielroErmabuungou

188 3173 245 3220 libel
268 3174 400 3236 uuiuolrmo
423 3174 473 3220 und
497 3173 590 3220 erklitrt
614 3174 666 3220 siulr
687 3175 730 3220 dus
755 3188 833 3232 gariud
857 3174 1002 3220 llorrelrmuu
1026 3172 1156 3219 desselben
1180 3187 1225 3218 aus
1250 3171 1426 3231 Uebarladung
1449 3173 1491 3218 dos

186 3243 290 3304 stagnus
308 3244 359 3290 uud
378 3244 491 3304 Noigung
512 3259 566 3290 zum
585 3245 703 3290 slithzoru.
741 3244 825 3290 Urban
844 3245 888 3290 soll
912 3244 956 3289 ibn
975 3243 1177 3290 zureehtu'eisan.
1324 3236 1328 3243 ’

268 3342 299 3407 S.
342 3341 509 3426 Χειρουργοί
530 3347 681 3425 putantur
700 3360 770 3406 esse
791 3340 936 3406 crudeles
956 3339 990 3405 in
1012 3339 1225 3406 curationibus
1248 3338 1493 3416 vulneratorum,

187 3445 262 3509 dum
284 3433 434 3528 intrepidi
457 3443 598 3509 remedia
619 3445 783 3527 imponunt
804 3453 835 3509 et
856 3443 989 3528 perinde
1007 3443 1128 3506 iaciunt
1150 3441 1265 3522 omnia,
1287 3459 1326 3505 ae
1343 3438 1374 3525 si
1391 3439 1495 3504 nullus

187 3567 227 3611 ex
248 3548 385 3612 elamore
407 3547 536 3610 alterius
554 3547 685 3610 effeetus
705 3546 831 3610 oriatur.
874 3545 943 3627 ligo
955 3563 1157 3610 sueeursurus
1167 3543 1270 3606 amieo
1293 3541 1495 3610 uonuredio-

188 3668 270 3713 erem
292 3668 383 3731 opem
404 3647 510 3726 attuli,
532 3647 588 3713 sed
610 3647 683 3712 dum
706 3648 837 3712 vulnera
858 3649 890 3711 in
913 3668 950 3713 eo
972 3664 1137 3724 sanamus,
1159 3638 1296 3728 pueriles
1317 3643 1383 3709 edit
1406 3645 1494 3726 vagi-

187 3757 238 3814 tus
259 3759 290 3814 et
312 3749 466 3814 mediorum
490 3758 581 3833 putat
601 3769 670 3814 esse
691 3749 976 3815 immisericordem.
1017 3747 1102 3813 Fieri
1130 3767 1192 3813 non
1212 3753 1333 3832 potest,
1362 3752 1395 3810 ut
1416 3747 1496 3812 eitra

188 3851 327 3916 dolorem
349 3851 447 3915 aninri
471 3851 596 3915 morbos
618 3852 766 3936 extirpes.
812 3853 858 3915 ltu
879 3859 993 3917 natura
1015 3857 1231 3934 comparatum
1257 3856 1321 3929 est,
1348 3855 1382 3913 ut
1409 3847 1495 3912 rioia

250 4122 261 4165 l
283 4126 335 4180 liin
357 4127 483 4182 Erfurter
509 4129 598 4183 durist
623 4130 678 4182 und
701 4129 883 4200 tleistlielrer‚
909 4127 1028 4184 weleber
1054 4127 1176 4183 Matiana
1194 4128 1282 4184 Geld·
1308 4129 1365 4182 und
1393 4128 1494 4183 uuidere

188 4207 341 4264 Gesubiifte
363 4207 492 4279 besnrgte
514 4209 569 4262 urrd
590 4209 683 4263 diesen
695 4209 876 4278 sehliosalieb,
897 4209 949 4263 wie
970 4227 1000 4263 es
1011 4209 1127 4277 soluerint,
1148 4210 1199 4264 arri
1217 4210 1262 4264 die
1277 4208 1494 4277 selrlrniibliehste

187 4289 283 4342 Weiss
315 4306 360 4341 um
389 4289 591 4344 betriiehtliehe
618 4288 750 4344 Surnureu
779 4290 882 4361 betrog.
931 4289 990 4344 Das
1015 4290 1173 4361 Registrum
1202 4290 1317 4345 subsidii
1349 4290 1427 4343 frilrrt
1446 4288 1494 4342 ihu

189 4367 333 4424 mehrfaeh
353 4369 404 4425 auf
411 4389 416 4422 :
439 4367 465 4425 S.
479 4367 524 4421 12.
538 4369 584 4428 89,
598 4371 643 4424 86.

250 4444 264 4487 ‘2
284 4447 349 4519 vgt.
359 4448 469 4503 Rulli
493 4447 520 4506 S.
536 4448 592 4503 152
614 4449 735 4503 Amuli.

249 4523 264 4568 ³
284 4529 350 4599 vgl.
364 4529 409 4584 Br.
422 4529 467 4582 14.
484 4528 512 4584 S.
525 4529 570 4583 22.
591 4530 673 4586 Anm.
687 4530 712 4583 2.

247 4603 262 4649 ⁴
283 4609 328 4666 ste
346 4609 429 4666 fielen
448 4609 499 4667 auf
514 4611 567 4666 den
590 4609 635 4697 25.
658 4610 740 4666 Mliru.

591 4747 602 4805 l

602 4852 622 4914 ,1
