3625 5192
591 327 595 334 ’
627 337 714 390 onere
732 335 852 392 mutuans
872 336 931 388 ste.
951 299 1010 388 air.
1031 331 1083 386 sta
1462 329 1515 384 roa

139 480 142 487 ’
206 480 318 551 saltem
328 485 482 567 reliquum
503 485 609 566 digiti,
629 485 656 547 si
676 483 769 549 modo
790 483 866 565 quid
878 484 1034 564 reliquum
1047 487 1104 562 est,
1124 489 1258 547 curetur.
1303 481 1513 564 lovenispem

207 588 322 652 b'onam
358 587 512 651 adversos
541 587 816 671 desperationem,
855 586 918 649 nisi
958 583 1115 649 defuerint
1148 603 1258 650 omnes
1289 596 1352 650 tres
1379 583 1513 648 articuli.

100 688 102 691 ’
207 689 309 755 Valde
336 690 494 772 siquidem
520 708 570 753 me
596 696 738 753 recreant
762 689 897 771 primum
926 693 967 752 et.
991 686 1132 750 ultimum
1163 695 1260 772 caput
1290 685 1330 748 acl
1357 685 1514 750 rubricam

206 795 247 857 de
264 811 394 875 corpore
414 791 550 861 viciatis.
593 790 695 870 Audi,
716 783 823 871 queso,
842 789 941 853 verba
962 788 1134 854 Alexandri
1157 789 1246 853 tercii
1267 789 1307 854 de
1329 789 1514 872 presbytero

206 895 399 978 Campaniq,
429 895 482 975 qui
510 893 648 957 duellum
677 901 789 976 sponte
821 881 993 957 obtulit'et
1024 890 1165 955 oblatum
1194 893 1334 974 suscepit
1360 899 1392 954 et
1416 891 1448 954 in
1476 909 1514 955 eo

206 1007 328 1081 partem
356 996 450 1079 digiti
475 996 596 1061 amisit:
633 1045 650 1077 ‚,
660 995 912 1078 Respondemus,
944 994 1028 1076 qnod
1055 1013 1125 1059 cum
1155 993 1224 1076 ipse
1253 1013 1314 1057 non
1339 989 1515 1076 perdiderit

205 1107 329 1163 tantum
351 1099 392 1164 de
410 1097 526 1180 digito,
553 1099 629 1179 quin
651 1097 721 1162 sine
740 1096 892 1162 scandalo
914 1097 1015 1178 possit
1034 1087 1216 1161 solemniter
1238 1093 1415 1176 celebrare,
1435 1095 1515 1158 satis

206 1209 298 1285 potes
318 1207 390 1284 post
418 1209 578 1283 peractam
600 1199 813 1283 penitenciam
841 1218 912 1262 cnm
942 1217 978 1261 eo
1005 1196 1250 1263 misericorditer
1270 1216 1365 1280 agere
1392 1205 1424 1262 et
1445 1216 1514 1282 per·
1574 1259 1580 1268 ,

206 1307 329 1369 mittere
351 1303 455 1387 ipsum
477 1303 508 1366 io
531 1322 588 1367 suo
608 1301 719 1366 ordine
740 1301 945 1366 ministrare“
968 1308 1000 1364 et
1020 1309 1134 1364 cetera.

265 1424 271 1443 ··
290 1405 339 1469 De
349 1404 493 1471 osoribus
504 1405 698 1469 literatomm
710 1403 790 1466 nibil
802 1422 876 1468 cure
890 1403 1018 1486 habeas.
1062 1401 1150 1466 Nihil
1174 1403 1268 1468 momi
1288 1421 1348 1467 non
1372 1411 1515 1485 carpunt.

206 1507 263 1572 Est
283 1508 365 1571 inter
386 1507 497 1571 doctos
518 1505 724 1588 indoctosque
746 1515 782 1577 et¹
798 1506 858 1568 t'uit
878 1491 917 1570 et¹
934 1523 1058 1588 semper
1079 1505 1140 1568 orit
1160 1505 1265 1570 odium
1279 1505 1483 1570 Vatinianum
1494 1507 1515 1566 ¹.

205 1609 346 1674 Rhanis2
375 1603 481 1674 noster
502 1607 666 1673 Vuldanns
693 1617 742 1672 est
768 1627 951 1686 economus,
989 1627 1050 1672 non
1081 1607 1333 1674 Hersleldiensis.
1385 1607 1514 1672 Poetam

205 1711 411 1776 Teutonicum
435 1710 567 1774 necdum
590 1711 720 1793 perlegi.
763 1710 884 1774 Adiuro
908 1718 939 1774 te
962 1728 1018 1791 por
1038 1709 1154 1785 Musas,
1177 1721 1210 1774 ut
1230 1711 1389 1776 silentium
1412 1729 1514 1773 nucum

204 1815 288 1896 equi,
311 1812 384 1877 boni
405 1813 515 1878 liuciae.
557 1813 674 1877 Amare
696 1820 761 1876 tom
782 1820 813 1876 te
834 1811 989 1891 desinam,
1011 1830 1081 1876 cum
1099 1813 1209 1876 vivere
1231 1812 1363 1878 valebis.

220 1961 224 1969 ·
286 1915 405 1993 Qrtarto
427 1915 490 1979 die·
504 1923 575 1997 post
595 1923 697 1979 ortum
715 1914 868 1979 Arcturi.³

275 2037 456 2086 llaudselrriftl.
476 2039 496 2084 Ρ
517 2038 566 2084 252
586 2039 629 2086 fol.
653 2037 838 2084 ibor-ltibv

206 2273 281 2343 :ua
305 2277 348 2348 ιι.
370 2241 415 2343 ιιι
438 2274 624 2358 neronom
645 2277 722 2344 cc.
737 2262 912 2345 noanon.
1005 2233 1008 2239 ’
1050 2349 1052 2356 1
1127 2275 1260 2358 (oona
1271 2279 1380 2361 1513.)
1412 2278 1513 2344 nnuc

253 2460 256 2466 .
358 2374 578 2458 Septorubor.

276 2499 338 2546 utut.
359 2499 496 2557 besdnitigt
515 2499 564 2544 den
585 2498 714 2544 Horebord
735 2514 759 2544 v.
779 2498 803 2543 d.
822 2498 951 2546 Martheu:
976 2513 1003 2546 or
1026 2501 1108 2546 tadelo
1128 2517 1176 2547 ιιιιι
1190 2501 1312 2548 ·Frcundn
1330 2501 1381 2547 rrrrd
1403 2515 1468 2548 auur
1486 2517 1515 2548 au

204 2571 260 2616 dam
280 2570 391 2627 Zwoekc,
412 2569 448 2616 sic
468 2585 497 2615 zu
516 2569 618 2616 bosserrt
661 2569 747 2616 Dutch
769 2569 881 2615 mohrere
900 2570 1056 2618 literarisclre
1075 2571 1202 2631 Aruiragen
1226 2572 1344 2620 versucltt
1364 2587 1391 2617 cr
1412 2571 1456 2618 ilm
1475 2574 1515 2618 ιιιιι

204 2657 231 2687 so
249 2643 309 2687 citor
328 2655 383 2686 zum
401 2640 538 2687 Sebreiben
556 2654 586 2684 zu
606 2639 717 2698 niitigen.

286 2737 467 2803 Herebordo
489 2737 727 2819 Margarito,
749 2739 866 2802 oratori
886 2745 919 2802 et
940 2739 1121 2823 iurisperito
1140 2738 1265 2803 celebri.

285 2842 317 2905 S.
355 2840 564 2906 Humanusne
585 2838 649 2903 dici
672 2859 713 2903 an
737 2839 928 2905 inhumanus
949 2841 1060 2921 velim,
1089 2841 1171 2906 alias
1191 2841 1335 2923 equidem
1359 2842 1515 2907 decidero.

204 2943 415 3008 Terentianus
426 2942 577 3007 Chremes
589 2942 717 3006 bomani
738 2941 818 3006 nihil
839 2961 859 3006 a
880 2963 915 3008 se
936 2943 1073 3008 alienum
1096 2946 1210 3027 putat.⁴
1252 2944 1321 3024 Ego
1336 2965 1420 3025 vero,
1442 2946 1517 3026 quia

205 3045 345 3110 difficilis
366 3051 415 3109 est
436 3064 512 3108 cura
534 3064 636 3110 rerum
648 3046 834 3125 alienarum,
855 3065 918 3110 non
940 3046 981 3108 ad
1005 3057 1158 3128 questum,
1181 3046 1236 3112 sed
1258 3046 1300 3111 ad
1321 3048 1515 3129 voluptatem

205 3148 312 3212 studia
325 3149 425 3212 rct'ero
446 3147 561 3228 quietis
582 3167 694 3214 amans
716 3154 749 3212 et
769 3148 870 3212 cultor
881 3167 944 3222 non
960 3149 1095 3230 turbide,
1111 3149 1168 3214 sed
1188 3149 1357 3230 tranquille
1373 3150 1515 3213 humani·

205 3251 291 3316 tatis.
339 3250 450 3331 Neque
479 3249 564 3314 enim
592 3259 648 3313 aut
673 3257 822 3314 astutus*
844 3269 912 3314 sum
939 3258 994 3314 aut
1025 3251 1232 3330 ambiciosus,
1269 3252 1331 3316 nisi
1362 3259 1518 3333 qnatenus

106 3375 112 3384 ·
205 3354 327 3417 ratione
355 3359 387 3416 et
414 3353 603 3417 auctoritate
625 3353 815 3434 dignitatem
841 3371 937 3416 manu
959 3361 1066 3418 tenere
1088 3355 1216 3438 possim.
1260 3353 1414 3431 Quorsum
1435 3353 1517 3419 hee?

206 3455 249 3520 Ut
262 3453 424 3536 intelligas
445 3461 476 3518 te
499 3474 560 3517 non
581 3454 697 3519 debere
718 3456 920 3530 stomachari,
943 3457 970 3519 si
993 3462 1024 3520 te
1044 3457 1077 3524 in
1099 3454 1247 3520 fluctibus
1268 3455 1407 3519 civilium
1428 3476 1517 3521 occu-

206 3557 373 3639 pacionum
395 3557 522 3622 honoris
543 3564 575 3621 et
596 3557 729 3639 pecunie
750 3557 925 3640 eupiditate
947 3567 1104 3622 errantem
1127 3558 1168 3622 ad
1196 3567 1319 3642 portum
1349 3557 1518 3622 sedationis

205 3659 294 3739 genii
315 3658 434 3723 crebris
455 3658 555 3723 literis
576 3678 774 3723 revocavero.
817 3658 912 3722 Soleo
934 3659 1017 3723 eninr
1039 3660 1118 3724 eniti
1139 3667 1171 3723 et
1194 3659 1326 3741 efficere,
1350 3667 1382 3723 ut
1399 3660 1518 3726 amicos

206 3781 241 3825 se
270 3769 414 3826 amantes
443 3781 481 3824 ac
503 3761 598 3826 nimis
616 3762 769 3842 superbos
787 3761 830 3824 ad
851 3760 1055 3840 modestiam,
1084 3761 1228 3828 sordidos
1250 3782 1324 3826 vero
1346 3771 1378 3826 et
1400 3763 1518 3827 abiecti

207 3863 305 3927 animi
319 3863 372 3927 ‘ad
394 3882 483 3946 spem
508 3863 717 3944 melioresque
745 3864 903 3944 cogitatus
923 3862 1082 3928 inducam·
1129 3865 1192 3928 Sed
1213 3865 1254 3930 de
1275 3865 1334 3930 boc
1356 3866 1515 3931 hactenns.

92 4045 97 4054 Α
206 3965 299 4029 Nune
320 3966 404 4046 quod
426 3965 532 4040 instat,
555 3983 695 4046 agamus.
738 3964 854 4030 Gecusi
876 3963 923 4028 tui
936 3964 1102 4046 Digestal,
1125 3985 1185 4048 que
1209 3968 1241 4030 in
1260 3986 1371 4032 manus
1390 3975 1515 4032 nostras
1589 3973 1592 3982 “

276 4081 289 4108 ⁸
305 4089 332 4134 F
346 4092 468 4137 austntas.

162 4263 167 4269 '
272 4259 370 4318 ¹Wie
396 4261 493 4318 Cicero
520 4266 574 4318 den
595 4264 725 4319 Vatinius
752 4265 853 4322 bacato.
901 4265 966 4337 Vgl.
988 4262 1216 4334 Catull.XlV,3.

271 4339 370 4416 2Vgl.
390 4344 507 4400 Barac
530 4343 629 4400 &313
650 4344 763 4402 Anm.7

269 4418 376 4478 ³le
395 4424 457 4479 Nat.
479 4425 541 4479 hist.
563 4425 614 4492 Xl,
633 4424 677 4480 16.
691 4425 727 4478 41
752 4433 821 4481 setzt
843 4427 892 4480 ihu
915 4426 967 4481 aui
985 4426 1038 4481 den
1063 4425 1107 4484 12.
1131 4425 1303 4498 September.

268 4501 282 4543 ⁴
305 4504 419 4574 Terenz,
440 4505 569 4560 Heauton
591 4506 791 4562 timorumenos
804 4508 827 4577 Ι,
841 4506 865 4562 l.
878 4505 925 4566 25.

269 4579 284 4625 5
303 4585 366 4669 Vgl.
380 4582 425 4638 Br.
436 4585 495 4651 315
506 4605 533 4643 u.
547 4587 615 4642 316.
