3625 5192
607 357 696 414 Briefc
715 359 833 414 Martiana
855 357 912 416 ter.
934 358 992 412 138.
1014 359 1071 413 139.
1091 359 1148 412 lto.
1353 441 1357 449 ι
1480 359 1530 412 197

227 506 304 577 130.
327 506 370 572 11.
393 525 438 574 00
461 507 595 578 t'rban.
853 507 986 584 (flotba
1000 505 1102 576 loca.
1134 503 1232 571 Nacb
1253 504 1335 570 dem
1357 504 1530 590 201001)

297 618 357 664 lint.
379 620 479 664 orsrselrt
497 619 545 665 den
566 621 659 678 Urban,
678 620 733 666 dem
753 619 865 679 Spalalin
882 619 936 665 1100
954 619 1125 677 einzutliissen,
1145 615 1224 663 damis
1243 631 1270 663 er
1287 617 1359 664 nicht
1375 617 1453 665 durch
1473 619 1532 664 fort·

226 690 357 736 wilbrando
375 693 467 750 Surgere
487 691 586 750 lidrper
603 691 654 738 0101
673 691 744 737 ficiat
762 691 879 738 aubeibe.

306 789 441 856 Henrico
463 789 623 854 Urbano
644 789 804 853 Martianus
825 789 933 854 Rufus.
1545 857 1549 869 ,

305 893 381 956 Sirc
402 891 523 956 scribas
551 893 620 956 sive
646 892 779 978 salutem
802 893 876 956 vira
898 911 976 958 voce
997 891 1088 957 dicas
1107 887 1274 972 spalatino
1297 895 1417 968 nostro,
1446 887 1532 952 blan·

226 994 336 1073 diaria,
358 993 502 1076 obsecro,
521 1015 561 1060 ne
583 995 681 1060 nimio
703 995 815 1060 mereri
838 993 940 1060 cedat.
982 993 1115 1058 11101000
1134 991 1252 1056 homiui
1275 997 1429 1074 perpetua
1449 989 1533 1055 solli-

224 1095 330 1162 citudo
351 1095 500 1178 detrabit,
521 1097 583 1162 imo
602 1099 743 1180 eorporis
764 1105 859 1179 atque
875 1097 975 1162 animi
993 1095 1238 1161 roburencrrat.
1279 1093 1375 1158 Recte
1398 1093 1534 1176 precipit

226 1199 400 1282 Valerins1,
432 1205 465 1263 ut
487 1199 618 1265 meliora
639 1219 763 1282 semper
783 1201 958 1282 cogitemus
986 1209 1137 1263 memores
1157 1197 1285 1261 stultum
1309 1215 1380 1260 esse
1400 1195 1532 1260 intelici-

146 1337 149 1346 ·
224 1302 299 1366 tutis
327 1321 361 1366 se
387 1301 539 1366 denanarc
566 1321 733 1386 spemque,
766 1323 826 1385 que
859 1303 956 1368 etiam
984 1301 1104 1366 incerta
1130 1309 1215 1364 recte
1240 1297 1340 1376 l‘ovet,
1376 1297 1532 1362 interdum

224 1412 340 1469 certam
372 1405 404 1468 in
439 1405 693 1488 desperationem
727 1411 918 1470 convertere.
970 1403 1093 1468 Valeas.
1142 1401 1232 1466 Sicut
1258 1407 1306 1476 tu,
1342 1399 1479 1480 Urbane,
1502 1406 1534 1466 et

225 1507 415 1584 Hereborde,
437 1506 693 1587 coniunctiestis,
714 1508 761 1571 ita
777 1507 1000 1572 nonestisbae
1021 1505 1158 1590 epistola
1174 1503 1303 1570 discreti
1324 1523 1363 1568 ac
1383 1502 1532 1586 separati.

295 1630 476 1681 llandsebriftl.
496 1629 516 1676 Ρ
538 1630 584 1676 111
606 1631 648 1676 101.
663 1629 726 1678 etv.

163 1911 167 1916 ⁴
225 1832 305 1899 llll.
328 1829 371 1900 11.
393 1848 439 1896 00
462 1829 648 1896 llerebord
666 1849 698 1901 r.
715 1830 750 1900 d.
768 1828 941 1900 llartben.
1013 1827 1265 1914 (1100101500.
1298 1827 1408 1896 Niebt
1429 1830 1532 1912 lango

375 1925 468 1994 uach
491 1926 572 1994 dem
597 1927 655 1998 at.
673 1927 787 2008 1001.)
1539 1967 1542 1973 ·

294 2054 355 2100 Ι1101.
380 2053 485 2108 orledlgt
513 2053 569 2099 0100
597 2053 707 2110 Aruiragus
730 2053 871 2104 llerebords
892 2053 1088 2103 0011001100
1117 2054 1220 2100 torreas
1247 2053 1342 2108 01010οι·
1369 2052 1531 2100 lateinisches·

224 2125 338 2184 Wdrter,
368 2123 493 2182 laspriela
518 2123 574 2170 elac
600 2123 889 2182 Bliclrerarrgrrlepeulrcit
914 2125 964 2170 srrsd
989 2125 1113 2172 berieb'tct
1141 2125 1201 2171 iiber
1225 2123 1265 2170 dic
1287 2123 1465 2170 Arswsseubelt
1487 2123 1531 2169 des

223 2197 280 2240 deb.
299 2211 348 2240 von
365 2195 531 2240 [1008001000
552 2193 578 2239 ln
599 2193 690 2240 flotlra.
736 2205 742 2218 ·

269 2335 273 2344 .
304 2291 487 2357 llerebordo
509 2291 726 2373 Margarita
747 2299 895 2373 lanariam
917 2291 1007 2356 fratri
1028 2293 1200 2359 carissimo.

306 2399 338 2460 S.
380 2393 466 2457 Petis
493 2412 676 2475 responsum
705 2392 822 2476 dignus
850 2393 910 2458 boc
932 2395 1011 2476 ipso,
1034 2395 1118 2476 quod
1141 2396 1232 2479 petis.
1276 2395 1530 2477 0010000001-

224 2506 414 2580 coercetque
434 2496 491 2561 tibi
504 2493 695 2579 respondere
707 2494 831 2559 debeo?
873 2495 937 2560 sed
956 2497 1032 2578 quid
1045 2489 1263 2580 potissimum?
1305 2497 1397 2562 Certe
1418 2496 1530 2560 mento

225 2599 504 2680 reterendagratia
517 2597 565 2662 vel
578 2597 690 2662 saltem
709 2597 864 2662 habenda.
899 2599 1046 2680 Vectigal
1058 2599 1276 2683 Calepinatisl
1297 2618 1449 2682 uasrrparc
1466 2618 1528 2664 non

224 2703 385 2768 debemus.
430 2701 498 2764 Non
512 2701 595 2765 enim
608 2700 796 2764 auctoritate
819 2700 997 2784 principum
1012 2701 1111 2766 latine
1132 2700 1240 2782 lingue
1262 2703 1448 2786 permissum
1471 2707 1529 2766 est.

224 2805 319 2871 Aldi³
340 2803 449 2886 regula
471 2822 548 2868 vcra
573 2808 622 2867 est
650 2812 683 2865 et
705 2802 818 2884 puerili
840 2802 996 2867 versiculo
1017 2803 1220 2884 suffragatur:
1243 2805 1419 2884 „Pteteritu
1441 2805 1529 2870 veni-

225 2928 303 2986 mus,
326 2906 464 2990 presenti
486 2904 557 2970 dieo
581 2895 753 2968 venimus.“
795 2905 924 2969 l’ossum
942 2905 994 2970 bic
1016 2905 1173 2972 illudiure
1191 2906 1298 2972 dicere
1318 2907 1438 2972 nullum
1459 2928 1531 2973 esse

224 3011 337 3076 librum
359 3017 422 3072 tam
444 3007 569 3087 malum,
591 3008 665 3090 0010
686 3007 796 3088 aliqua
816 3027 854 3070 ex
877 3014 968 3090 parte
984 3009 1089 3089 prosit.
1132 3007 1199 3074 Nos
1212 3009 1286 3073 dum
1298 3010 1421 3074 maiora
1441 3010 1528 3075 moli-

225 3132 308 3192 mur,
330 3110 572 3175 rudimentorum
596 3109 720 3175 iuterim
742 3109 968 3174 obliviscimur.
1010 3110 1098 3174 Nihil
1120 3110 1244 3176 erudito
1266 3112 1460 3178 commodius
1481 3133 1529 3178 so

223 3214 357 3280 dalitate
372 3213 521 3292 literaria,
543 3221 577 3276 ut
588 3211 738 3278 memoria
748 3211 1018 3278 confabulatorem
1032 3213 1172 3297 presidio
1191 3214 1346 3279 fulciatur.
1378 3216 1530 3279 Sextum⁴

224 3317 358 3395 mittere,
379 3315 441 3380 nisi
463 3317 588 3400 placeat
614 3315 742 3380 l'rbano
764 3315 981 3393 commutacio,
1000 3334 1062 3378 nou
1085 3315 1171 3380 libet.
1212 3315 1281 3394 Que
1296 3315 1412 3382 levitas
1432 3318 1529 3380 esset!

225 3418 337 3496 Qualis
359 3416 577 3482 inconstancia
597 3418 709 3482 datum·
732 3425 875 3500 repetere
900 3437 957 3500 per
981 3418 1119 3501 speciem
1141 3419 1417 3502 pemrutandomm
1436 3419 1529 3485 libro-

226 3561 425 3570 --—---.--

290 3647 450 3706 lValerius
478 3652 622 3708 dioximus.
673 3651 820 3706 Praetorem
853 3659 881 3706 et
907 3651 1043 3705 dictorum
1072 3651 1292 3707 memorabilium
1325 3651 1388 3706 libri
1422 3669 1529 3706 novem.

225 3733 287 3786 Lib.
305 3731 347 3788 Vl
366 3751 424 3803 cap.
444 3733 475 3786 a:
507 3733 577 3788 Nam
606 3751 668 3786 earn
698 3732 815 3786 aliorum
843 3732 968 3786 fortunas
994 3733 1144 3801 spectando
1171 3751 1203 3786 ex
1229 3732 1392 3786 condicione
1421 3733 1531 3788 abiecta

226 3820 310 3884 atquc
333 3821 492 3884 contcnrpta
511 3813 652 3868 emersisse
668 3813 821 3868 claritatem
837 3813 987 3880 videamus,
1005 3813 1072 3882 qnid
1087 3813 1185 3871 aberit.
1206 3813 1272 3883 qrrin
1294 3820 1322 3867 ct
1343 3813 1395 3884 ipsi
1416 3814 1531 3868 meliora
1589 3806 1593 3813 ’

225 3895 259 3949 de
286 3893 366 3948 nobis
392 3912 501 3964 semper
530 3895 847 3965 cogiternusrmemores
878 3893 992 3948 attritum
1027 3912 1087 3948 esse
1120 3900 1270 3964 perpetuae
1299 3893 1471 3949 infelicitatis
1500 3913 1529 3949 sc

226 3976 437 4045 praedamnare,
468 3993 614 4045 spemque,
642 3993 713 4046 quae
737 3975 819 4029 ctiam
849 3975 955 4028 incerta
973 3963 1055 4028 ¹recte
1078 3973 1195 4042 fovetur,
1217 3975 1353 4029 interdurn
1376 3981 1478 4030 certam
1500 3975 1529 4029 iu

225 4054 444 4125 desperationem
467 4058 645 4111 convertere?
905 4059 910 4067 '

226 4195 228 4198 ,
285 4133 469 4206 21101001000
482 4135 654 4200 0011000100,
673 4137 735 4208 geb.
750 4134 835 4204 11311,
857 4135 905 4189 bat
928 4141 1008 4188 rariter
1021 4135 1123 4189 assedere
1136 4133 1276 4190 Schriften
1297 4135 1341 4188 ein
1354 4135 1530 4190 lateinisches

226 4217 345 4271 Lexicon
368 4213 494 4270 versasst.

286 4291 408 4350 tardus
435 4297 483 4352 hat
509 4298 536 4350 10
569 4297 659 4351 seiner
685 4295 760 4350 1501
793 4297 990 4351 ersclrienencu
1016 4297 1233 4368 Vergilausgabc
1266 4296 1328 4350 0100
1354 4297 1442 4350 Reihc
1475 4315 1530 4351 von

226 4377 355 4432 Wiirtem
382 4377 434 4431 mit
461 4379 551 4432 einern
574 4377 681 4432 ,locent
704 4395 751 4431 zur
772 4377 968 4448 1100εεί00οι00,Γ
989 4379 1038 4432 der
1058 4377 1206 4449 Botonung
1227 4377 1375 4445 sersebcn,
1400 4377 1531 4432 daruuter

224 4459 296 4512 arach
325 4458 374 4512 das
404 4457 562 4513 Perfectum
594 4460 649 4513 und
683 4459 732 4513 das
763 4459 896 4513 Praesens
929 4476 982 4512 von
1010 4458 1099 4513 venio.
1150 4459 1215 4531 vgt.
1242 4456 1277 4512 A.
1303 4457 1529 4514 sirmio-nidor.

225 4538 296 4592 alde
318 4539 435 4593 blanuee
445 4581 450 4592 .
461 4581 481 4593 ..
502 4557 528 4610 p.
550 4537 613 4593 157.

285 4613 300 4660 4
320 4619 383 4693 vgt.
393 4618 447 4673 -Bn
464 4619 519 4673 138
542 4618 568 4675 S.
580 4619 638 4675 204
653 4617 733 4674 Anm.
744 4619 770 4673 3.
