3625 5192
628 348 714 403 Briel'e
736 351 852 404 urreisan
871 351 929 403 :tta
953 351 1004 402 :sut
1033 351 1094 402 atil.
1469 347 1519 400 421

225 497 294 560 lieo
316 497 435 562 iudicio
457 498 584 581 legendi
605 506 636 564 et
655 498 804 564 imitandi
818 507 891 564 sunt
910 507 1042 580 veteres,
1065 501 1276 582 vitandusquc
1298 508 1347 564 est
1365 507 1529 582 preceptor

224 597 341 663 aridus.
383 598 560 664 Cataneus¹
583 620 667 680 vero,
689 600 783 666 Plinii
793 600 926 666 iunioris
937 609 1109 680 enarrator,
1131 601 1261 667 obnoxii
1282 611 1330 667 est
1351 612 1383 668 et
1404 600 1528 666 servilis

225 701 355 783 ingenii.
398 701 469 765 Nou
491 703 618 784 latetur,
644 721 701 786 per
721 722 800 785 quos
821 704 995 786 profecerit.
1045 704 1148 768 lactat
1173 724 1207 768 se
1233 723 1322 769 suam
1351 705 1528 768 doctrinam

224 802 341 869 debere
362 804 648 886 lucubrationibus,
669 815 820 888 tanquam
842 806 915 871 libri
937 826 999 870 non
1021 808 1084 872 siut
1104 807 1181 870 muti
1206 814 1414 890 preceptores.
1457 806 1529 870 Pre-

225 914 312 970 terea
331 905 469 972 deterret
490 907 704 988 eruditiorem,
731 928 770 972 ne
792 908 893 972 velint
914 909 959 972 uti
979 908 1073 988 lima,
1099 908 1257 990 malignos
1278 915 1310 974 et
1330 908 1457 972 invidos
1476 907 1528 973 de·

224 1009 393 1088 nuncians,
419 1010 472 1090 qui
496 1028 587 1074 secus
608 1009 673 1073 sint
691 1009 812 1074 facturi
855 1010 925 1074 Non
946 1005 1077 1092 proficit.
1119 1011 1251 1094 Semper
1271 1020 1361 1076 eruut
1381 1011 1435 1092 qui
1459 1010 1529 1075 sine

224 1111 322 1174 livore
346 1118 378 1174 ct
406 1111 480 1175 odio
505 1110 696 1194 descriptis
721 1112 835 1176 alienis
862 1112 1056 1176 indicabunt.
1099 1111 1272 1176 Merulam‘2
1293 1112 1450 1194 sequitur,
1474 1113 1529 1194 qui

224 1213 396 1276 Mediolani
418 1226 540 1277 veteres
560 1225 686 1278 omnes⁶
712 1217 888 1294 enarravit,
918 1235 979 1278 non
1002 1213 1228 1283 Beroaldum³;
1256 1235 1357 1298 neque
1384 1215 1467 1279 enirn
1495 1216 1526 1278 in

223 1315 334 1378 abdita
354 1315 515 1379 literarum
535 1315 675 1380 veterum
697 1335 732 1381 se
752 1317 879 1401 penitus
899 1317 1109 1399 ingurgitavit
1129 1325 1293 1382 contentus
1313 1317 1454 1401 protritis
1475 1336 1526 1380 au·

142 1498 144 1501 ,
223 1418 366 1481 thuribus
386 1419 518 1495 Seneca,
539 1417 702 1501 Stephano
722 1420 762 1483 de
784 1419 943 1500 urbibusl,
962 1419 1075 1498 Snida,
1097 1419 1213 1502 Magno
1235 1419 1476 1502 Etymologicc⁵
1497 1426 1529 1484 et

222 1519 350 1584 dictatis
373 1519 539 1583 venalibus
558 1521 843 1601 grammaticorum.
885 1522 922 1584 ln
944 1541 982 1586 en
1005 1528 1109 1586 tamen
1127 1521 1316 1601 laudandus,
1338 1521 1422 1603 quod
1434 1521 1528 1586 Plinii

225 1621 409 1686 brevitatem
431 1621 505 1686 stilo
526 1629 735 1704 representat,
756 1623 948 1705 elegantiam
970 1625 1085 1688 reterre
1106 1643 1167 1690 nou
1189 1630 1301 1708 potest.
1344 1622 1382 1688 ld
1403 1624 1529 1688 demum

223 1731 386 1788 assecutus
406 1723 546 1804 videtur,
569 1732 603 1788 ut
623 1724 774 1789 studiosis
795 1725 941 1790 Pliniana
962 1724 1111 1790 dictionis
1131 1727 1216 1790 viam
1239 1726 1380 1791 sentibus
1402 1725 1528 1810 plenam

222 1825 390 1906 diligentie
414 1844 470 1890 sue
495 1826 577 1891 t'aloe
602 1827 837 1909 repurgarent,
866 1834 900 1890 ut
920 1827 989 1892 sine
1010 1827 1183 1894 offensione
1205 1828 1316 1909 lector,
1343 1847 1529 1911 quincunque

223 1927 393 1992 inciderint
411 1928 503 2006 oculi,
526 1927 686 2010 prosudat.
728 1929 813 1995 Vale.

293 2049 471 2096 nausearum.
490 2051 511 2095 r
525 2051 572 2098 ιιι
591 2052 633 2098 ror.
645 2051 805 2099 sav-sor.
842 2053 917 2100 cour.
938 2035 1155 2102 cnseo-or
1170 2055 1348 2102 caunense
1356 2054 1528 2114 aspectus.

294 2150 358 2204 *Te
375 2155 479 2202 incuria.
534 2141 599 2204 ''Ta
617 2159 734 2206 eruditos
791 2153 855 2205 cTa
873 2173 958 2207 omnes
976 2167 1082 2208 veteres.

223 2383 304 2454 331.
326 2383 371 2450 11.
392 2402 438 2450 an
459 2382 645 2451 llerobord
661 2403 695 2453 r.
709 2386 742 2450 d.
754 2383 930 2450 llartheu.
1273 2381 1405 2468 (liotha
1416 2382 1528 2468 1513.)

294 2509 355 2554 lllut.
375 2509 531 2556 iibcrmittelt
550 2510 606 2555 doru
625 2509 754 2556 Hcrcbord
773 2526 796 2557 v.
812 2510 836 2557 d.
851 2509 969 2555 llartlrcrr
992 2510 1066 2556 cirron
1089 2509 1273 2556 iutcressautcn
1291 2507 1453 2568 jurisliscbeu
1473 2509 1529 2554 Fall

223 2579 274 2624 und
292 2579 350 2639 will,
371 2579 428 2626 dass
446 2579 559 2626 dcrselbe
577 2581 630 2626 sich
647 2581 755 2627 dariiber
773 2585 878 2627 iussere.

303 2677 547 2757 Herebordo,
569 2678 647 2742 iuris
666 2677 833 2756 venditori,
855 2679 918 2741 imo
939 2678 1070 2757 doctori,
1092 2679 1155 2741 imo
1179 2676 1336 2741 venditori
1356 2685 1388 2741 et
1409 2675 1528 2742 doctori
1625 2743 1626 2746 ,

222 2778 363 2858 mirilico,
386 2779 545 2846 blutianus
566 2781 672 2845 Rut'ns.
1311 2799 1313 2804 '

304 2880 335 2945 S.
377 2883 520 2947 Servium
544 2883 733 2967 Sulpicium,
759 2884 808 2946 cui
834 2881 968 2964 contigit
996 2881 1179 2963 eloqueneie
1205 2881 1318 2960 virtus,
1347 2883 1529 2964 priusquam

203 2984 272 3047 -ius
293 2982 387 3048 civile
407 2983 586 3065 didicisset,
608 3006 673 3050 renr
694 2984 737 3050 ad
759 2986 899 3067 privatas
921 3003 1034 3049 causas
1055 2993 1086 3048 et
1107 2983 1150 3048 ad
1170 2985 1302 3048 oratoris
1323 2982 1529 3066 prudenciam

223 3085 359 3149 maxime
386 3087 615 3166 necessariam,
647 3089 846 3168 obiurgatum
874 3087 970 3152 luisse
991 3086 1126 3167 legimus
1144 3105 1165 3148 a
1185 3085 1303 3164 Quinto
1326 3085 1443 3162 lllueio,
1475 3083 1528 3165 qui

222 3185 265 3250 ad
286 3189 461 3270 legitimam
482 3189 684 3272 disciplinam
706 3209 797 3254 omne
818 3208 907 3253 sunm
918 3188 1056 3252 studium
1075 3198 1106 3253 et
1117 3208 1205 3252 usum
1228 3188 1411 3266 contulerat,
1433 3187 1528 3260 hisce,

223 3289 257 3352 ni
277 3290 383 3366 telier,
411 3292 531 3356 verbis:
558 3291 665 3376 Turpe
691 3291 818 3374 quidem
840 3310 910 3356 esse
930 3289 1029 3355 nobili
1052 3301 1083 3356 et
1104 3290 1237 3372 patricio
1268 3291 1335 3354 viro
1356 3297 1389 3354 et
1416 3307 1530 3352 causas

222 3391 330 3472 agenti
350 3394 413 3473 ius,
437 3394 470 3456 in
492 3413 553 3475 quo
573 3405 729 3476 versatur,
757 3395 933 3476 ignorarei.
976 3392 1095 3459 Eodem
1116 3391 1202 3457 dicto
1223 3401 1254 3455 te
1273 3391 1441 3472 obiurgare
1467 3409 1530 3453 nou

221 3513 358 3576 possum,
380 3515 450 3560 cum
471 3509 503 3561 et
524 3498 658 3563 oratoris
677 3507 709 3562 et
729 3497 942 3563 iurisconsulti
960 3493 1062 3560 cilicio
1075 3493 1358 3560 satismihil'aeere
1380 3492 1529 3574 videaris,

285 3705 296 3747 ¹
318 3708 367 3781 „Q
379 3711 465 3766 Plinii
477 3709 573 3768 cecilii
587 3712 708 3767 Secundi
729 3713 908 3783 epistolarum
929 3713 992 3767 libri
1014 3731 1120 3767 novom.
1158 3713 1287 3768 Eiusdem
1307 3713 1393 3767 Plinii
1415 3712 1527 3766 libellus

222 3789 400 3859 epistolarum
420 3793 613 3848 ndTraianum
636 3811 699 3847 curn
720 3793 861 3863 rescriptis
881 3793 1003 3848 eiusdem
1016 3793 1156 3863 principis.
1198 3794 1328 3848 Eiusdem
1347 3793 1530 3865 panegyricus

222 3869 301 3940 (sici)
322 3872 442 3927 Traiano
458 3872 566 3928 Caesari
588 3873 679 3928 dietus
695 3891 763 3927 eum
784 3873 1004 3928 enarrationibus
1025 3873 1138 3928 loannis
1160 3873 1262 3928 Mariae
1282 3872 1418 3928 Cataueif‘
1441 3875 1528 3928 lautet

222 3950 267 4004 die
296 3951 511 4024 lnhaltsangabe
543 3954 619 4008 einer
645 3953 675 4007 in
695 3953 818 4007 blailand
846 3953 923 4006 1506
952 3953 1149 4008 ersehienenen
1176 3953 1306 4026 Ausgabe
1332 3954 1381 4008 des
1404 3954 1464 4008 hier
1489 3969 1530 4007 er-

222 4031 352 4086 wiihuten
370 4031 495 4086 Wcrkes.
536 4033 670 4087 Dasselbe
691 4034 728 4086 ist
748 4034 912 4089 wiederbolt
932 4032 1074 4105 ausgelegt
1094 4035 1211 4088 worden

285 4107 457 4184 2(ὶεοιςίιιε
487 4113 593 4168 Merula
620 4116 639 4181 †
663 4112 888 4170 lubusense
917 4114 1116 4169 Kornrnentare
1142 4133 1203 4168 zum
1233 4114 1342 4168 Plinius
1368 4113 1529 4168 erschienen

224 4190 300 4244 147⁷
319 4211 479 4248 zusammen
500 4194 552 4247 mit
572 4195 661 4249 denen
682 4213 744 4248 aum
765 4195 870 4267 Vergil.
912 4195 976 4268 Vgl
998 4194 1081 4260 Hain,
1103 4185 1172 4266 ch
1194 4194 1300 4253 11098

282 4265 744 4344 31731Βι66995Αιιιιι2

282 4345 296 4388 ¹²
320 4352 396 4406 1692
417 4354 464 4408 bei
486 4354 602 4408 Aldus
594 4373 623 4407 m
642 4355 771 4426 Venedig
789 4355 935 4427 gedruekt.

282 4426 537 4505 5ΕιγιιιοΙοςίοιιιιι
558 4453 688 4506 maguum
710 4451 840 4505 graecum
862 4435 937 4489 1499
960 4453 992 4490 zu
1012 4435 1139 4512 Venedig
1160 4435 1330 4492 erechienen.
1371 4437 1435 4514 Vgl.
1449 4435 1531 4508 Hain,

221 4515 332 4584 Repert.
351 4513 399 4570 Νι.
423 4515 509 4568 6691.

283 4588 380 4670 ⁶ng
402 4595 561 4672 Digestal,
580 4595 608 4648 2.
630 4595 654 4652 2.
