3625 5192
627 332 718 391 Briele
737 334 857 391 Mutians
874 336 935 391 290.
956 334 1014 392 291.
1033 335 1093 391 aba.
1319 380 1331 405 ,
1461 332 1515 391 379

206 502 276 547 csse
291 489 378 547 recto
396 484 571 565 proximum
587 492 619 550 et
635 487 792 549 neminem
808 504 879 549 esse
894 491 959 549 tam
978 492 1183 567 constantem,
1203 506 1295 568 quern
1311 506 1372 551 uon
1391 486 1516 551 interim

206 585 353 650 adulacio
385 586 522 669 palpans
551 587 696 653 iulirmet.
746 587 863 669 Diligit
884 587 1003 652 blorum
1026 596 1057 653 et
1078 589 1216 665 lotium,
1246 588 1277 653 id
1300 587 1383 671 quod
1405 588 1518 653 diebus

208 687 446 770 superioribus¹
473 688 672 753 familiariter
690 691 830 774 emani.
874 693 1029 773 Suspecta
1051 692 1124 755 talis
1145 691 1247 756 l‘uctio.
1290 692 1338 756 'l'u
1361 710 1517 756 veronen
1585 686 1592 693 “

206 797 305 853 totam
339 792 499 871 orrerelom
532 794 730 873 summatim,
765 801 800 857 ut
831 791 1006 871 debueras,
1045 792 1205 873 accepisti,
1239 793 1294 858 sed
1328 792 1515 875 particulam

207 891 338 956 minime
366 895 579 957 neeessariam
608 894 706 959 veluti
738 894 898 977 pulverem
927 896 959 959 in
991 896 1097 960 oeulos
1125 914 1211 959 rueos
1235 894 1406 959 coniecisti,
1456 894 1515 974 „si

208 993 401 1075 Cutilingum
429 995 527 1076 elegit
561 1004 734 1075 astantem,
764 996 845 1059 nibil
874 995 906 1059 id
937 1004 968 1061 te
994 1002 1135 1074 moveat,
1167 1017 1235 1061 eum
1265 1004 1296 1061 tu
1325 1003 1455 1079 rogatus
1483 994 1516 1060 id

207 1095 337 1160 minime
361 1098 519 1169 lecisses“,
542 1097 633 1179 quasi
654 1117 729 1161 vero
750 1104 919 1163 tentassem
942 1097 1090 1163 sacrificii
1112 1098 1261 1179 regimen.
1304 1098 1421 1162 Notavi
1445 1118 1515 1163 eou-

208 1197 413 1279 spiratiouem
436 1206 467 1262 et
489 1199 546 1262 tibi
569 1199 698 1263 etmihi
722 1199 931 1283 periculosam
953 1207 985 1264 et
1006 1200 1120 1264 multas
1132 1201 1274 1265 raciones
1289 1200 1425 1265 reddidi.
1467 1200 1517 1264 Tu

208 1299 250 1361 ad
271 1318 363 1363 saera
384 1320 432 1363 me
453 1301 553 1365 trahis
574 1310 606 1365 et
628 1302 718 1382 euasi
740 1301 862 1365 invidie
883 1302 1001 1367 crimen
1023 1302 1158 1367 latenter
1171 1302 1248 1367 mibi
1262 1302 1398 1385 astingis.
1441 1306 1516 1367 Sum

209 1420 278 1481 ego,
297 1403 339 1465 mi
362 1402 500 1482 Urbane,
523 1412 613 1467 extra
633 1404 759 1487 eulpam
781 1413 813 1466 et
833 1422 936 1478 careo,
958 1404 1027 1468 Deo
1046 1404 1166 1485 gratia,
1186 1412 1219 1468 ut
1240 1404 1359 1469 ambitu
1380 1410 1413 1470 et
1433 1424 1517 1467 arro·

208 1504 320 1584 gantis
353 1504 399 1567 ila
432 1504 531 1569 livore
567 1513 599 1570 et
632 1506 862 1570 rualcrolcntia.
916 1505 1031 1587 (lucris
1059 1506 1281 1571 testimouium.
1330 1506 1377 1571 Te
1404 1513 1516 1573 testem

207 1614 329 1687 coopto.
370 1607 418 1670 Tu
442 1627 491 1670 me
510 1607 629 1689 optime
651 1608 745 1687 nosti,
768 1607 926 1671 meliorem
949 1606 1083 1673 iudicem
1099 1608 1335 1691 nullctempore
1351 1608 1515 1689 requiram.

169 1695 172 1701 ’
210 1708 336 1773 Damna
363 1730 426 1789 me,
454 1710 480 1772 si
508 1728 644 1790 uuquam
671 1709 824 1773 invidiam
854 1710 884 1773 in
914 1729 962 1775 me
994 1711 1119 1773 notasti.
1168 1709 1282 1774 ludicii
1309 1716 1357 1774 est
1384 1729 1517 1775 censura

209 1818 317 1875 nostra
328 1819 359 1875 et
370 1812 511 1891 rationis,
526 1832 587 1875 uon
605 1811 722 1875 livoris.
754 1812 788 1875 Si
807 1832 879 1888 nou,
895 1819 929 1874 ut
940 1811 1072 1890 conlido,
1086 1812 1211 1891 urrtasti,
1223 1830 1320 1893 qrrare
1333 1811 1517 1895 scripseras,

210 1932 303 1993 „cum
333 1920 366 1976 tu
394 1922 522 1994 rogatus
543 1913 575 1976 id
596 1914 725 1977 minime
747 1914 908 1977 lecisses“.
955 1912 1033 1992 lmc,
1061 1913 1205 1991 Urbane,
1234 1914 1305 1995 plus
1328 1914 1452 1996 prestiti
1475 1913 1517 1979 ad

208 2035 278 2079 eam
308 2034 371 2078 rem
392 2014 553 2094 Musardo,
581 2034 675 2097 quam
703 2015 780 2079 dare
807 2015 909 2099 possit
930 2015 1046 2080 letius.
1089 2015 1196 2097 Preter
1228 2016 1312 2078 enim
1339 2022 1450 2079 acutas
1470 2014 1516 2078 in-

208 2117 413 2197 structiones„
443 2117 557 2199 quibus
579 2116 747 2181 admodum
768 2117 1002 2197 delectabatur,
1031 2114 1106 2181 dedi
1128 2118 1259 2181 l'ormam
1283 2115 1429 2181 sacrificii
1452 2116 1517 2183 llo·

209 2218 319 2299 guntie
340 2220 543 2302 impressam,
570 2218 711 2283 libellum
737 2216 980 2282 divinissimum.
1023 2217 1180 2295 Quocum
1205 2219 1349 2295 itasint,
1377 2218 1517 2300 absolve,

209 2340 316 2402 qrreso,
333 2320 575 2386 clementissime
587 2329 687 2404 pater,
701 2320 876 2384 Matianum
889 2326 985 2399 tuum,
1005 2320 1059 2401 qui
1075 2326 1106 2384 te
1119 2319 1200 2384 bene
1214 2320 1319 2385 valere
1336 2341 1374 2385 ac
1394 2320 1516 2385 salvum

209 2442 278 2487 esse
298 2423 421 2488 letatur.

289 2524 340 2588 Ad
360 2525 470 2589 Nonas
488 2525 624 2608 Augusti
645 2524 797 2588 MDXlll.

279 2650 460 2698 Haudselrriltl.
480 2650 500 2695 F
514 2650 562 2697 198
581 2651 622 2697 tol.
637 2648 830 2697 latr—latu.

764 2796 966 2805 ...—--————

211 2883 296 2954 aba.
317 2884 428 2950 disan
444 2885 578 2957 Urban.
1055 2882 1196 2971 (Gubba)
1209 2885 1303 2953 1513.
1337 2886 1473 2970 August
1484 2888 1516 2955 7.

279 3009 332 3055 llas
355 3008 438 3064 Band,
461 3012 567 3055 welches
590 3011 631 3055 dic
650 3010 744 3055 Feindo
763 3010 925 3068 umsclrliugt.
948 3010 981 3055 ist
1001 3012 1064 3056 nach
1084 3009 1194 3055 Mutlans
1213 3010 1319 3056 Ausiclrt
1338 3012 1461 3058 schwarer
1480 3013 1517 3059 als

210 3078 255 3124 der
275 3079 404 3136 gordiscbo
425 3080 527 3127 Kuotcu
545 3096 575 3125 zu
595 3081 674 3127 lesen.
711 3081 740 3124 lu
759 3080 856 3127 Botrctl
872 3080 953 3125 coines
969 3081 1064 3127 llauses
1084 3080 1158 3125 bittet
1177 3094 1204 3125 er
1222 3081 1270 3126 deu
1290 3080 1383 3141 Urbau,
1402 3082 1450 3129 don
1466 3084 1517 3129 An·

212 3153 298 3207 trilgcn
317 3149 361 3195 (les
380 3149 513 3195 lliethmar
530 3150 662 3208 wiltmurig
683 3165 712 3195 zu
731 3150 793 3195 sein.

290 3244 435 3327 Sapienti
460 3246 529 3309 viro
558 3246 694 3317 Hemico
716 3246 894 3327 Urbano,
923 3247 1070 3329 theologo
1099 3246 1288 3327 gravissimo
1317 3252 1348 3310 et
1373 3248 1517 3331 apprime

211 3346 392 3426 reverendo,
414 3347 574 3412 blutiauus
594 3348 701 3412 Rufus.

291 3448 426 3513 Domine
444 3452 549 3532 paterl
582 3450 719 3514 Eeiamsi
733 3445 883 3515 Hercules
899 3449 1058 3515 semideus
1074 3471 1185 3531 essem,
1201 3460 1304 3516 tamen
1323 3471 1362 3515 ue
1379 3451 1519 3517 collectis

211 3550 339 3632 quidem
360 3551 481 3615 viribus
502 3552 654 3615 solverem
676 3551 831 3635 triplicem
854 3552 1024 3615 funiculum
1047 3553 1097 3617 vel
1117 3556 1220 3635 potius
1234 3552 1385 3619 Gordium
1402 3551 1517 3617 nodum

211 3652 432 3717 bardistarum.
487 3654 573 3730 Quos
604 3655 688 3719 enim
725 3654 917 3736 cacodernon
952 3655 1129 3736 coniunxit,
1159 3656 1251 3719 homo
1287 3675 1349 3719 non
1381 3663 1509 3741 separat

210 3754 295 3819 Dedi
316 3775 417 3836 nuper
437 3756 468 3819 iu
490 3756 620 3838 Figuli2
640 3755 770 3838 nuptiis,
791 3756 853 3819 imo
873 3757 946 3821 misi
970 3776 1025 3839 per
1046 3757 1156 3821 Ianum
1173 3756 1215 3819 Vl
1242 3758 1379 3840 boemoS,
1402 3758 1516 3821 donum

211 3876 288 3921 saue
319 3857 493 3922 honestum.
540 3858 644 3923 Ceteri
677 3859 775 3922 nostri
802 3858 931 3939 collegii
957 3858 1123 3923 dimidium
1150 3859 1277 3925 dabant.
1325 3860 1408 3925 Dedi
1434 3860 1518 3945 patri

210 3960 327 4032 vinum,
351 3980 412 4023 non
433 3959 539 4024 semel.
582 3960 698 4024 Darem
721 3968 752 4024 et
773 3960 937 4039 Bartholo,
959 3960 1014 4025 sed
1036 3961 1082 4024 ita
1102 3962 1184 4025 iuter
1204 3981 1238 4027 se
1260 3968 1381 4040 amant,
1406 3970 1441 4026 ut
1461 3982 1519 4027 nos

211 4060 371 4125 irrideant.
405 4062 483 4127 Cras
501 4062 672 4126 certabitur
693 4071 725 4126 et
745 4062 825 4125 ratio
841 4063 1053 4128 villicacionis
1077 4063 1232 4129 reddetur.
1266 4064 1335 4146 Ego
1348 4064 1517 4146 quiescam.

209 4162 320 4228 Lotius
346 4164 463 4229 dicitur
486 4164 672 4246 designasse
699 4164 856 4229 scribam³
886 4166 1030 4230 futurum.
1073 4167 1208 4249 Questor
1235 4186 1292 4250 pro
1318 4186 1375 4231 suo
1402 4166 1518 4232 famulo
1594 4178 1604 4200 ⁴

274 4391 285 4433 Ῑ
307 4395 370 4466 Vgl.
381 4395 425 4449 Br.
441 4396 498 4448 282
511 4416 535 4450 u.
547 4397 612 4450 286.

250 4470 285 4595 3²
299 4475 396 4611 lelrrhg
416 4477 554 4611 i{}⁰gis⁰h
575 4478 627 4532 mit
647 4478 709 4531 dem
729 4476 758 4531 irr
781 4476 826 4535 Br.
849 4477 906 4534 286
930 4480 1089 4537 errudbuteu
1113 4480 1245 4541 Nicolaus
1267 4480 1389 4553 Figulus.

325 4575 361 4635 ὅ·
400 4575 420 4611 Γ·
493 4599 498 4610 ·
1322 4590 1324 4593 ’
