3625 5192
309 343 361 397 126
680 342 940 410 Geschiehtsqueden
957 344 1006 396 der
1022 342 1104 396 Prou-
1114 342 1237 397 Saebson.

307 491 379 558 471.
403 488 446 560 li.
471 508 516 556 an
537 488 671 559 ursan.
1109 487 1241 574 (iloiba
1253 487 1361 574 1515).
1400 487 1562 554 Februar
1577 489 1611 558 b.

378 613 439 660 blut.
463 613 599 664 lominich
620 613 647 658 in
670 614 727 659 sein·
750 625 860 672 errogter
877 614 961 659 Waise
984 613 1045 659 aber
1069 613 1111 659 dio
1127 613 1231 672 jiiugste
1249 613 1412 671 goriehtlicbe
1431 612 1612 670 VerbandInng

307 684 354 730 mit
380 685 429 730 don
452 683 563 729 Vikareu
590 697 634 730 aus
664 683 713 728 und
740 684 790 729 will
814 699 864 730 von
887 699 939 729 nun
962 699 995 728 an
1023 685 1071 729 dou
1094 683 1246 730 (isimundus
1268 683 1314 728 mit
1336 683 1381 729 der
1404 683 1612 741 Wahrnehmung

307 755 390 800 soinor
408 755 502 798 Rechts
526 752 627 798 botrani
650 753 751 812 wissen,
777 753 808 799 da
828 755 938 814 Pyrrhus
961 753 1014 798 sir-ir
1038 754 1141 812 unia'big
1159 753 1263 812 gezsigt.
1300 753 1352 798 Vor
1370 754 1437 798 allen
1457 752 1557 811 Dingen
1574 753 1610 797 sei

308 826 349 870 eiu
371 823 499 870 Auiscbub
526 823 570 868 der
593 823 671 870 Sueba
694 823 771 882 nbtig.
818 824 851 868 Er
881 823 985 869 erbittet
1007 823 1103 870 sodaun
1126 824 1253 869 Auskunft
1277 823 1339 868 liber·
1363 822 1542 880 Engellsndor,
1570 823 1611 868 die

308 894 419 940 Maiuzer
436 893 639 952 Gesaudtseirast,
658 894 707 940 den
727 893 864 952 Weinberg
881 894 933 939 und
945 894 1031 940 seinen
1045 893 1147 939 Kenisr.
1185 893 1239 938 Von
1257 894 1350 940 seluern
1365 893 1487 952 Kollegon
1501 892 1612 952 Wagner

308 964 373 1010 lrabe
397 979 423 1010 er
445 964 520 1009 einen
542 963 676 1021 wiehtigon
695 964 842 1022 Fingerzeig
865 964 992 1024 orhaiten,
1015 979 1047 1009 au
1067 964 1175 1010 Nithard
1197 965 1269 1009 nolle
1292 979 1320 1009 er
1337 963 1390 1008 sieir
1409 963 1480 1008 niebt
1498 963 1611 1009 wanden.

308 1037 355 1080 Am
376 1034 496 1080 niicbsten
515 1032 581 1091 Tage
600 1033 635 1080 sel
654 1033 698 1079 der
716 1033 933 1080 Geriebtstermin.

389 1131 524 1195 Henrico
547 1129 707 1194 Urbano
730 1131 890 1195 Mutianus
911 1129 1021 1193 Rufus.

389 1235 421 1297 S.
462 1232 559 1314 Legi,
588 1251 649 1314 que
678 1232 845 1296 adversum
873 1233 1010 1296 vicarios
1037 1233 1119 1296 inter
1140 1232 1308 1296 Convaiies
1330 1238 1361 1296 et
1381 1231 1510 1297 arbusta
1531 1233 1612 1295 festo

308 1335 472 1400 Marianol
494 1335 682 1416 scripseras,
707 1333 835 1398 ianum²
853 1335 976 1398 scilicet
995 1336 1100 1415 egisse
1121 1336 1250 1399 sinistro
1271 1335 1379 1415 genio,
1400 1334 1613 1417 Eugelmanni

312 1455 422 1520 preces
443 1436 677 1515 convaluisse,
700 1435 835 1500 iudicem
858 1456 1045 1518 prorogasse
1066 1437 1149 1500 diem
1178 1435 1298 1499 iudicii.
1340 1437 1420 1500 istos
1440 1427 1613 1520 ἀποφράδας

308 1542 432 1609 τιτᾶνας
447 1545 511 1602 tam
526 1541 720 1622 κεντοςυρικῶς
734 1558 856 1603 meeum
876 1548 1008 1620 agentes
1024 1557 1189 1620 meamque
1202 1539 1468 1605 existimationem
1486 1545 1615 1621 propter

309 1660 399 1705 suam
433 1639 631 1704 insolentiam
658 1642 709 1704 sui
744 1646 888 1722 questus,
905 1648 937 1703 et
969 1640 1124 1704 commodi
1156 1641 1261 1721 gratia
1287 1639 1495 1722 ineptissimis
1520 1639 1615 1720 nugis

309 1743 512 1806 saburrantes
540 1743 611 1822 quis
637 1743 744 1806 tulerit
771 1761 852 1824 equo
874 1742 1002 1805 animo?
1043 1741 1114 1805 Non
1136 1751 1184 1804 est
1204 1740 1453 1818 dormitandum,
1477 1739 1615 1820 Urbane,

309 1846 341 1907 in
369 1843 428 1908 boc
454 1844 582 1925 negotio
608 1862 752 1908 curarum
781 1844 884 1925 pleno.
927 1843 1147 1907 Resistendum
1175 1863 1232 1925 pro
1257 1842 1342 1906 virili
1370 1843 1432 1907 levi
1458 1852 1490 1906 et
1510 1842 1614 1906 dicaci

309 1946 448 2024 argutis,
482 1945 707 2010 occurrendum
735 1947 845 2010 sannis
876 1953 908 2009 et
936 1945 1067 2029 Sisyphi
1094 1945 1278 2009 commentis
1305 1964 1408 2026 neque
1435 1944 1614 2023 dicendum,

310 2047 394 2130 quod
418 2047 582 2131 prudentis
602 2067 664 2111 uon
693 2054 755 2126 est,
782 2045 870 2122 „oriar
892 2043 1022 2129 ᾤμην.“3
1067 2046 1270 2131 imploremus
1291 2047 1443 2110 auxilium
1463 2047 1616 2126 dominii,

310 2150 492 2212 invocemus
524 2148 698 2232 presidium
735 2149 877 2212 doctrine
909 2155 941 2212 et
966 2147 1128 2211 industrie.
1169 2148 1205 2211 Si
1235 2149 1329 2212 ianus
1355 2148 1558 2231 imperfectus
1583 2155 1616 2211 et

311 2249 496 2314 dimidiatus
527 2259 711 2334 procurator
740 2257 821 2330 erat,
854 2255 887 2314 ut
915 2249 979 2333 ipsi
1003 2250 1109 2330 aiunt,
1138 2256 1293 2313 statuatur
1321 2250 1470 2331 egregius
1499 2248 1616 2330 aliquis

311 2360 448 2416 assertor
469 2351 535 2416 litis
555 2357 587 2415 et
605 2351 773 2433 dignitatis
793 2370 879 2431 mee,
900 2352 953 2433 qui
975 2358 1007 2413 et
1029 2352 1098 2433 ipse
1119 2351 1256 2432 lapides,
1279 2357 1312 2414 ut
1333 2353 1379 2415 ita
1401 2353 1525 2434 loquar,
1545 2371 1615 2435 pro-

310 2453 391 2518 ierre
413 2455 526 2537 possit,
549 2453 662 2534 quibus
684 2455 845 2518 cerebrum
869 2453 1010 2517 excutiat
1036 2454 1106 2517 istis
1128 2453 1404 2532 chorididascaiis,
1428 2454 1616 2533 vulturibus,

312 2556 511 2634 cerdonibus
532 2575 572 2618 ne
594 2555 693 2620 bunos
713 2557 797 2619 viros
820 2555 923 2619 modis
938 2555 1084 2618 omnibus
1100 2555 1271 2618 sollicitent
1288 2555 1354 2619 suis
1370 2555 1473 2633 minis,
1493 2555 1616 2636 iurgiis,

312 2658 448 2722 val'ritiis
480 2658 530 2722 vei
558 2660 663 2739 potius
689 2659 902 2736 immanitate,
936 2657 1116 2736 ferocitate,
1149 2658 1342 2737 arrogantia,
1369 2657 1558 2720 incivilitate
1584 2663 1616 2720 et

313 2761 469 2824 barbaria.
520 2759 681 2822 Eiusmodi
715 2761 798 2823 enim
826 2767 1057 2843 propugnator,
1091 2766 1126 2822 ut
1153 2759 1237 2838 dixi,
1273 2759 1408 2822 invadat
1439 2757 1618 2819 Δουλοπολιν

313 2869 345 2925 et
372 2861 616 2925 conciliabulum
646 2861 884 2944 byrsopolarnm
913 2871 945 2926 et
975 2868 1089 2942 urgeat
1115 2880 1222 2925 eorum
1254 2861 1420 2944 syndicum
1446 2881 1516 2924 curn
1543 2861 1617 2924 aliis

312 2971 376 3027 turn
408 2965 504 3028 bisce
524 2963 686 3028 convitiis:
715 2964 872 3044 „Lusisti,
895 2963 974 3026 satis
995 2970 1058 3042 est,
1080 2963 1137 3027 sed
1160 2969 1204 3042 te,
1228 2961 1435 3041 mihicrede,
1461 2969 1617 3026 memento

317 3066 402 3129 intra
428 3065 607 3148 pelliculam
630 3065 723 3129 cerdo
745 3071 851 3130 tenere
878 3067 1016 3129 tuam.“⁵
1056 3065 1101 3129 Re
1125 3065 1209 3129 enim
1235 3084 1312 3128 vera
1333 3065 1473 3128 vultures
1494 3072 1567 3127 sunt
1586 3071 1619 3127 et

313 3167 479 3248 cerdones,
499 3167 551 3248 qui
576 3173 708 3230 mortem
730 3185 790 3230 non
813 3173 1018 3250 expectantes
1039 3168 1131 3231 vivos
1155 3166 1295 3230 nituntur
1314 3165 1451 3250 sepelire
1471 3173 1504 3228 et
1524 3165 1619 3229 dero-

312 3289 383 3333 rare
404 3269 571 3332 laenitates
592 3275 666 3332 ante
688 3276 820 3349 ternpus.
862 3268 978 3332 Sinant
998 3288 1048 3332 me
1069 3269 1191 3351 spirare
1212 3267 1331 3332 diutius
1352 3287 1373 3331 a
1394 3287 1516 3330 summo
1529 3267 1619 3330 babi-

313 3371 372 3434 turi
395 3370 538 3448 domum,
566 3389 660 3450 quarn
683 3389 766 3432 nunc
789 3369 904 3432 liustra
925 3369 975 3432 sui
997 3369 1200 3457 emolumenti
1220 3375 1363 3451 respectu
1386 3371 1511 3432 aui'erre
1532 3368 1618 3431 iabo-

313 3479 393 3536 rant.
434 3471 589 3548 Quocirca
603 3471 787 3534 Haliensis6
810 3471 870 3534 erit
882 3470 1062 3554 imperator,
1085 3471 1177 3534 bomo
1192 3471 1385 3534 exercitatus
1402 3479 1434 3534 et
1447 3469 1617 3534 forensium

314 3574 415 3636 litium
447 3574 573 3656 peritus.
628 3573 696 3638 Veh
729 3574 845 3637 muscis
878 3580 910 3636 et
940 3572 1250 3637 Pseudocatonibusi
1304 3571 1396 3649 Quod
1431 3571 1526 3636 ianus
1554 3591 1616 3635 non

314 3677 417 3758 potuit
441 3675 615 3757 depellere,
643 3675 826 3758 profligabit
849 3673 1049 3738 Osimondus.
1099 3674 1207 3738 Habes
1233 3674 1330 3755 igitur
1357 3673 1516 3757 epitomen
1536 3687 1618 3754 'pro

313 3777 501 3840 curatoriam
530 3796 596 3840 rem
623 3777 686 3840 risu
718 3796 845 3860 prorsus
871 3775 1009 3858 ludoque
1037 3777 1184 3857 dignam,
1212 3776 1285 3854 sed,
1311 3784 1345 3840 ut
1371 3783 1515 3857 tempora
1536 3782 1618 3851 sunt,

383 3903 395 3931 ὃ
415 3900 438 3944 lr'
452 3889 496 3943 οὔκ
515 3889 592 3960 ripun.

377 4086 389 4128 1
410 4090 464 4146 Am
487 4089 512 4145 2,
533 4089 664 4146 Februar.

377 4166 390 4209 2
409 4171 533 4241 Pyrrhus
551 4167 715 4242 campagus.
756 4169 820 4242 Vgi.
834 4171 878 4229 Br.
892 4172 931 4226 78
953 4170 981 4225 S.
997 4171 1052 4226 117
1075 4172 1158 4226 Anm.
1170 4173 1196 4228 1.

377 4245 392 4290 3
413 4250 475 4322 Vgi.
486 4249 591 4307 Cicero.
614 4251 658 4304 De
670 4252 714 4305 oil'.
726 4253 747 4305 l.
761 4251 806 4306 23.
819 4253 865 4306 81.

374 4326 388 4368 ⁴
411 4331 468 4384 Des
487 4331 665 4386 Erzbischol's
687 4331 831 4388 Albrecht.

376 4407 391 4448 5
412 4411 490 4465 Nacir
507 4410 624 4466 Martini.
644 4413 694 4468 iil.
710 4413 755 4466 16.
769 4412 819 4464 5-
837 4413 868 4469 o:
897 4413 1000 4466 Lusisti
1025 4413 1119 4481 corio,
1141 4414 1189 4466 seri
1210 4420 1251 4480 te,
1275 4412 1344 4465 mibi
1366 4412 1460 4477 erede,
1481 4415 1620 4464 memento

316 4509 390 4546 nuno
413 4492 439 4544 iu
463 4491 602 4560 pellicula,
626 4493 716 4561 cerdo,
736 4499 830 4546 tenere
851 4499 906 4549 tua.

378 4567 391 4611 6
413 4570 583 4626 Osimondus
603 4589 657 4626 von
678 4571 769 4628 Halie.
813 4572 874 4644 Vgi.
889 4573 935 4629 Br.
948 4571 1006 4624 242
1029 4571 1055 4630 S.
1066 4573 1125 4626 318
1144 4572 1228 4630 Anni.
1241 4572 1267 4626 3.
