3625 5192
514 387 606 444 Briefe
620 386 740 444 Mutians
759 384 819 444 639.
837 385 896 443 640.
915 389 975 444 641.
1007 387 1190 460 (Nachtrtge.)
1459 394 1513 450 833

204 536 299 620 legit,
327 536 512 618 relicitatem
540 536 600 603 tibi
628 545 775 622 precatus
800 539 942 604 mirificis
967 538 1115 605 laudibus
1141 545 1172 605 te
1200 540 1412 607 decorandum
1442 563 1512 610 esre

202 640 327 704 censuit
357 638 598 722 habendumque
628 642 661 704 in
691 659 819 706 numero
846 642 1108 706 doctissimorum.
1149 643 1309 726 Expectas
1330 646 1446 722 t'orsan,
1468 646 1512 712 mi

204 741 337 822 Tbonra,
358 749 393 805 ut
413 740 454 805 de
475 760 525 805 me
542 743 698 824 rebusque
718 745 797 808 nreis
821 744 1024 827 perscribam.
1067 744 1355 828 obtemperandum
1382 753 1431 811 est
1452 747 1512 812 tibi

205 844 307 908 amico
329 842 490 907 rarissimo
512 851 544 906 et
565 845 783 909 amantissimo
804 844 948 908 Mutiani.
991 845 1047 908 llis
1059 846 1210 928 proximis
1229 845 1343 911 diebus
1365 847 1512 914 assiduus

203 947 250 1009 fui
272 945 304 1009 in
327 946 467 1029 pompis,
495 946 660 1010 sacriticiis
682 953 714 1009 et
735 946 926 1030 spectaculis
946 940 1178 1013 ecclesiasticis.
1221 948 1397 1013 Salvatoris
1418 950 1511 1014 Beth-

202 1047 353 1130 lehemitq
379 1047 518 1112 natalem
551 1055 583 1112 et
609 1049 796 1112 cerimonias
827 1067 922 1129 quarn
948 1049 1202 1122 reverentissime
1232 1048 1406 1126 celebravi,
1429 1052 1512 1116 inso
1588 1098 1591 1104 ·

204 1159 351 1231 quantem
387 1168 462 1214 vero
492 1148 576 1212 diem
616 1149 718 1233 primo
756 1151 828 1214 testi
854 1150 1104 1216 Christianorum
1138 1159 1352 1216 consecratum
1384 1160 1512 1238 propter

203 1271 326 1334 corone,¹
338 1251 549 1315 reverentiam
571 1270 633 1314 non
655 1253 758 1316 minus
781 1252 938 1334 religiose.
980 1252 1161 1336 Stephanos
1182 1253 1265 1317 enirn
1298 1273 1393 1337 grqce
1423 1256 1511 1340 apud

203 1372 260 1416 nos
281 1372 398 1418 corona
418 1352 543 1432 dicitur,
564 1351 648 1434 quod
670 1354 766 1418 etiarn
790 1353 870 1418 libro
892 1362 1005 1419 octavo
1017 1354 1247 1418 Philostratusl
1270 1358 1360 1440 ponit
1380 1357 1421 1422 de
1443 1359 1510 1423 Ste-

203 1455 309 1537 phano
337 1453 511 1519 Domitiani
539 1454 737 1519 interfectore
768 1456 959 1520 mentionem
984 1457 1113 1521 l’aoiens.
1163 1457 1293 1522 Constat
1320 1466 1425 1523 autem
1453 1479 1511 1525 nos

203 1556 346 1622 initiatos
367 1562 398 1619 et
418 1575 487 1620 esse
507 1562 539 1621 et
560 1557 624 1619 dici
645 1566 821 1637 coronatos,
842 1576 1022 1638 quanquam
1038 1557 1261 1623 monachorum
1285 1559 1509 1625 calviciumita

202 1656 271 1736 liat,
302 1663 336 1720 ut
367 1656 485 1721 circum
510 1665 655 1742 tempora
682 1658 828 1722 crinitam
855 1678 1003 1722 coronam
1031 1661 1211 1742 expressius
1240 1661 1388 1742 designet
1414 1683 1508 1745 quam

203 1758 435 1824 canonicorum.
456 1754 597 1836 Quotus*
617 1760 701 1823 enim
727 1760 862 1840 quisque
883 1767 1023 1824 nostrum
1043 1769 1100 1840 est,
1120 1763 1173 1843 qui
1195 1781 1257 1826 non
1279 1763 1321 1826 sit
1341 1783 1425 1828 more
1445 1785 1510 1828 rno-

203 1859 307 1942 doque
338 1860 527 1943 Pytagorioo
556 1861 751 1945 capillatus?
796 1860 860 1926 Sed
886 1868 1051 1944 utrumque
1079 1873 1247 1927 veneratus
1277 1883 1346 1928 sum
1377 1866 1446 1950 ipse
1476 1866 1508 1930 in

202 1961 359 2045 Stephani
379 1963 517 2040 nomine,
537 1981 684 2027 coronam
696 1968 728 2026 et
739 1961 882 2026 ordinem
903 1961 1140 2028 sacerdotalem.
1183 1964 1309 2030 Nudins
1330 1967 1440 2030 tertius
1462 1968 1508 2031 lo-

203 2063 291 2144 anni,
310 2081 401 2145 quem
412 2061 552 2128 Zcbedei
572 2063 670 2128 lilium
690 2062 809 2142 dicunt,
830 2062 952 2127 libavi*
972 2064 1014 2127 ad
1035 2084 1177 2129 mensam
1201 2085 1303 2130 meam
1325 2066 1432 2132 dulcis
1454 2087 1509 2152 po-

203 2165 285 2246 cula,
316 2170 351 2229 ut
374 2165 440 2229 illis
466 2166 664 2248 potissimum
696 2164 931 2244 satisfacerem,
962 2165 1016 2247 qui
1049 2165 1143 2231 hodie
1173 2167 1372 2234 Bacbanslia
1402 2189 1508 2236 amore

204 2266 333 2332 loannis
366 2267 481 2332 colunt.
535 2267 618 2330 Nam
649 2268 741 2351 plura
770 2265 874 2332 adbuc
899 2268 1015 2332 retinet
1040 2286 1116 2333 vera
1146 2270 1263 2351 pietas,
1296 2289 1359 2354 quq
1385 2273 1508 2337 semina

203 2367 384 2433 viderentur
411 2388 483 2434 esse
507 2369 672 2451 religionis
700 2369 833 2450 antiquq
853 2374 886 2432 et
906 2369 985 2432 ritus
1006 2369 1210 2436 ethnicorum.
1252 2372 1366 2437 Verum
1387 2373 1428 2438 de
1449 2373 1509 2440 boc

204 2470 295 2536 alias.
337 2470 430 2548 Heri,
458 2470 585 2553 quando
614 2478 669 2533 tus
694 2469 885 2535 reddebatur
910 2472 1059 2555 epistola,
1091 2472 1324 2556 disputavimus
1349 2494 1413 2539 una
1438 2496 1508 2560 pre-

202 2571 307 2636 dictus
326 2571 512 2654 Spalatinns
532 2578 565 2638 et
584 2591 645 2654 ego
666 2577 727 2648 (est
747 2573 832 2637 eninr
857 2591 932 2636 acer
957 2580 989 2637 et
1008 2573 1148 2656 diligens
1168 2575 1377 2658 investigator
1397 2578 1443 2643 rei
1463 2579 1507 2643 la

202 2673 301 2756 tine),
325 2673 422 2738 bodie
443 2671 544 2755 idem,
575 2673 658 2755 quod
683 2673 759 2740 beri.
800 2675 879 2739 Ores
901 2693 921 2737 a
943 2674 1034 2740 nobis
1055 2675 1209 2752 discedet,
1239 2685 1311 2761 post
1331 2679 1421 2744 cuius
1441 2680 1508 2746 abi-

203 2775 321 2840 tionem
348 2795 412 2849 me,
441 2775 525 2856 quod
552 2776 805 2858 frequentissime
833 2775 881 2855 lit,
911 2777 1100 2842 lectionibus
1129 2778 1288 2843 involvam
1320 2787 1352 2844 et
1372 2782 1508 2847 silentio.

203 2875 267 2957 ln,
296 2877 421 2942 Thoma
449 2878 492 2941 mi
513 2879 635 2958 suavis,
663 2879 741 2960 quid
768 2897 848 2958 agas
873 2884 906 2942 et
927 2879 1083 2960 quomodo
1104 2881 1230 2961 valeas,
1254 2883 1326 2946 stilo
1343 2883 1509 2948 verbosius

203 2978 330 3062 explica
347 2985 380 3046 et
401 2979 733 3044 cura'vsletudinem0
752 2978 1005 3062 diligentissime.

283 3080 334 3146 Ex
353 3080 459 3147 (lotha
477 3080 570 3146 tertio
591 3079 750 3146 Calendas
771 3081 923 3149 Ianuarii.
957 3083 1051 3146 Anno
1071 3082 1164 3148 buius
1183 3085 1283 3166 seculi
1304 3087 1424 3169 quinto.
1454 3089 1467 3130 θ

274 3203 350 3253 Gedr.
367 3204 475 3252 Ioannes
484 3204 582 3252 Garson
602 3204 743 3252 demiseris
760 3205 880 3253 hnmana.
898 3206 939 3252 tol.
959 3205 1088 3252 cvr-c
1099 3205 1139 3255 or.
1175 3207 1281 3254 Ndbem
1297 3208 1354 3254 ilder
1371 3210 1508 3258 doanck

202 3274 250 3334 apl.
268 3274 296 3320 ire
313 3275 359 3320 der
375 3275 528 3334 Amandum
544 3290 597 3321 m
614 3275 711 3334 uoriqcn
727 3274 820 3334 Bricfo.

272 3373 285 3401 ⁸
301 3379 389 3426 Druck
406 3379 523 3438 Qnottns.
594 3363 608 3400 b
625 3379 670 3424 Dr.
688 3379 777 3430 libani.
839 3373 850 3401 ⁰
868 3381 914 3428 Dr.
932 3381 1113 3430 valetudinem.
1177 3365 1190 3404 ἅ
1208 3383 1305 3443 quinto.

210 3656 287 3728 641.
311 3655 473 3741 Spalatln
495 3675 540 3724 an
562 3656 710 3728 llutlan.
856 3655 1211 3742 seorgenmallooo.
1235 3657 1445 3746 September
1456 3666 1510 3736 18.

274 3778 389 3842 Spartan
410 3783 513 3830 vidmet
535 3784 591 3830 dem
609 3783 707 3830 llutian
726 3783 767 3829 dio
781 3783 923 3844 lirklirung
942 3784 985 3831 des
1006 3783 1047 3832 33.
1066 3784 1185 3841 Psalmss,
1204 3785 1298 3832 vvslc‘lre
1316 3786 1422 3835 Thomas
1440 3789 1511 3838 Wolf

203 3853 310 3899 vertamt
337 3853 388 3899 und
417 3853 546 3901 Herebord
572 3869 623 3900 von
650 3853 695 3900 dar
719 3853 836 3900 llsrtlren
861 3868 913 3900 von
932 3853 1081 3914 Strassburg
1107 3853 1274 3912 mitgebracht
1296 3856 1347 3904 bot.
1393 3859 1441 3906 liin
1465 3860 1508 3907 bs-

201 3923 318 3969 scnderes
335 3922 390 3969 Iaob
408 3923 451 3970 dos
469 3923 610 3970 Verfassers
626 3924 677 3970 und
695 3924 779 3970 seiner
794 3923 887 3972 schrift
904 3925 958 3970 halt
979 3938 1006 3970 er
1020 3925 1059 3971 lllr
1076 3923 1228 3985 uberflttsstg.

285 4020 442 4102 Georgius
462 4021 649 4104 Spalatinus
670 4021 845 4086 llntisno
864 4020 954 4086 Rufo.
985 4021 1017 4086 S.
1038 4021 1074 4088 P.
1096 4021 1136 4086 D.

284 4122 377 4186 Libet
385 4121 727 4203 Horaciolsuccinere,
748 4122 900 4203 llntiane,
913 4122 1023 4188 doctor
1034 4124 1277 4191 humanissime:
1298 4125 1424 4205 „Castis
1436 4147 1508 4195 cnm

203 4223 311 4308 pueris
339 4223 452 4306 ignara
480 4223 588 4308 puella
608 4223 714 4289 mariti
735 4223 993 4303 disceret,.unde
1014 4245 1139 4310 preces,
1160 4233 1267 4293 vatem
1288 4229 1322 4294 ni
1344 4229 1434 4296 Musa
1455 4230 1508 4296 de-

204 4324 331 4392 disset“
385 4325 453 4390 Hos
482 4344 590 4391 versus
623 4325 657 4390 in
683 4325 810 4391 laudem
841 4327 991 4394 Dauidici
1025 4330 1180 4412 poematis
1215 4331 1283 4396 inre
1313 4332 1448 4398 recitare
1476 4339 1509 4400 et

204 4497 404 4507 uun—-

266 4601 395 4660 1Leoen
416 4607 466 4661 des
485 4605 652 4677 Apollonius
672 4623 726 4662 ron
736 4606 836 4680 Tyana
855 4608 941 4666 aso
1004 4604 1483 4682 2Eptnolae11‚1.132-1ss.
1534 4627 1540 4639 ¹
