3625 5192
229 343 232 352 '
325 345 360 406 lo
697 315 956 425 Geschicblaquellon
974 352 1023 409 der
1041 341 1115 410 Prou.
1134 341 1256 412 Sachsetr.

326 504 406 575 aar.
429 502 472 569 n.
494 521 539 569 an
557 457 716 573 ursan(
952 503 1194 586 (uersarem.
1225 503 1326 572 uses
1347 503 1427 572 usn
1451 499 1631 590 aruum)

396 629 458 674 unu.
477 628 609 686 berlauert,
635 627 691 674 dass
710 629 836 676 Duronius
855 629 954 693 Urbana
972 629 1089 686 Absicht,
1113 629 1141 674 in
1159 629 1263 688 Leipzig
1281 629 1379 675 thber
1395 645 1425 675 nu
1446 631 1553 692 hauteu,
1576 643 1633 676 ver·

327 700 397 746 oltelt
418 699 481 745 hubo
500 699 550 744 und
569 697 643 746 sclrilt
663 697 689 744 in
709 699 953 746 scirrorWeinlauus
972 699 1089 744 woidliclr
1106 699 1151 745 sus
1166 700 1215 744 den
1234 700 1293 746 nbc.
1330 701 1632 760 Nitlrardsb'orspreclren

326 771 394 815 frenc
414 770 456 815 ibu
477 769 517 814 l'dr
534 769 659 828 Spalatin,
683 769 731 814 den
751 785 777 814 or
796 769 874 815 loidcr
896 771 922 814 in
946 769 990 816 das
1013 770 1160 816 dcmniiclrst
1178 769 1224 815 srci
1242 769 1375 816 werdeudc
1394 770 1543 817 Kanouiluat
1561 771 1631 816 nicht

326 841 408 885 rr'erdo
428 840 532 895 bringeri
553 839 663 886 lriirrnon.
700 841 770 885 Auclr
789 839 814 885 in
837 840 907 886 einer
925 841 1020 885 andorn
1037 839 1357 898 Pirtlndeuaugelogcubeit
1370 841 1461 886 sclrauo
1480 857 1506 887 (a
1519 843 1631 887 schlecht

325 925 377 958 arra.
414 909 589 955 Filrllcrslold
608 910 669 954 sollo
688 911 729 954 oin
742 911 875 957 (losehcnk
895 911 999 970 gelssult
1011 910 1119 957 werden.
1156 909 1256 956 summ
1276 911 1361 956 urteilt
1380 911 1633 958 derllriafscbreiber

327 981 387 1026 ilber
406 980 500 1026 Faber-s
519 980 634 1025 Psalmon
654 980 704 1025 trud
725 979 874 1026 'l'rutsetters
893 981 1109 1027 Scbriststollurci'
1122 980 1172 1024 und
1192 981 1242 1026 will
1261 981 1309 1026 den
1328 981 1477 1040 Triumphus
1496 982 1632 1042 t‘apuionis

326 1050 490 1096 libersendcu.
528 1049 666 1096 Dumasucn
686 1050 736 1095 und
756 1051 828 1096 Valla
851 1051 927 1096 biltet
945 1065 972 1096 cr
989 1051 1042 1096 sich
1060 1051 1160 1096 currilck.

406 1146 542 1212 Henrico
564 1148 589 1212 ll
599 1149 724 1212 rbano.

405 1252 438 1315 Si
465 1251 568 1330 vales,
597 1252 677 1315 bene
706 1255 764 1316 cst.
812 1249 860 1313 XI
883 1250 1042 1315 calendas
1070 1251 1227 1328 Quintiles
1252 1249 1391 1316 reddidit
1416 1252 1494 1316 mihi
1522 1254 1631 1318 literas

324 1358 396 1418 tuas
417 1373 495 1437 puer
516 1353 658 1434 higecius
686 1354 798 1438 plenas
825 1353 996 1418 suauitatis
1025 1360 1056 1418 et
1081 1355 1194 1417 summi
1218 1355 1334 1418 arauris
1355 1373 1432 1435 erga
1453 1357 1576 1437 metui,
1597 1357 1630 1420 in

324 1455 439 1537 quibus
460 1453 519 1518 hoc
541 1455 645 1519 inerat
665 1453 890 1536 impedimento
911 1453 1009 1519 fuisse
1031 1454 1204 1519 Duronium
1213 1457 1233 1531 ¹,
1256 1455 1422 1536 quominus
1442 1458 1557 1522 emeris
1579 1458 1629 1522 rel

324 1558 421 1623 libros
443 1557 557 1622 studiis
578 1557 693 1622 nostris
714 1563 923 1637 congruentes
948 1556 999 1620 vel
1020 1562 1112 1641 aptos
1138 1556 1328 1622 bibliothece
1348 1577 1427 1638 mee.
1469 1559 1553 1623 Nori
1575 1582 1630 1645 op-

324 1661 400 1724 time
422 1665 454 1723 et
474 1679 549 1743 sepe
571 1659 705 1741 cognovi
726 1665 809 1722 tuam
827 1658 1019 1723 uoluntatem
1031 1664 1063 1722 et
1083 1659 1225 1740 graciam
1234 1666 1265 1723 et
1285 1661 1455 1724 fraternum
1467 1663 1630 1742 auxilium,

324 1763 408 1844 quod
426 1762 488 1826 nisi
503 1761 580 1826 milri
596 1761 829 1845 proposuissem
840 1765 874 1823 ut
885 1758 1006 1823 firmum
1022 1767 1054 1825 et
1075 1767 1202 1842 certum,
1223 1761 1309 1826 nullo
1329 1763 1422 1827 modo
1438 1769 1470 1828 et
1483 1765 1630 1846 precibus

324 1866 477 1931 adiissem
490 1870 575 1928 tuam
587 1865 810 1947 paternitatem
823 1868 930 1926 ettam
943 1862 1092 1927 molestus
1111 1863 1170 1928 tibi
1180 1863 1318 1928 luissent.
1360 1865 1409 1928 Sit
1422 1866 1521 1948 igitur
1535 1869 1630 1950 culpa

324 1969 458 2034 Duronii
480 1966 727 2051 interpellantis,
755 1985 815 2030 uon
843 1971 913 2041 tua,
940 1964 1074 2047 Durouii
1097 1965 1242 2063 inquapr,
1270 1967 1359 2030 cuius
1384 1973 1475 2031 tanta
1492 1975 1541 2033 est
1567 1989 1628 2035 non

323 2070 416 2136 ruodo
439 2069 623 2148 insolencia,
643 2072 731 2150 (uam
753 2067 784 2131 id
813 2065 940 2148 quidem
969 2066 1260 2132 abhatibus-huius
1289 2069 1339 2133 cui
1361 2068 1532 2151 familiare,
1554 2072 1630 2153 quia
1716 2069 1720 2076 '

325 2175 417 2258 panis
439 2172 556 2236 Christi
578 2170 714 2234 lascivos
735 2169 825 2248 facit)
848 2168 903 2234 sed
916 2169 1035 2233 cecitas
1056 2169 1246 2244 etstultieia‚
1269 2177 1303 2233 ut
1323 2171 1493 2249 enodatim,
1514 2173 1628 2254 quibus

323 2297 415 2342 neruo
437 2273 558 2354 credit,
585 2271 680 2336 Moris
707 2271 829 2336 seilicet
855 2276 888 2335 et
909 2271 1060 2352 Fungar,
1082 2271 1141 2334 boc
1162 2277 1224 2352 est,
1251 2272 1488 2339 immanissimis
1509 2275 1627 2340 bestiis.

324 2380 386 2444 Vix
417 2377 494 2440 mihi
526 2394 653 2458 possum
682 2381 857 2457 temperare
891 2373 933 2438 ab
964 2372 1194 2456 increpacione.
1247 2373 1352 2439 Unum
1384 2381 1506 2439 tautum
1536 2379 1626 2459 qurasi

323 2481 428 2548 ebrius
453 2477 575 2562 (potari
600 2478 684 2541 enim
712 2477 853 2560 egregie)
876 2474 1078 2558 profundam:
1106 2475 1196 2540 Nihil
1223 2495 1293 2541 esse
1316 2478 1556 2543 sanctimoniam
1578 2500 1627 2546 ce-

322 2581 481 2648 nobialem
511 2581 561 2645 rel
597 2581 623 2644 si
651 2578 854 2660 aliquidem,
879 2578 959 2641 nihil
988 2577 1075 2641 aliud
1100 2595 1284 2660 essequam
1305 2578 1573 2662 importunitatem
1596 2590 1628 2647 et

323 2685 516 2771 hypocrisim
538 2690 569 2748 et
587 2681 825 2747 simulacionem
837 2686 869 2744 ct
889 2682 1003 2745 fucum.
1045 2679 1136 2744 ltlitto
1157 2679 1340 2744 vecordiam
1360 2688 1393 2745 et
1412 2685 1626 2767 impuritatem

321 2797 353 2854 et
380 2785 612 2851 ostentaciones
640 2783 838 2868 multiplices.
893 2781 988 2846 Nunc
1018 2782 1100 2846 eninr
1129 2788 1349 2865 paupertatem
1380 2803 1436 2867 pre
1463 2787 1627 2850 scierunt

321 2897 473 2970 monaste,
495 2907 577 2952 nune
597 2886 694 2952 aliam
705 2885 843 2970 speeiem
855 2883 1066 2968 plausibilem.
1108 2884 1165 2948 Est
1186 2886 1287 2949 eciam
1300 2886 1331 2948 iu
1354 2886 1501 2951 sordibus
1520 2889 1626 2952 rebus-

321 3011 381 3075 que
401 2991 536 3056 abieetis
548 2988 682 3072 quaedam
695 2987 879 3068 ostentacio,
899 3007 962 3052 non
981 2987 1081 3051 solum
1103 2987 1135 3050 in
1156 2987 1310 3071 preclaris
1330 2996 1362 3052 et
1378 2990 1496 3054 arduis.
1537 2991 1626 3074 Quis,

319 3115 373 3159 oro
395 3101 436 3171 te,
458 3099 559 3158 ratum
582 3092 713 3156 haberet
734 3091 850 3154 luctum
863 3089 1019 3154 Duronii?
1059 3087 1128 3172 Ego
1150 3110 1211 3153 non
1233 3091 1361 3172 nocebo,
1384 3111 1446 3154 non
1458 3093 1626 3174 accusabo,

320 3197 434 3263 bonum
454 3196 555 3260 virum
580 3213 672 3258 nosse
698 3193 797 3258 debes
820 3199 852 3258 et
877 3193 950 3257 volo
971 3191 1072 3256 bonus
1094 3211 1172 3256 esse.
1221 3191 1319 3256 Miror
1344 3201 1465 3274 tamen,
1494 3213 1558 3276 qua
1578 3215 1625 3258 ra-

319 3301 410 3364 cione
431 3306 464 3362 tu
486 3303 586 3363 ratum
613 3296 732 3360 habeas
754 3295 786 3358 in
809 3299 914 3377 patre,
935 3291 1019 3376 quod
1040 3292 1118 3357 mihi
1141 3313 1199 3357 nee
1220 3301 1322 3359 ratum
1342 3315 1402 3359 nec
1422 3303 1546 3378 gratum
1568 3305 1625 3362 est.

318 3402 383 3466 Sed
412 3401 485 3482 hee,
512 3401 539 3465 si
567 3399 626 3465 tibi
656 3391 828 3472 videbitur,
860 3415 917 3480 pro
946 3415 1006 3460 non
1038 3395 1134 3461 dictis
1164 3396 1348 3461 habeantur.
1397 3398 1489 3475 Quod
1519 3406 1624 3463 autem

318 3502 488 3568 Nithurdi³
509 3502 731 3585 promissorum
753 3499 943 3563 mentionem
963 3498 1074 3577 facias,
1095 3497 1190 3562 valde
1211 3498 1425 3581 mihi'graturn
1447 3506 1509 3565 est:
1529 3507 1624 3582 atque

318 3607 439 3670 utinam
461 3599 593 3670 haberet
612 3602 809 3686 Spoletinus,
840 3600 925 3682 quod
952 3607 1051 3684 optat.
1099 3600 1233 3682 Egrotat
1254 3601 1305 3665 hie
1327 3603 1483 3684 Georgius
1503 3601 1623 3683 auem,

319 3729 407 3776 meus
435 3705 589 3791 gregalis,
627 3704 710 3768 mele
738 3701 910 3767 afflictatur
942 3701 1063 3766 afebri
1094 3701 1187 3768 homo
1217 3722 1323 3769 senex.
1375 3703 1410 3769 Si
1442 3704 1623 3784 decesserit,

318 3811 480 3896 principes
512 3807 634 3872 dabunt
663 3805 850 3871 beneficium
883 3806 1080 3870 canonicum.
1133 3805 1202 3887 Ego
1230 3806 1340 3871 dubito
1373 3805 1414 3871 de
1446 3806 1622 3890 spalatino.

319 3916 390 3979 Non
413 3912 509 3976 habet
530 3928 650 3989 aurum,
671 3914 706 3971 ut
724 3907 779 3972 det
798 3913 985 3973 statutorum
1001 3908 1136 3972 nourine.
1179 3908 1303 3973 Nothus
1317 3914 1365 3973 cst
1384 3914 1425 3988 et,
1446 3909 1474 3972 si
1485 3908 1621 3990 adesset,

317 4036 380 4082 non
401 4021 509 4100 posset
517 4011 614 4077 Moris
631 4011 786 4076 resistere.
827 4009 964 4074 Locutus
984 4029 1052 4074 sum
1064 4028 1135 4074 cum
1147 4010 1343 4092 leotrardol,
1364 4011 1465 4093 ipsius
1475 4018 1621 4094 cognato,

379 4197 471 4266 1Vel.
490 4196 536 4252 Br.
560 4195 616 4249 383
640 4213 665 4252 u.
687 4193 752 4248 384.

380 4277 523 4334 ‘2Leuten
545 4277 594 4332 un'e
615 4276 719 4331 bloreh.
771 4275 864 4331 Uebor
889 4274 964 4328 diese
992 4273 1190 4347 Bezeiclmuug
1214 4276 1305 4330 selures
1330 4275 1540 4331 Mitkanouikus
1567 4278 1620 4348 vgl.

255 4429 263 4440 ⁴
318 4361 362 4418 Br·
374 4359 517 4494 ghhd-{gr
538 4437 760 4508 Angelcgcnhcit
780 4437 828 4489 dos
849 4434 1059 4504 Spalatiuschcu
1081 4435 1233 4505 Diplomcs.
1275 4437 1337 4506 Vgl.
1353 4437 1479 4491 31:375.

377 4518 391 4560 ⁴
413 4521 475 4588 Vol.
487 4519 531 4572 ΒΓ.
546 4517 602 4569 144
620 4518 647 4572 S.
660 4517 717 4568 ullu
735 4517 815 4569 Anus.
828 4515 852 4567 l.

378 4598 392 4641 5
413 4602 466 4655 Die
478 4597 699 4653 Pers'dnlichlreit
708 4597 744 4650 ist
756 4597 807 4650 mir
816 4595 893 4649 nicht
903 4593 1040 4664 bekannt3
1055 4595 1095 4649 sie
1106 4597 1172 4650 wird
1184 4615 1236 4649 nur
1246 4616 1280 4651 an
1292 4598 1382 4651 dieser
1391 4596 1478 4651 Stelle
1488 4605 1618 4668 genennt.
