3625 5192
329 326 382 385 378
701 326 961 398 Geschlchtsquellen
979 328 1028 383 der
1045 326 1119 383 Prov-
1138 328 1260 385 Saehsen.

329 480 459 560 quidam
487 479 668 544 scholastici
699 476 907 562 appellabant
941 478 1118 543 deridicula
1144 499 1223 545 voce
1249 478 1471 563 physiculanti.
1522 478 1637 543 lneidlt

331 583 363 645 in
392 582 484 647 huius
509 581 737 646 annotaciones
763 582 883 663 priores
904 581 1072 646 Tileninus
1093 588 1124 646 et
1143 581 1241 645 verba
1261 588 1371 665 captat
1391 582 1432 646 ab
1455 601 1512 647 usu
1533 580 1636 646 erudi-

330 691 430 747 torum
461 696 596 761 remota,
631 690 740 747 contra
765 684 892 749 Cesaris
926 692 1124 768 preceptum,
1154 683 1238 765 quod
1268 684 1390 749 Gellius
1420 684 1500 749 libro
1536 683 1636 766 primo

330 787 436 869 eapite
453 787 485 850 X
507 787 539 850 in
557 787 673 850 Atticis
689 785 860 850 Noctibus·
882 786 1016 850 retulitl.
1063 786 1174 868 ltaque
1196 788 1223 851 si
1246 788 1351 868 quiete
1372 794 1404 850 ct
1427 787 1497 851 ocio
1517 787 1636 851 musico

329 888 389 951 l'rui
410 874 570 961 uoluerit,
612 887 738 952 desinat
777 888 927 952 insectari
962 888 1121 952 convitiis.
1147 889 1306 952 literarum
1342 886 1569 965 antesignanos
1605 893 1637 951 et

329 991 477 1055 affectata
498 990 605 1054 demat
626 997 658 1053 et
678 990 732 1069 sit,
755 990 781 1053 si
802 990 875 1055 (1ίεῦ
896 990 1018 1072 placet,
1042 997 1135 1074 poeta
1156 990 1256 1054 maior
1278 990 1491 1055 maximorum.
1533 988 1637 1070 Nemo

330 1093 414 1157 enim
440 1092 509 1157 eius
537 1091 658 1157 ordinis
685 1112 747 1155 non
774 1092 835 1156 sihi
865 1092 1114 1173 preclarissimus
1151 1092 1283 1158 videtur.
1333 1091 1431 1171 Nam,
1466 1098 1499 1155 ut
1534 1084 1637 1155 facete

329 1194 450 1274 dicam,
486 1214 547 1258 uon
572 1202 621 1258 est
648 1194 892 1258 illectamentnm
919 1200 975 1258 aut
1004 1194 1229 1259 suscitahulum
1261 1194 1403 1259 doctrine
1437 1192 1637 1257 nitidiuseule

331 1296 488 1379 muginari
502 1316 558 1379 per
570 1295 746 1360 inualitiem
758 1292 802 1376 (l)
820 1296 888 1359 sive
901 1296 1060 1360 maliciam
1077 1296 1108 1359 in
1127 1297 1328 1379 noctisurgio.
1361 1296 1432 1359 Non
1448 1296 1525 1359 facit
1540 1314 1636 1378 opere

330 1398 484 1478 precium,
512 1398 568 1479 qui
596 1398 790 1462 sentenciam
817 1416 906 1462 suam
934 1398 1051 1462 talibus
1077 1397 1230 1476 allanriis⁰
1257 1398 1461 1465 statuminatd
1483 1405 1515 1461 et
1539 1398 1635 1462 fulcit.

329 1498 557 1583 Explodendus
577 1507 625 1565 cst
646 1520 708 1564 non
734 1501 838 1564 minos
859 1518 954 1581 quam
983 1499 1203 1579 barbasculus,
1234 1501 1377 1582 quisquis
1403 1501 1552 1565 authores
1576 1500 1636 1564 hcc

331 1602 444 1667 scabro
465 1601 573 1666 edolat
603 1601 758 1666 dolatorio
784 1609 817 1665 et
834 1601 1028 1667 ¹ostentandi
1056 1621 1152 1666 causa
1180 1602 1391 1667 hallucinatur
1419 1614 1475 1667 ac⁰
1507 1601 1635 1682 grandi-

322 1705 546 1786 -loquenciam,
571 1723 664 1785 quam
686 1704 815 1767 miretur
836 1704 942 1787 potius
967 1702 1092 1767 auditor
1117 1724 1210 1785 quiam
1237 1704 1406 1785 intelligat,
1433 1703 1636 1768 moramentis

328 1808 552 1889 l'requentariis
578 1806 721 1870 odiosam
753 1805 866 1870 reddit.
913 1806 1044 1870 Putatur
1070 1806 1192 1887 aliquid
1213 1826 1299 1876 esse.
1328 1806 1381 1887 qui
1403 1806 1488 1886 vulgi
1518 1806 1636 1870 iudicio

328 1910 375 1974 sic
395 1908 523 1972 indatur
540 1915 572 1972 et
591 1916 704 1989 turget.
746 1907 809 1972 Sed
830 1906 910 1971 nihil
930 1905 972 1969 ad
994 1926 1100 1972 veram
1123 1907 1348 1989 eloquentiam,
1372 1906 1635 1988 quemadmodum

329 2011 409 2076 nihil
436 2010 478 2075 ad
504 2012 636 2095 probam
670 2008 895 2089 eruditionem,
925 2010 978 2091 qui
1004 2009 1035 2072 in
1064 2008 1131 2073 iure
1152 2018 1257 2075 nostro
1283 2029 1352 2073 cum
1381 2010 1515 2092 leguleis
1535 2008 1636 2073 Baldo

329 2122 362 2179 et
392 2114 553 2179 Salicet02
583 2113 667 2177 rabit
697 2119 729 2176 et
759 2111 862 2176 latrat.
915 2110 976 2188 Qui
1008 2112 1092 2175 enim
1123 2120 1273 2175 sexcenta
1304 2111 1484 2175 testimonia
1514 2110 1637 2192 colligit

328 2235 414 2280 mere
428 2215 545 2279 usitato
556 2216 704 2279 etomnia
720 2221 913 2294 nugamenta
929 2212 1071 2294 congerit
1084 2214 1116 2275 in
1130 2214 1306 2292 consilium,
1322 2213 1398 2295 quid
1411 2213 1498 2276 aliud
1514 2210 1637 2295 colligit

329 2338 423 2401 quam
444 2316 600 2381 nehulas‘?
640 2316 690 2379 Dc
711 2335 774 2398 qua
796 2335 829 2379 re
847 2316 941 2397 plura
962 2314 1066 2381 dicam
1087 2314 1176 2380 alias.
1219 2314 1311 2379 Nunc
1333 2315 1411 2380 hene
1432 2315 1541 2379 valeas
1562 2334 1633 2379 eum

329 2421 421 2484 unico
441 2421 548 2484 tratre.

409 2522 460 2585 Ad
484 2522 594 2585 Nonas
614 2520 751 2585 Sextiles
771 2522 863 2584 Anno
884 2518 1037 2585 MDXlll.

400 2644 580 2691 Haudsehrit‘tl.
596 2644 672 2691 1³33ss
691 2645 732 2691 iol.
744 2643 847 2690 attr-
857 2644 937 2690 2-14v.
982 2642 1056 2690 Gedr.
1068 2644 1093 2691 h.
1108 2644 1142 2689 Ta
1155 2644 1178 2691 S
1192 2643 1336 2691 tet-165
1353 2658 1397 2689 corr
1415 2642 1500 2702 Nuper
1518 2643 1635 2689 admonui

328 2714 365 2761 tia
382 2731 435 2761 arem
452 2716 567 2762 &maim

331 2812 492 2934 „7⁸³¹”
511 2821 545 2865 m
564 2819 661 2866 aruc„
680 2820 780 2866 sactes.
853 2804 919 2865 bra
937 2820 991 2867 cris.
1067 2814 1204 2867 ‘ansam
1284 2802 1376 2864 “nu
1397 2818 1430 2864 ra
1448 2817 1635 2865 autumnum.

380 2891 447 2937 'zet

329 3012 405 3083 291.
428 3016 469 3084 ll.
492 3031 537 3079 an
560 3012 693 3081 lishon.
1153 3012 1300 3093 (hetha)
1316 3006 1411 3079 1513.
1449 3008 1585 3092 August
1600 3011 1634 3079 t.

399 3137 460 3185 Mut.
480 3144 544 3184 aetat
562 3138 631 3185 scine
648 3137 761 3195 Stellung
780 3152 808 3182 zu
830 3136 959 3183 Mursardus
977 3136 1144 3183 auselnandcr
1163 3136 1213 3181 und
1236 3135 1370 3195 verteidigt
1394 3134 1447 3180 sich
1473 3148 1552 3193 gagen
1573 3134 1636 3180 Vor-

330 3209 415 3268 wiirse,
434 3208 476 3253 die
493 3209 545 3254 ihm
563 3208 649 3255 Urhan
669 3207 694 3252 in
716 3208 799 3265 Beaug
817 3207 918 3252 hieraul
932 3208 1048 3266 gemacht
1069 3222 1098 3251 zu
1119 3206 1201 3252 haben
1219 3205 1323 3251 scheint.

376 3384 381 3391 Ι
410 3305 462 3369 ud
482 3306 650 3371 Henricom
672 3303 870 3369 Urbanum
892 3304 1052 3369 Matienus
1075 3304 1182 3369 Rut'us.

410 3408 440 3471 S.
487 3406 660 3470 Familiare
686 3414 734 3470 est
759 3406 833 3484 tihi,
868 3405 997 3470 Urbane
1027 3412 1132 3489 pater,
1163 3405 1316 3470 adiuvare
1347 3405 1457 3470 doctos
1483 3410 1514 3469 et
1543 3402 1636 3467 laude

329 3512 452 3592 dignos.
507 3508 629 3573 chisti
661 3507 694 3570 in
725 3516 779 3569 tuo
809 3507 881 3571 sinu
914 3507 1126 3590 Spalatinum,
1158 3506 1338 3571 hlusardum
1373 3508 1492 3571 crehrls
1523 3502 1637 3569 officiis

329 3612 420 3694 quasi
449 3609 630 3675 solemniter
658 3609 838 3674 demereris.
884 3609 1011 3674 Dedisti
1039 3629 1140 3692 nuper
1166 3608 1338 3673 Aventioi³
1370 3608 1531 3673 aureolum
1557 3626 1637 3690 opus

329 3712 471 3779 Musardi
498 3711 664 3795 discipulis
693 3719 806 3795 captus
831 3711 1046 3775 admiracione
1073 3711 1224 3776 bonitatis
1250 3712 1351 3790 illius,
1378 3730 1559 3792 qrranquam
1588 3711 1637 3773 vir

328 3815 458 3897 sapiens
492 3812 646 3878 utilitates
676 3832 738 3877 non
774 3832 893 3896 paucas
930 3811 1093 3879 arbitraris
1129 3819 1367 3877 consecuturas:
1395 3812 1520 3893 obligas
1552 3812 1636 3877 enim

329 3918 388 3981 tibi
416 3922 602 3981 assertorem
629 3914 798 3995 dignitatis
822 3922 855 3978 et
883 3915 962 3978 mihi
989 3915 1109 3998 pariter
1140 3915 1275 3978 amicum
1306 3932 1424 3979 servas.
1479 3914 1562 3979 Nam
1592 3916 1638 3979 ita

330 4018 446 4096 donas,
472 4024 506 4081 ut
529 4016 673 4081 beneficii
695 4018 739 4080 tui
761 4015 887 4088 laudem
909 4034 1029 4081 mecum
1053 4016 1200 4098 partiare.
1243 4016 1312 4099 Ego
1333 4014 1515 4081 Musardum
1537 4015 1638 4097 diligo

330 4127 364 4185 ut
391 4118 564 4184 studiosum
594 4126 626 4184 et
652 4125 794 4183 sanctum
822 4118 979 4182 iuvenem.
1021 4118 1085 4181 hed
1116 4119 1204 4193 novi,
1231 4118 1305 4183 novi
1332 4119 1476 4199 inquam,
1505 4136 1638 4201 pravum

392 4319 403 4360 ¹
425 4322 466 4378 Ut
484 4330 626 4393 tamquam
649 4321 793 4392 scopulum
815 4310 855 4376 sie
876 4322 968 4394 fugias
989 4324 1144 4378 inauditum
1166 4330 1250 4394 atque
1273 4323 1395 4377 insolens
1413 4323 1536 4377 verbum.

393 4400 406 4440 ‘²
427 4403 489 4474 vgt
504 4402 551 4456 Br.
566 4402 623 4455 232
645 4400 672 4457 S.
690 4402 745 4455 311
767 4402 849 4456 Anm.
863 4404 889 4459 6.

392 4480 406 4519 :t
430 4483 493 4538 Von
514 4483 572 4537 ihm
594 4482 720 4536 emehien
735 4482 810 4535 1513
832 4501 865 4537 zu
876 4483 971 4537 Erfurt
982 4483 1026 4538 bei
1045 4484 1186 4539 Matthhus
1198 4484 1298 4537 hlaler:
1310 4482 1500 4541 commatice
1510 4482 1635 4539 omnium

330 4564 479 4625 utilissima
498 4571 527 4620 et
546 4562 708 4619 breuissima
728 4562 849 4621 mirabili
870 4564 966 4625 ordine
987 4565 1147 4639 composita.
1439 4594 1442 4601 ¹
