3625 5192
311 355 365 411 37⁰
683 342 944 426 Geschichtsqueileu
961 358 1010 410 der
1028 342 1101 409 i‘ror.
1121 342 1245 409 Saehseh.

393 502 425 568 S.
470 502 587 568 Parata
623 504 837 587 instructoque
863 504 1002 569 viatico¹
1038 502 1114 587 quid
1142 508 1254 585 restat,
1284 503 1344 568 nisi
1375 509 1410 569 ut
1434 502 1518 569 rotis
1543 524 1620 569 nun·

312 608 437 691 cupatis
462 608 522 671 iter
546 606 668 671 iacias?
716 606 797 687 Sed,
829 607 872 670 mi
894 607 997 671 Petrei
1029 606 1199 670 amicorum
1226 606 1341 689 prime,
1375 607 1496 670 nonin
1524 606 1624 671 tantis

312 709 480 774 caloribus.
521 708 536 771 l
559 728 687 783 securus
703 709 794 773 initio
805 710 957 774 autumni.
998 709 1125 773 Interea
1140 708 1275 773 scribam
1294 706 1335 771 ad
1354 708 1439 773 viros
1453 714 1624 790 spectatae,

311 811 375 875 nisi
397 812 485 876 voles
505 811 594 893 sequi
615 818 691 875 ante
712 809 745 873 id
767 818 891 894 tempus
911 810 1061 875 abituros.
1103 809 1198 873 Recte
1215 809 1326 883 iecisti,
1348 808 1432 891 quod
1442 809 1623 891 obsignatis

313 913 431 978 tabulis
456 922 622 995 argentum
651 911 806 977 addidisti
833 910 883 975 vel
913 911 1019 989 potius
1052 910 1235 992 inculcasti,
1267 920 1301 975 ut
1331 910 1451 993 duplici
1482 911 1623 995 pondere

312 1015 456 1096 graveis,
485 1012 601 1089 idest,
631 1033 733 1077 rerum
758 1022 790 1077 et
810 1011 976 1077 verborum
997 1011 1442 1098 causatiushhristophorol,
1463 1013 1565 1079 electo
1589 1020 1622 1079 et

312 1116 411 1201 probo
434 1123 466 1182 et
486 1116 641 1199 prestanti
662 1114 795 1195 medico,
816 1116 1037 1198 persuadeant.
1079 1114 1204 1183 Errant,
1225 1115 1277 1196 qui
1301 1123 1466 1180 autumant
1481 1122 1623 1181 oratores

311 1218 436 1283 demum
458 1216 658 1300 persuadere.
700 1216 804 1281 Etiam
826 1224 991 1297 argentum
1016 1215 1195 1299 persuadet.
1238 1217 1302 1281 Sed
1324 1217 1541 1282 vehementius
1563 1218 1622 1282 hee

312 1320 375 1385 duo
407 1319 584 1385 coniuncta.
633 1318 702 1399 Ego
733 1319 833 1382 muita
864 1318 973 1398 omisi,
1006 1319 1153 1399 quamvis
1182 1319 1238 1382 illa
1269 1320 1341 1403 ipsa
1373 1338 1422 1383 mc
1456 1319 1621 1383 iuvabunt.

312 1423 424 1488 Orotus
444 1422 572 1486 omnino
594 1421 673 1485 nihil
700 1421 870 1504 respondet
901 1421 1001 1485 tocies
1021 1420 1220 1502 obiurgatus,
1242 1421 1428 1503 increpitus,
1456 1422 1622 1502 excitatus,

312 1526 381 1591 sive
399 1524 566 1588 Ambrosio
591 1523 722 1587 daturus
750 1523 874 1603 literas,
902 1524 971 1588 sive
1001 1523 1085 1605 quod
1114 1524 1202 1607 panis
1226 1525 1416 1588 corniculum
1444 1524 1620 1591 aret'ecerit.

312 1626 395 1690 Nam
417 1628 529 1692 estatis
549 1634 636 1691 estus
661 1633 693 1689 et
717 1626 822 1690 fervor
846 1645 908 1690 nou
936 1626 1035 1691 solum
1062 1625 1167 1705 findit,
1195 1634 1229 1690 ut
1254 1626 1357 1706 inquit
1383 1625 1548 1702 Horatius,
1573 1626 1621 1689 in·

310 1731 416 1793 fantes
437 1729 590 1809 statuas3,
609 1727 666 1793 sed
688 1731 787 1792 ceiam
807 1727 966 1793 madorem
983 1728 1130 1793 exhaurit
1150 1719 1428 1793 instrumentario.
1471 1727 1520 1792 De
1538 1726 1621 1791 bello

312 1830 418 1912 queris
440 1837 471 1894 et
498 1830 678 1911 legionibus
703 1830 898 1913 conscriptis.
946 1830 1035 1894 Sicut
1060 1830 1133 1894 olim
1154 1830 1311 1910 Petreius,
1336 1829 1460 1911 legatus
1480 1828 1620 1911 Pompei,

312 1934 427 1997 bellum
445 1932 573 1997 Cesaris
593 1952 655 1997 non
677 1931 796 2009 timuit,
821 1932 868 1996 ita
890 1940 922 1995 tu
945 1940 1108 1997 externum
1130 1952 1200 2003 cum
1222 1932 1397 2015 peregrinis
1417 1932 1531 1996 bellum
1558 1951 1621 1996 non

311 2036 434 2099 timeas.
481 2034 616 2098 Servent
645 2033 750 2116 supteri
779 2034 843 2098 tuis
869 2033 993 2098 civibus
1022 2034 1220 2098 concordiam
1249 2041 1281 2097 et
1302 2052 1411 2097 sanam
1434 2040 1569 2098 mentem
1590 2043 1623 2099 et

311 2138 447 2202 Sinones
473 2137 556 2199 domi
584 2151 647 2199 non
670 2137 777 2200 sinant
803 2135 969 2200 dominari.
1011 2135 1096 2213 Quid
1122 2136 1225 2201 dicam
1250 2134 1291 2200 de
1317 2136 1434 2199 carisa4
1454 2134 1621 2199 Tilonini?
1652 2124 1659 2135 '

312 2240 416 2303 Mures
437 2245 470 2301 et
490 2258 567 2303 rane
588 2237 769 2317 confligunt.
813 2236 899 2301 ldem
920 2237 1018 2301 teoto
1037 2238 1120 2319 quod
1142 2238 1258 2303 ‘ritioc
1306 2237 1413 2301 Sancti
1439 2236 1620 2321 philosophi

311 2363 373 2408 nou
406 2349 480 2407 sunt
511 2341 664 2420 vexandi,
696 2339 754 2403 sed
786 2339 859 2403 boni
893 2339 1113 2405 adulescentes
1149 2341 1227 2405 bene
1256 2340 1452 2405 instituendi.
1509 2340 1619 2404 Habes

311 2462 474 2509 summam.
516 2442 565 2506 De
591 2449 734 2505 monasta
760 2450 914 2523 nugatore
939 2442 1036 2525 probe
1061 2442 1193 2506 iudicas.
1240 2442 1309 2523 Ego
1337 2442 1415 2507 nihil
1443 2442 1621 2524 superbius,

311 2546 390 2610 nihil
416 2545 602 2609 sceleratius
629 2544 752 2626 spirare
780 2552 856 2627 puto
887 2563 981 2626 quam
1016 2544 1147 2609 bardum
1178 2544 1412 2627 susperstitioni
1447 2545 1619 2609 addictum.

310 2635 426 2711 Noster
448 2647 595 2711 Urbanus
616 2652 699 2710 totus
721 2652 769 2710 est
789 2646 931 2711 sincerus
951 2658 983 2711 et
1001 2648 1130 2711 minime
1158 2648 1283 2712 hardus.
1325 2648 1445 2731 Accipe
1470 2647 1619 2713 tabulam.

311 2749 534 2832 Superioribus
560 2747 673 2812 diebus
700 2767 778 2831 puer
804 2748 932 2829 quidam
956 2759 1084 2833 propter
1104 2748 1295 2831 Molburgk⁶
1317 2749 1465 2813 sacellum
1489 2749 1520 2813 in
1542 2769 1620 2829 agro

310 2850 396 2931 cepit
422 2849 570 2915 edificare
602 2849 737 2931 virginis
763 2851 846 2913 alme
876 2850 1040 2915 icuncula⁸
1070 2859 1101 2917 et
1131 2852 1231 2915 crucis
1257 2852 1422 2934 signaculo
1453 2852 1618 2917 introlatia

309 2951 364 3017 mr
393 2971 579 3031 concursus,
606 2952 777 3016 otl'eruntur
802 2952 916 3034 stipes,
943 2962 1111 3017 narrantur
1137 2953 1300 3019 miracula.
1342 2952 1449 3031 Quid?
1490 2953 1620 3019 Diceres

311 3055 437 3119 fratrem
464 3054 630 3117 Nicolaum
668 3055 699 3118 in
731 3073 830 3138 puero
862 3055 1025 3120 revixisse.
1077 3056 1131 3121 Sic
1164 3076 1243 3120 unus
1278 3075 1356 3139 pner
1380 3056 1496 3120 multos
1527 3075 1620 3121 senes

310 3175 424 3239 pueros
438 3156 522 3221 l'acit.
554 3156 622 3219 Hoc
637 3155 715 3219 mihi
732 3155 815 3220 dixit
830 3163 938 3222 tonsor
953 3158 1057 3239 hodie,
1072 3158 1144 3223 dum
1157 3164 1253 3241 caput
1263 3176 1366 3221 mcum
1385 3157 1597 3239 distringeret

382 3274 565 3324 Haudschril'tl.
584 3276 665 3323 [1322
684 3277 724 3324 iol.
737 3276 930 3325 ἳθθν-ἳθῖπ.
972 3280 1047 3327 Gedr.
1070 3280 1093 3327 h.
1113 3280 1147 3325 Tu
1164 3281 1188 3327 8.
1205 3280 1253 3327 tou
1273 3296 1318 3327 uera
1337 3280 1511 3339 Superioribus
1531 3281 1618 3329 diebus

309 3346 346 3394 bia
365 3362 446 3394 meum
465 3348 634 3406 distringeret.

379 3446 391 3473 ⁸
411 3453 437 3497 11'
450 3453 578 3499 ecuneula.

310 3654 393 3723 aaa.
414 3653 458 3720 rr.
480 3672 524 3720 an
550 3654 679 3726 ursan.
940 3655 1180 3747 ‚tacunarum
1214 3654 1280 3722 um
1306 3656 1366 3722 ure
1387 3626 1486 3724 utcu
1508 3658 1544 3729 u.
1567 3656 1617 3739 r.)

378 3780 441 3825 hlut.
461 3780 564 3839 erndhlt,
582 3778 713 3847 Musardus
733 3779 769 3825 eei
791 3794 856 3839 gana
879 3780 904 3826 in
929 3781 973 3827 das
996 3780 1131 3827 icindliehc
1150 3781 1232 3839 Lagea
1256 3781 1456 3843 ilhcrgegangen.
1495 3782 1616 3829 linarelhe

308 3851 388 3897 heisae
413 3850 457 3895 ihn
479 3849 544 3908 jetzt
567 3848 642 3895 einen
662 3847 837 3909 Philosophen.
879 3850 1005 3897 Duronius
1028 3851 1091 3896 habe
1117 3850 1173 3897 dem
1197 3851 1340 3911 Priipositus
1364 3852 1407 3899 des
1425 3852 1617 3899 Kreuzklcsters

307 3920 417 3980 erlaubt,
447 3919 521 3965 einen
545 3917 677 3966 Schreibcr
699 3934 729 3965 zu
752 3935 889 3967 eruenneu.
927 3920 960 3966 Er
978 3921 1028 3966 will
1056 3922 1118 3967 allos
1136 3920 1278 3981 nauffiieteu,
1307 3922 1365 3969 dass
1384 3923 1467 3969 llrhau
1488 3922 1513 3968 in
1532 3923 1618 3969 aeiuor

303 3991 415 4050 jctzigeu
432 3990 546 4049 Stellung
564 3989 710 4036 verhleiben
729 3989 800 4036 diario
1132 3998 1135 4004 '

307 4115 507 4125 ——--——-—-..

369 4185 381 4227 ¹
402 4190 456 4244 Zur
475 4190 558 4246 Reice
578 4192 651 4246 nach
671 4192 780 4249 Italian.

367 4266 383 4309 2
404 4271 468 4342 Vgl.
489 4270 536 4326 Br.
547 4270 604 4324 126
625 4270 652 4329 S,
666 4272 720 4325 181
744 4272 827 4328 Arum.
842 4272 867 4329 ὅ.

369 4345 384 4389 ³
404 4350 460 4406 Sat.
473 4351 511 4420 11,
524 4350 549 4404 5.
567 4351 715 4407 39-40:
735 4370 784 4407 acu
807 4353 891 4408 rubra
910 4352 1043 4409 Canicula
1063 4352 1150 4409 findet
1170 4354 1290 4410 infantes
1311 4362 1423 4411 statuas.

366 4425 382 4468 4
401 4431 465 4503 Vgl.
477 4431 523 4489 Br.
535 4430 712 4487 alc-280.

366 4506 381 4547 ⁵
401 4511 465 4583 Vgl.
479 4509 522 4565 Br.
535 4511 588 4563 131
612 4510 639 4566 S.
652 4512 718 4572 188,
736 4511 820 4570 Anm.
832 4512 857 4567 5.

366 4585 550 4663 imuutuerg
570 4592 608 4646 im
630 4592 728 4649 Kreise
749 4592 851 4648 sturt
