3625 5192
620 367 709 422 orreo
729 367 848 422 morino
869 366 929 422 usu.
947 367 1006 422 aee.
1025 367 1084 422 est.
1468 327 1507 422 le

284 517 314 581 S.
359 515 401 580 Ut
421 515 552 580 Publius
574 517 699 598 aspexit
709 495 821 580 'sacras
833 537 928 582 urnas
939 517 1224 582 semiustulatorum
1236 520 1257 590 1,
1279 537 1342 582 rem
1364 516 1508 598 vulgarie

201 611 380 694 κενοδοξίας,
402 621 485 684 elero
507 627 611 694 tamen
635 620 753 700 utilem,
774 619 888 706 (stipes
909 621 992 684 euim
1016 620 1134 703 passim
1156 620 1366 696 cumulantur]
1387 617 1510 682 revenit

202 724 270 788 sine
291 722 379 786 libris
401 723 587 806 expetendis
608 723 824 804 legendumne,
845 723 1108 788 Constantinum
1126 723 1252 806 excipio
1272 730 1304 786 et
1318 725 1508 786 Ausees-som3

202 825 320 889 altaris.
339 853 342 858 ·
364 824 404 888 Et
426 845 495 890 eum
517 826 661 890 demere
682 826 835 890 rationem
856 819 1003 889 redderet
1023 825 1266 906 procurationis,
1287 825 1370 889 dixit
1391 846 1508 908 expen-

201 928 287 992 disse
312 929 368 991 tris
386 947 506 993 aureos.
549 927 678 992 llultnm
693 927 842 1010 eruginis,
864 928 1027 1011 presertim
1039 947 1111 992 mea
1121 928 1276 992 tenuitate
1298 928 1507 1008 considerata,

202 1050 274 1094 nnm
297 1036 439 1094 aromata
461 1030 536 1094 trita
557 1030 635 1094 uilril
658 1031 772 1096 volent.
815 1035 971 1114 Suspeota
999 1031 1083 1095 enim
1113 1039 1161 1094 est
1189 1033 1301 1095 tritura
1326 1038 1358 1096 et
1384 1051 1509 1114 semper

201 1131 387 1196 adulterina.
437 1132 549 1216 Neque
581 1141 649 1197 utor
675 1133 791 1198 talibus
823 1133 1037 1216 protrimentis
1063 1133 1271 1215 propolarum.
1324 1138 1403 1198 Sunt
1431 1134 1508 1198 milri

203 1234 264 1298 duro
287 1236 453 1315 mortaria,
475 1236 538 1308 duo
561 1235 688 1319 pistilli,
710 1236 772 1298 duo
794 1234 898 1299 eribra
918 1238 1095 1300 exoreturia
1115 1235 1156 1300 ad
1179 1233 1388 1319 pulvisculum
1411 1235 1507 1318 probe

202 1338 444 1422 repurgandum.
488 1337 633 1403 Poteram
651 1338 711 1403 hau
733 1337 777 1400 nti
792 1337 997 1421 supelleetile.
1039 1338 1124 1402 Emit
1136 1337 1284 1403 baeillum
1305 1357 1366 1403 uno
1389 1338 1507 1404 boemo.

202 1440 280 1517 due,
302 1459 396 1522 qnam
418 1439 584 1504 iulirmnm!
629 1441 688 1505 Vix
711 1439 804 1505 dares
819 1440 971 1504 leonem.
1013 1439 1126 1505 Cetera
1138 1449 1210 1505 sunt
1223 1440 1339 1506 nullius
1359 1441 1508 1506 momenti

202 1549 233 1605 et
254 1549 359 1606 tamen
381 1540 481 1606 trilms
503 1531 607 1608 aureis
636 1563 737 1608 eareo.
780 1542 878 1625 Egra,
905 1543 1055 1608 damunm
1082 1551 1186 1608 wmeu
1214 1542 1287 1609 l'ero.
1335 1545 1398 1610 Sed
1425 1544 1508 1626 quod

201 1643 388 1708 Hersl'eldo5
410 1643 490 1706 uilril
509 1645 551 1707 sit
563 1647 710 1729 eruptum,
735 1646 965 1711 molestissime.
1007 1645 1076 1726 Ego
1088 1645 1205 1710 nullum
1218 1665 1352 1710 meroem
1367 1648 1399 1711 in
1410 1646 1510 1731 literis

202 1745 374 1826 nominari,
394 1744 526 1810 liberum
549 1747 607 1810 tibi
628 1767 759 1812 examen
782 1749 913 1830 reliqui,
939 1754 994 1812 tua
1021 1748 1084 1812 lide
1110 1748 1188 1812 uilril
1215 1749 1375 1832 antiquius
1402 1748 1508 1814 habui.

202 1849 301 1913 Erant
323 1848 354 1910 iu
377 1849 575 1914 tentoriolisi
596 1857 706 1914 aurate
729 1851 815 1931 ritte,
836 1857 926 1915 eraut
947 1850 1013 1914 alia
1027 1851 1198 1915 iuventutis
1214 1859 1409 1931 ornamenta,
1430 1849 1509 1915 uihil

201 1949 336 2030 elegisti.
379 1950 413 2012 ln
437 1971 548 2032 carisa,
576 1951 687 2032 eredo,
713 1953 773 2017 luit
793 1955 977 2035 repentinus
1003 1952 1109 2016 abitus
1135 1961 1167 2016 et
1189 1952 1428 2017 Duronianuml
1453 1953 1510 2017 iru-

202 2053 331 2136 perium.
366 2050 422 2116 Est
450 2062 481 2117 et
510 2053 569 2119 lroe
591 2054 821 2120 iuoommodnm
848 2055 994 2137 quamvis
1021 2075 1083 2118 uon
1106 2053 1274 2131 mediocre,
1303 2062 1408 2118 tamen
1436 2055 1509 2120 tole·

203 2155 344 2220 randum.
398 2157 542 2222 Ceterum
575 2156 653 2220 illud
680 2156 860 2222 Solrilouis8
888 2176 1006 2238 negare
1034 2176 1072 2222 ue
1098 2156 1354 2241 patientissimus
1381 2156 1508 2238 quidem

118 2302 120 2308 «
202 2258 336 2322 inultum
355 2277 424 2324 esse
446 2260 563 2323 sineret
583 2267 638 2324 aut
661 2259 796 2342 impune.
840 2258 1333 2343 Opresbyterumfraudatorem!
1374 2259 1508 2336 Qualem

201 2360 264 2424 sibi
286 2360 388 2425 labem
413 2361 569 2445 aspergit!
612 2363 646 2425 Si
674 2362 762 2426 liouit
790 2362 905 2426 iniusto
934 2361 1138 2441 deliaudare,
1165 2360 1274 2425 licebit
1303 2367 1335 2425 et
1361 2361 1442 2426 iusto
1469 2359 1509 2425 de
1546 2443 1549 2448 Ι

204 2462 319 2528 iniuria
330 2464 486 2545 conqueri.
529 2463 592 2528 Sed
609 2464 786 2546 quisequus
801 2464 1030 2530 eritarbiterP⁸
1071 2463 1158 2528 llicit
1169 2462 1356 2528 iohannem:
1379 2463 1508 2542 „Socie-

203 2573 253 2630 tas
272 2573 380 2630 nostra
408 2566 438 2629 in
469 2567 546 2630 uelis
573 2569 658 2648 est“‚
685 2567 764 2631 dieit
790 2567 907 2630 Pardus
917 2567 956 2628 ¹⁰:
984 2565 1214 2646 „Sutlieienoia
1243 2572 1351 2628 nostra
1379 2584 1417 2628 ex
1439 2563 1508 2629 Deo

203 2668 281 2731 est“.
324 2667 478 2731 Neutrum
497 2677 545 2734 est
566 2687 672 2732 verum
695 2669 726 2731 in
740 2668 897 2734 Selilone.
941 2667 1046 2732 Servit
1065 2667 1131 2732 suis
1152 2667 1271 2742 bestiis,
1294 2667 1409 2748 quibus
1430 2665 1509 2730 nihil

203 2777 251 2834 est
273 2769 361 2834 satis.
403 2769 495 2834 Nune
517 2790 578 2834 nou
601 2779 670 2834 erat
691 2770 742 2834 hie
764 2771 859 2851 loeus,
881 2770 984 2835 liroere
1004 2778 1109 2833 tanren
1131 2791 1193 2834 non
1216 2770 1304 2852 potui
1326 2788 1384 2832 neu
1404 2768 1510 2847 debui,

203 2892 260 2935 neo
287 2872 389 2946 volui,
415 2873 490 2953 quin
516 2891 576 2954 que
598 2876 667 2937 meb
689 2882 826 2954 augunt,
856 2873 914 2938 tibi
936 2874 1054 2953 uruieo,
1083 2892 1175 2954 quem
1197 2871 1275 2951 eolo,
1306 2871 1508 2936 insinuarem.

202 2973 366 3038 Aeoednut
385 2973 472 3039 Croti
501 2975 673 3056 querele¹¹,
700 2976 798 3039 leutos
826 2994 979 3058 eoueerpe
1006 2982 1039 3040 et
1067 2973 1151 3039 adde
1172 2973 1385 3040 llerebordnm
1415 2972 1508 3050 illi¹²‚

203 3075 262 3156 qui
279 3075 360 3138 dixit
382 3095 451 3140 meo
467 3076 609 3142 eousilio.
629 3145 634 3154 ,
651 3077 722 3150 Hui,
745 3084 863 3157 quanta
882 3077 1023 3140 insaniat
1042 3136 1045 3140 Δ
1067 3075 1183 3139 Volunt
1203 3076 1256 3141 isti
1273 3076 1349 3140 dare
1367 3075 1509 3154 consilia,

274 3199 459 3245 ²1t'arbitrer.
534 3182 545 3220 ι’
564 3201 596 3246 Tr
616 3201 659 3245 loo
677 3201 755 3246 lrr'utrr
774 3215 812 3246 mu
833 3201 893 3264 nord
912 3215 970 3248 riou.

266 3399 277 3441 l
302 3405 364 3476 vgl.
387 3405 431 3461 Br.
448 3405 515 3461 375.

264 3479 278 3522 ‘²
300 3483 497 3540 Corrstantinus
519 3485 634 3557 llognns
655 3487 703 3540 des
726 3487 869 3541 lirnelrlin.
911 3487 973 3558 Vgl.
994 3487 1038 3540 Br.
1051 3485 1109 3540 304
1132 3488 1157 3541 S.
1171 3487 1225 3540 391
1249 3486 1367 3542 xlmn.3.

264 3559 278 3602 3
300 3565 385 3619 wohl
405 3565 654 3635 gleiehbodoutond
677 3567 726 3620 mit
748 3567 926 3621 Breviorinm.

265 3640 277 3681 ⁴
301 3645 543 3700 Wahrsehoinlieh
564 3646 600 3715 „l
625 3648 710 3700 lowen
732 3647 868 3719 plermig“
890 3666 944 3702 von
965 3647 1068 3715 deuon,
1090 3649 1161 3702 naeh
1183 3648 1244 3702 dem
1267 3647 1423 3718 liegistrurn
1446 3647 1509 3700 sub·

203 3724 266 3778 sidii
298 3726 371 3780 eloro
399 3725 569 3797 Thuringine
597 3744 669 3781 ritmo
697 3727 772 3780 15011
801 3727 939 3798 impositi,
970 3727 987 3780 4
1014 3728 1065 3781 anf
1088 3729 1169 3782 einen
1195 3727 1326 3798 aritiquns
1354 3727 1510 3797 Snebrrger

203 3802 370 3878 tGrosolren)
393 3807 447 3860 und
472 3807 488 3859 3
511 3806 561 3860 arrf
580 3807 660 3860 einen
682 3808 812 3878 aritirprns
833 3809 961 3863 leoninus
980 3805 1052 3881 (Gru)
1072 3808 1181 3880 glogou.

264 3881 278 3923 5
299 3886 362 3958 Vgl.
384 3886 429 3939 Br.
444 3887 511 3944 375.
524 3887 589 3940 3111.

266 3961 279 4003 ⁶
300 3965 333 4019 ln
355 3967 408 4020 den
430 3967 524 4021 Zelten
546 3985 594 4021 vor
614 3967 667 4021 dou
690 3967 814 4037 Gruderr,
843 3970 947 4023 nelehe
968 3987 1012 4024 am
1035 3968 1272 4023 'll'initatismarlrt
1293 3967 1508 4040 arrfgosehlageu

203 4047 323 4102 wnrden.
367 4047 430 4117 Vgl.
453 4047 497 4104 Br.
512 4047 571 4101 370
593 4047 719 4106 11375.-

265 4121 277 4164 7
299 4127 361 4198 vgl.
382 4126 505 4182 B1·.383.

264 4200 278 4244 ⁸
298 4207 360 4277 vgr.
381 4206 426 4264 Br.
440 4207 506 4262 379.
1076 4234 1079 4239 ·

265 4282 279 4324 9
301 4287 408 4341 llutian
431 4289 491 4342 irrt:
513 4307 542 4343 es
563 4289 623 4343 sind
640 4289 736 4344 ll'orte
755 4291 802 4344 des
821 4289 951 4360 Apostels
970 4291 1075 4345 Paulus
1093 4310 1128 4345 an
1148 4291 1193 4346 die
1214 4291 1360 4362 Philipper
1381 4291 1487 4361 11120.)

266 4362 294 4404 ¹0
314 4367 496 4438 Philipper&
508 4369 532 4422 9.

266 4443 292 4484 ¹¹
314 4446 377 4518 Vgl.
400 4447 512 4506 Bruti
539 4448 642 4506 ΗΟ(

269 4523 294 4565 ¹²
315 4527 472 4600 Raineusis,
493 4529 566 4584 uaelr
587 4531 662 4586 einer
683 4531 936 4606 Randbemerlrung
957 4533 985 4585 iu
1005 4533 1054 4586 der
1074 4531 1262 4587 Huudsehrilt.
1303 4533 1367 4610 Vgr.
1388 4530 1507 4590 31:152

204 4606 231 4665 S.
244 4607 301 4662 223
323 4608 443 4666 Auml.
