3625 5192
288 289 337 342 lus
666 286 926 354 Gesohinhtsqnellen
945 289 994 341 der
1012 287 1086 340 Pron.
1097 265 1230 341 Samson.

286 457 410 521 semper
430 435 488 500 t'uit
510 433 689 500 hominibus
710 435 836 499 virtutis
856 436 1018 517 studiosis,
1040 436 1103 500 iliis
1119 436 1234 517 invisa,
1255 436 1307 516 qni
1331 434 1438 498 virtuti
1460 434 1593 498 divitias

285 545 542 623 anteposuerunt,
563 539 631 602 sive
652 544 685 601 nt
706 539 817 621 epulas
839 538 996 602 instruant
1017 538 1147 616 lautius,
1174 538 1284 602 douros
1303 537 1451 602 edificent
1471 538 1592 618 magni-

285 642 443 721 ficentius,
466 647 571 705 vestes
593 649 704 723 parent
726 641 900 722 preciosas,
929 647 1034 705 soorta
1061 640 1149 704 aiant
1177 625 1246 705 sive
1271 647 1305 704 ut
1331 640 1449 704 divites
1478 640 1541 704 sint
1561 646 1593 702 et

287 743 472 809 habeantur.
514 743 639 807 Prostat
659 762 728 807 meo
742 741 860 806 indioio
880 742 1000 806 servire
1021 761 1102 819 eam,
1123 761 1217 824 quam
1240 749 1272 807 tu
1287 743 1396 821 servis,
1418 742 1594 825 Spaistiue,

285 846 469 910 servitutem
503 864 597 927 quam
630 843 741 909 ardere
777 843 981 926 inexplebili⁸
1013 844 1082 908 auri
1117 852 1213 926 atque
1246 846 1370 926 argenti
1407 842 1593 927 eupiditate.

286 948 391 1012 Animi
414 949 511 1026 bona,
541 947 678 1028 honest,
702 947 801 1012 virtus
826 955 858 1013 et
881 947 1016 1012 seientia
1038 946 1123 1030 apud
1145 954 1176 1010 te
1200 947 1304 1030 prima
1324 952 1406 1011 suut.
1448 946 1594 1011 secundo

286 1051 355 1115 loeo
377 1050 517 1133 eorporis
542 1049 707 1116 commoda
720 1048 828 1129 habes,
849 1048 882 1112 id
906 1055 962 1124 est,
984 1067 1077 1113 ouras
1097 1068 1135 1113 ae
1155 1049 1258 1114 uraris
1281 1048 1477 1114 benevaiore
1498 1068 1593 1130 (luam

286 1173 355 1217 esse
376 1152 476 1217 dives.
518 1151 586 1229 Que
609 1171 683 1216 vero
705 1151 993 1233 tortnnareguutur
1014 1158 1048 1214 nt
1069 1171 1155 1234 opes,
1177 1172 1215 1215 ea
1237 1150 1438 1216 mediocriter
1458 1159 1593 1234 spectas.

288 1257 360 1333 Qua
378 1254 409 1317 iu
432 1274 466 1318 re
488 1261 626 1322 nostrum
649 1253 825 1336 exemplum
851 1259 1051 1335 nostramque
1073 1254 1262 1319 sententiam
1284 1253 1419 1317 imitaris
1445 1261 1476 1316 et
1497 1253 1595 1317 omni-

287 1377 328 1422 no
350 1357 511 1441 sapienter
532 1357 613 1438 agis.
655 1355 832 1421 Predivites
855 1356 938 1419 enim
961 1355 1033 1419 tisri
1054 1356 1209 1436 simulque
1231 1356 1369 1440 optimos
1397 1355 1594 1437 impossibile

287 1466 344 1523 est.
392 1459 455 1524 Sed
486 1457 674 1523 ditissimum
701 1477 856 1540 quemque
877 1458 1048 1541 pessimum
1078 1476 1148 1522 esse
1177 1475 1307 1522 neeesse
1338 1462 1400 1536 est,
1433 1465 1467 1521 ut
1493 1459 1596 1521 eluoet

288 1561 495 1627 manifestem
506 1560 610 1636 moris,
623 1561 675 1642 qui
685 1560 791 1625 aliena
804 1580 914 1625 mensa
924 1560 1074 1642 gaudent,
1090 1579 1180 1625 suum
1193 1567 1227 1622 ut
1238 1559 1392 1641 impleant
1402 1560 1593 1641 granarium.

288 1663 492 1728 Plutarchus¹
516 1663 626 1728 scribit
636 1663 813 1746 Lyeurgum
836 1684 855 1726 a
878 1663 1002 1727 uiribus
1023 1661 1089 1726 suis
1109 1663 1345 1744 interrogatum,
1367 1661 1523 1743 quomodo
1541 1662 1595 1724 ob-

290 1766 403 1830 sistere
425 1765 568 1831 hostibus
578 1771 716 1849 possent,
739 1765 954 1848 respondisse:
974 1765 1007 1830 Si
1026 1783 1182 1848 pauperes
1203 1764 1274 1828 sitis
1290 1783 1348 1827 neo
1369 1765 1451 1828 inter
1472 1784 1527 1828 vos
1549 1763 1594 1826 vi-

289 1868 406 1950 cissim,
428 1874 461 1932 ut
481 1868 564 1935 alius
584 1867 647 1932 alio
669 1867 765 1932 ditior
786 1865 912 1947 evadat,
935 1866 1113 1931 decertetis.
1156 1866 1210 1930 Sie
1223 1864 1301 1930 i‘aoit
1321 1864 1364 1930 ad
1380 1865 1595 1930 tortitudinem

290 1970 407 2053 inopia.
449 1969 541 2034 Addo
563 1969 767 2034 huiusnmmo
787 1970 892 2052 legum
914 1969 1061 2052 scriptori
1071 1969 1216 2033 Solonem
1227 1969 1251 2048 2,
1272 1967 1326 2050 qni
1347 1967 1597 2033 Atheniensibus

290 2071 377 2156 leges
399 2073 477 2139 tulit.
521 2073 637 2138 Cantat
657 2073 768 2151 etiam,
790 2074 818 2136 si
841 2073 901 2136 deo
926 2072 1045 2155 piacet,
1065 2078 1173 2136 tantus
1201 2071 1248 2135 vir
1276 2080 1307 2136 et
1332 2070 1439 2154 lepide
1470 2069 1597 2152 quidem

291 2181 400 2240 eautat
421 2176 453 2240 in
476 2174 593 2240 divites
614 2195 671 2257 pro
692 2173 787 2239 laude
807 2194 997 2259 pauperum:

491 2314 574 2395 Seps
595 2311 697 2375 malus
719 2309 821 2391 dives,
843 2330 919 2395 sepe
940 2318 990 2376 est
1010 2300 1213 2396 pauperrime
1234 2313 1345 2390 virtus,

532 2413 591 2478 Ast
611 2433 671 2495 ego
694 2413 841 2477 virtutem
863 2415 986 2497 prefero
1007 2413 1139 2477 divitiis.

492 2516 551 2580 lua
573 2517 661 2598 viget
681 2535 805 2600 semper
826 2514 1002 2598 florensque
1023 2523 1055 2580 et
1076 2515 1186 2579 vivida
1206 2515 1309 2594 durat,

534 2617 600 2682 Has
622 2619 746 2682 tortura
769 2635 825 2682 suo
846 2619 965 2699 datque
987 2618 1134 2701 eapitque
1154 2617 1247 2682 modo

294 2754 337 2820 t't
347 2755 405 2819 hee
416 2754 596 2836 scriberem,
618 2753 937 2820 duet'ueruntcause:
959 2754 1060 2818 altera
1080 2755 1156 2836 quuia
1179 2773 1280 2838 nuper
1291 2754 1425 2836 iurgium
1437 2762 1504 2817 erat
1519 2755 1600 2817 inter

293 2855 377 2920 iovis
399 2857 559 2937 nepotes³‚
584 2857 654 2938 quis
676 2875 797 2940 pauper
818 2864 901 2920 esset
923 2855 1064 2935 olorinus,
1087 2857 1187 2920 altera
1207 2856 1414 2922 uti'rbanum
1432 2874 1599 2941 provocem

292 2959 332 3022 ad
360 2957 571 3040 colligendum
600 2978 679 3038 optus
711 2959 805 3023 breve
837 2959 877 3022 de
909 2957 1058 3022 laudibus
1094 2959 1301 3042 paupertatis.
1344 2957 1540 3022 Exeitamlus
1565 2977 1600 3022 es

291 3060 388 3134 enim,
417 3059 553 3125 Urbane.
596 3061 678 3126 Nam
702 3061 746 3126 ita
773 3080 843 3124 raro
870 3059 982 3124 scribis
1012 3059 1053 3124 ad
1080 3079 1145 3140 me,
1174 3069 1208 3123 ut
1238 3081 1389 3126 aeorrsare
1420 3069 1450 3124 te
1480 3058 1597 3143 possim

292 3161 486 3244 negligentis
508 3163 594 3245 apud
616 3182 692 3228 sane
714 3163 827 3228 urentis
849 3171 880 3226 et
902 3163 1016 3226 iustum
1037 3169 1133 3242 atque
1149 3161 1318 3228 hunrunum
1341 3162 1484 3227 indicem.
1527 3160 1600 3224 Pro-

295 3283 377 3346 pono
400 3263 459 3328 tibi
481 3263 561 3328 hane
583 3267 793 3346 questionem:
818 3268 866 3328 An
889 3283 999 3328 auruum
1021 3284 1126 3343 omne,
1148 3265 1232 3346 quod
1254 3265 1416 3330 saroterra
1442 3283 1600 3347 supraque

294 3375 409 3429 terram
432 3372 489 3437 est,
511 3368 687 3450 comparari
708 3368 807 3452 possit
828 3375 883 3430 arnt
906 3367 1023 3432 debeat
1040 3385 1108 3430 eum
1131 3388 1171 3432 ea
1192 3368 1290 3431 animi
1313 3365 1483 3449 voluptate,
1505 3385 1598 3447 ιμιιιιιι

294 3465 408 3532 eruditi
432 3467 574 3532 honrines
596 3468 635 3532 de
657 3469 817 3533 literarum
846 3468 1005 3534 suavitate
1026 3469 1140 3534 studiis
1168 3469 1377 3554 peruipiunt't
1422 3467 1496 3532 Tibi
1516 3487 1602 3545 vero,

364 3587 374 3613 ι
396 3593 579 3652 Finexpuuiu.
633 3577 645 3612 ¹¹
663 3594 696 3638 rs·
715 3593 803 3638 nuum
822 3593 917 3638 mus.

358 3811 368 3852 ¹
391 3813 503 3886 Lyeurg
531 3815 579 3868 19:
604 3807 750 3868 Φέρονται
778 3798 811 3869 δὲ
841 3807 934 3869 αὐτοῦ
954 3809 1005 3868 καὶ
1027 3801 1060 3869 δι’
1086 3811 1251 3870 ἐπιστολῶν
1277 3806 1440 3890 ἀποκρίσεις
1460 3815 1600 3872 τοιαῦται

295 3883 363 3970 πρὸς
381 3884 450 3960 τοὺς
471 3887 606 3960 πολίτας.
647 3869 720 3959 Πῶς
744 3881 780 3948 ἂν
805 3888 953 3969 πολεμίοιν
973 3880 1075 3970 ἔφοδον
1096 3882 1295 3972 ἀλεξοίμεθα;
1327 3889 1393 3965 ,,Ἄν
1414 3891 1531 3973 πτωγοὶ
1549 3892 1601 3951 καὶ

295 3963 337 4050 μ’),
348 3961 464 4050 μέσδων
485 3967 587 4050 ἅτερος
608 3967 731 4049 θατέρου
753 3969 839 4050 ἐρᾶτε
859 3961 960 4050 ἦμεν.“
1494 3963 1504 3974 “

356 4073 369 4114 ²
390 4077 494 4130 Poetae
514 4076 592 4146 lyrici
615 4078 716 4148 quaeri.
741 4077 807 4131 lieo.
827 4077 880 4130 Tu.
902 4076 1003 4148 Bergk.
1028 4078 1119 4148 Leipz.
1144 4078 1219 4132 1853
1242 4078 1268 4134 S.
1280 4079 1463 4134 sut-343:

499 4189 614 4250 Πολλοὶ
638 4186 695 4272 γὰρ
715 4192 875 4250 πλουτεῦσι
893 4189 989 4270 κακοί,
1011 4188 1127 4272 ἀγαθοὶ
1148 4183 1182 4252 δὲ
1202 4191 1340 4253 πένονται

495 4268 575 4330 Ἀλλ’
600 4267 682 4351 ἡμεῖς
705 4267 803 4340 αὐτοῖς
825 4268 857 4330 οὐ
885 4261 1107 4352 διαμειῦόρεθα

496 4349 559 4422 Τῆς
582 4348 687 4432 ἀρετῆς
708 4345 759 4410 τὸν
781 4352 919 4422 πλοῦτον,
944 4334 1008 4411 ἐπεὶ
1029 4345 1064 4410 τὸ
1079 4350 1132 4429 μὲν
1154 4343 1279 4432 ἔμπεδον
1302 4351 1348 4414 ἀεὶ

501 4425 650 4512 Χρήματα
671 4421 866 4511 δάνθρώπων
888 4426 1002 4492 ἄλλοτε
1020 4433 1112 4503 αλλος
1133 4434 1203 4515 ἐχει.

358 4532 372 4577 3
393 4537 429 4593 Su
451 4547 538 4593 neunt
560 4539 665 4592 Mutian
686 4539 761 4593 seins
784 4539 975 4594 Arntsbriider.
1017 4540 1080 4613 Vgl.
1101 4539 1147 4596 Br.
1169 4541 1215 4596 66.
1237 4541 1263 4597 S.
1276 4541 1307 4594 91
1331 4540 1414 4596 Arum.
1425 4541 1451 4597 9.
