3625 5192
655 380 743 452 arsere
761 378 880 451 utititas
898 395 957 450 ater.
977 389 1036 454 arr.
1467 387 1501 450 aa

196 561 324 629 operam
352 554 558 629 sumpserunt.
601 545 665 611 Sed
692 547 780 610 Deus
805 544 942 630 optinms
968 547 1123 610 maximus
1150 544 1281 610 salutem
1307 544 1350 610 ad
1377 547 1501 630 multos,

197 669 311 732 penam
332 649 374 713 ad
397 670 514 732 paucos
535 647 713 714 redundare
735 649 842 714 voluit.

1103 730 1242 810 Agamus
1263 731 1459 809 Agentestor.

269 819 447 864 llandsehriftl.
469 819 488 863 P
504 818 551 864 169
567 818 607 864 tor.
621 815 729 864 larv—
739 817 812 864 laer.

196 1115 275 1181 374.
298 1112 341 1185 ll.
363 1131 407 1180 an
431 1112 564 1183 llrban.
792 1111 925 1192 (Galba
938 1113 1033 1178 1514.
1060 1111 1157 1178 liurz
1171 1113 1500 1199 raribarbium).

265 1260 327 1306 unt.
346 1260 416 1304 lehnt
434 1259 473 1304 sur
491 1258 544 1303 sich
563 1258 619 1302 eino
639 1257 782 1312 Einlndnng
801 1273 855 1303 anm
877 1259 950 1304 Peste
970 1259 1012 1304 rlcs
1033 1259 1055 1304 h.
1076 1255 1171 1305 Adelur·
1189 1259 1239 1304 ilud
1259 1260 1301 1304 des
1322 1261 1345 1306 h.
1358 1261 1441 1306 Euhan
1462 1262 1503 1322 ab,

197 1331 285 1377 nirrrrnt
305 1330 341 1375 sio
359 1330 419 1375 aller
440 1331 478 1375 rur
499 1329 586 1374 soinan
606 1329 723 1373 Famulus
741 1343 782 1372 an.
820 1329 870 1373 heo
892 1329 922 1375 X.
942 1330 977 1374 sei
997 1330 1163 1398 einIGiinuur
1184 1330 1324 1376 llerrehlius.

276 1449 434 1528 Ollicioso,
456 1448 564 1532 probo,
588 1455 699 1512 sancto
725 1449 852 1513 Urbano
874 1448 967 1531 patri,
990 1447 1127 1526 donrino,
1151 1449 1255 1513 tutori.

275 1556 307 1618 S.
352 1552 471 1616 lmitas
489 1571 540 1617 me
560 1550 602 1614 ad
623 1551 885 1614 solemnissimam
908 1551 1124 1614 celebritatem
1147 1570 1357 1634 pompamque
1379 1559 1503 1636 septen-

195 1657 321 1720 naleml
343 1673 445 1736 neque
466 1654 581 1731 solum,
604 1652 660 1717 sed
682 1661 714 1716 et
735 1652 879 1716 Publium
902 1659 934 1717 et
953 1653 1156 1733 Vulcanum-¹,
1179 1672 1281 1735 neque
1303 1655 1372 1719 siue
1394 1675 1501 1736 eausa,

194 1756 251 1823 sed
273 1764 307 1822 ut
327 1754 460 1840 cupidos
481 1775 582 1821 rerum
596 1773 757 1820 novarum.
801 1753 970 1834 Debemus,
992 1753 1157 1836 mehercle,
1180 1755 1238 1818 tibi
1260 1755 1327 1820 viro
1352 1755 1502 1822 bonorum

195 1859 388 1924 amicissimo
409 1865 441 1921 et
462 1858 634 1922 amicorum
655 1858 774 1940 optimo
800 1862 832 1921 et
858 1857 939 1922 inter
959 1863 1106 1938 utrosque
1127 1857 1357 1940 probatissimo.
1408 1859 1502 1924 Facis

195 1963 278 2028 enim
300 1979 362 2024 uon
385 1965 420 2022 ut
440 1959 596 2042 plerique,
625 1960 681 2040 qui
702 1965 823 2022 tantum
845 1957 962 2022 divites
988 1965 1098 2023 arnant
1124 1959 1174 2024 vel
1202 1961 1307 2043 potius
1333 1979 1440 2024 aymare
1468 1979 1517 2048 se,

194 2063 358 2141 simulant,
388 2061 445 2125 sal
466 2063 567 2126 ceiam
589 2081 646 2125 nos
667 2061 761 2126 sortis
781 2060 888 2124 intime
909 2061 1167 2125 constantissima
1188 2061 1412 2126 benevolentia
1434 2081 1503 2146 pro·

195 2166 336 2248 sequeris
356 2171 396 2237 et,
417 2165 566 2246 utplane,
587 2163 794 2243 qrrodseutio,
815 2163 991 2242 enuncicm,
1011 2170 1132 2246 patrem
1153 2164 1224 2244 agis
1245 2165 1329 2228 onrni
1351 2185 1390 2228 ex
1412 2173 1502 2248 parte

194 2266 502 2349 indulgentissimum
517 2266 799 2348 etpientissimum.
842 2265 932 2342 erod
945 2273 1048 2330 autem
1066 2265 1108 2330 ad
1129 2286 1177 2330 me
1195 2266 1318 2346 attinet,
1338 2267 1501 2332 sciendum

194 2376 329 2433 estnon
356 2366 502 2432 omnibus
530 2367 641 2431 eadem
668 2367 795 2450 plaeere
827 2385 887 2430 uec
915 2367 1089 2445 convenire
1109 2368 1245 2449 quidem.
1291 2369 1408 2434 Vellem
1436 2377 1500 2434 tam

193 2472 281 2534 ferax
303 2475 387 2534 esset
407 2469 590 2534 lectioribus
610 2468 700 2533 libris
721 2470 831 2550 ibrum,
853 2474 886 2532 ut
906 2469 988 2534 siout
1008 2468 1081 2533 aliis
1102 2469 1176 2550 alia,
1199 2471 1244 2534 ita
1266 2470 1344 2534 mihi
1366 2471 1500 2552 quedam

194 2574 363 2657 placerent.
404 2571 487 2635 Nam
499 2571 539 2636 de
553 2571 678 2637 essibus
693 2577 783 2638 tenes
794 2570 900 2653 probe,
923 2571 998 2652 quid
1013 2571 1090 2634 mihi
1103 2571 1256 2636 videatur.
1299 2572 1388 2636 Nihil
1400 2593 1501 2637 moror

194 2675 262 2740 rita
288 2675 428 2752 funetoS,
458 2673 520 2737 nisi
547 2673 610 2738 sibi
637 2693 751 2738 nomeu
777 2673 953 2738 immortale
977 2673 1092 2737 alardiis
1125 2681 1157 2737 et
1184 2673 1311 2756 ingenio
1339 2676 1501 2759 peperisse

194 2776 349 2841 dieantur.
391 2775 473 2839 lllud
494 2795 569 2839 vero
583 2776 690 2840 verius
709 2794 875 2858 puerorum
887 2794 958 2838 esse
974 2781 1005 2840 et
1017 2776 1204 2840 feminarum
1223 2785 1253 2840 et
1273 2777 1501 2860 mancipiorum

193 2877 419 2962 spectaculum,
438 2884 562 2941 nostros
583 2877 685 2942 eciam
707 2876 897 2941 domesticos
918 2877 996 2942 nihil
1019 2879 1123 2962 magis
1144 2898 1257 2961 cupere
1275 2898 1369 2960 quam
1392 2880 1500 2942 ridere

193 2979 236 3061 id,
256 2979 299 3043 ad
320 2979 403 3060 quorl
425 2985 457 3043 tu
480 2999 534 3043 eos
555 2999 678 3044 evocas.
723 2979 834 3043 Verum
851 2979 1010 3048 enimvero
1031 2979 1109 3042 mihi
1131 2979 1225 3060 longe
1248 2980 1313 3043 alia
1334 2999 1422 3045 meus
1443 2988 1500 3044 est.

194 3081 313 3162 Vagari
334 3081 418 3146 euim
439 3102 501 3146 nou
522 3081 614 3146 decet
634 3080 749 3163 probos
769 3081 1002 3160 adulescentes,
1030 3083 1083 3144 rix
1109 3089 1212 3146 tamea
1237 3083 1364 3146 retineri
1386 3084 1500 3165 poterit
1531 3149 1538 3162 ‚

193 3183 323 3246 Publius
345 3189 377 3247 et
397 3183 480 3247 votis
500 3183 592 3248 huius
613 3202 761 3262 annuam,
782 3191 816 3246 ut
837 3189 902 3247 tote
922 3182 1073 3266 deinceps
1091 3203 1174 3246 anno
1196 3183 1237 3246 ad
1259 3201 1399 3247 mensam
1422 3182 1500 3246 mihi

193 3285 327 3349 fabellas
358 3285 475 3350 referat
504 3285 545 3350 de
577 3292 667 3349 tauta
697 3286 906 3369 speetaeione.
959 3284 1053 3348 Dicet
1089 3285 1148 3350 tibi
1180 3285 1298 3349 lanus3
1327 3285 1367 3348 de
1400 3283 1499 3348 barba

194 3386 321 3451 Christi.
362 3387 441 3466 Olre,
463 3387 567 3469 qualis
588 3388 702 3452 barba!
744 3387 927 3452 Detestatnr
949 3385 1091 3450 Christus
1112 3385 1308 3450 irrendaeinm
1332 3395 1363 3450 et
1393 3393 1498 3450 tamen

193 3507 286 3554 uerno
302 3492 451 3554 mentitur
471 3490 574 3570 uragis
595 3489 794 3572 impudenter
814 3509 907 3571 quam
931 3489 1048 3554 Christi
1070 3488 1226 3553 sacerdos.
1268 3488 1337 3569 Ego
1359 3489 1496 3552 tunicam

193 3598 225 3656 et
248 3592 379 3656 barbam
402 3599 434 3655 et
454 3592 633 3675 preputium
654 3612 715 3655 uon
739 3593 815 3666 colo,
840 3592 941 3655 Deum
958 3592 1026 3655 eolo
1041 3593 1209 3671 virentem,
1231 3593 1284 3672 qui
1299 3609 1400 3671 neque
1418 3593 1498 3654 tuni-

194 3701 283 3757 catus
320 3713 420 3776 ueqrre
453 3694 603 3758 barbatus
630 3713 732 3775 neque
765 3694 861 3757 ullum
891 3695 983 3757 terris
1016 3693 1193 3775 preputium
1227 3692 1382 3774 reliquit:
1410 3691 1497 3756 Vale.

257 3945 267 3985 ¹
289 3949 353 4020 Vgl.
376 3950 421 4007 Br.
434 3949 503 4003 375.

255 4045 269 4087 2
290 4051 343 4104 Eia
362 4052 468 4106 Dieuer
489 4052 626 4119 Mutians,
652 4069 705 4106 von
727 4052 790 4104 dem
813 4050 862 4103 wir
882 4068 942 4103 zum
966 4055 1056 4102 ersten
1079 4048 1151 4103 Male
1174 4049 1201 4102 in
1223 4048 1312 4101 cinern
1334 4046 1426 4100 Briefe
1450 4047 1498 4100 des

193 4129 311 4184 Publius
331 4150 366 4186 an
388 4133 484 4187 Urban
506 4134 579 4202 (vem
604 4132 647 4186 15.
671 4131 728 4185 Mai
752 4131 840 4190 1514)
863 4136 947 4185 etuas
970 4131 1063 4184 hiiren.

256 4228 270 4269 3
291 4233 375 4288 lanus
385 4235 514 4305 Urbicus,
535 4236 585 4288 der
604 4233 703 4287 Osteru
721 4233 798 4285 1514
820 4251 869 4287 aus
889 4232 1012 4286 blutians
1024 4233 1157 4285 Dicustcu
1180 4231 1250 4284 nach
1268 4229 1362 4282 Erfnrt
1383 4228 1497 4283 znriick—

192 4312 326 4383 gekehrle
349 4315 528 4368 Laudsurann
548 4315 666 4370 Urbane.
708 4313 903 4384 Vgl.13r.249
926 4313 950 4369 S.
965 4313 1021 4366 3⁴27
1045 4313 1126 4366 Anm.
1142 4314 1165 4366 l.

252 4409 266 4451 ⁴
289 4416 396 4470 blutiau
424 4419 501 4472 hatte
527 4415 630 4488 'genias
657 4416 702 4468 die
733 4415 831 4469 bestcn
860 4417 916 4468 und
950 4416 1101 4469 sichcrstcn
1131 4413 1318 4468 Noelrrichten
1346 4411 1414 4464 iiber
1444 4412 1496 4464 den

193 4494 417 4550 Renelrlinschen
441 4497 557 4552 Pruccss
575 4499 631 4550 und
652 4497 697 4549 die
717 4495 875 4566 Slimmung
901 4497 930 4548 in
953 4495 1022 4548 Rern
1050 4496 1136 4548 dirrch
1161 4495 1299 4563 Petrejus,
1324 4493 1372 4544 der
1392 4491 1499 4544 lehhast

194 4575 246 4627 urit
266 4577 368 4630 seiuem
387 4579 491 4631 Lehrer
513 4579 569 4630 und
582 4578 708 4630 Preunde
730 4571 995 4646 korrespemlier·te.'
1020 4576 1076 4629 lieo
1098 4575 1126 4628 Χ
1145 4577 1221 4628 hatte
1243 4574 1293 4628 auf
1314 4572 1358 4624 die
1380 4571 1497 4640 erselgte

192 4657 372 4725 Appellatiou
395 4659 443 4711 hin
464 4659 508 4712 die
528 4659 657 4712 Parteieu
678 4657 728 4710 auf
750 4658 803 4710 den
825 4658 851 4710 8,
871 4657 939 4710 luni
960 4657 1086 4726 geladeu.

243 4759 609 4810 superemmensxvm.
1280 4749 1296 4800 3
