3625 5192
329 360 386 414 278
701 355 961 424 Gesclricbtsqnellen
979 357 1027 412 der
1045 355 1119 414 Pron.
1137 355 1260 411 Sechscu.

411 507 523 588 Neque
540 505 675 570 Bembi¹
694 524 797 586 neque
815 504 959 582 aliorum,
983 523 1065 586 quac
1087 503 1239 588 petivisti,
1260 503 1398 568 invenio.
1440 503 1550 570 salum
1572 501 1644 586 plu-

273 686 276 693 ,
331 611 463 675 rimata
485 607 626 690 impertit
646 606 849 672 Bernhardus
862 605 1082 687 ‚Himreldinst
1100 611 1215 670 noster.

1090 725 1288 808 Georgius
1308 725 1557 808 Spoletinus.

402 867 479 915 esur.
505 861 530 928 r)
547 865 615 914 nea,
635 866 677 913 nu.
697 867 739 914 or.
758 867 946 914 ccv-cer.
983 865 1009 920 a)
1028 865 1070 912 uz.
1092 865 1143 912 aar
1164 880 1202 926 sp.
1221 863 1283 915 uus.
1305 861 1330 912 s.
1350 864 1462 912 sr-sa.
1588 851 1592 856 '

886 1042 933 1048 —-
963 1041 1039 1048 --o--u-
1051 1043 1083 1046 —

335 1179 421 1250 603.
444 1176 488 1244 ll.
510 1194 557 1243 an
577 1173 769 1242 Frlcdrlch
790 1173 867 1246 derr
880 1172 1035 1243 Welscn.
1218 1171 1365 1256 (tiotlra)
1384 1173 1478 1240 1521.
1500 1171 1642 1244 ldtrnl.

402 1319 464 1366 Mart.
488 1319 626 1378 t'roblockt,
649 1317 699 1364 den
718 1318 806 1362 duatus
823 1316 903 1362 Jonas
925 1316 964 1361 liur
981 1313 1143 1373 Wittsnberg
1164 1314 1202 1360 sls
1224 1314 1374 1374 Nschsolger
1393 1313 1477 1360 dees
1501 1327 1642 1372 gcwouuen

334 1406 364 1437 zu
383 1390 465 1436 baben
484 1390 536 1436 und
554 1389 605 1434 will
626 1388 665 1434 t'dr
682 1387 769 1434 seirren
787 1385 840 1432 Tcil
859 1401 920 1445 geru
939 1385 966 1432 in
977 1385 1061 1432 (lotha
1081 1385 1171 1445 altcrn,
1191 1383 1265 1431 dabei
1283 1384 1344 1430 aber
1362 1383 1450 1431 immor
1468 1384 1523 1430 dem
1542 1384 1643 1430 Rnhmc

333 1461 415 1508 scines
436 1459 631 1506 landesiiirstsn
649 1457 749 1505 dienen.

413 1571 708 1639 Christianissimo³
729 1569 907 1652 principum
929 1567 1118 1633 electorum·
1138 1568 1213 1634 divo
1234 1569 1410 1650 Fridericc,
1431 1568 1504 1635 duci
1525 1571 1645 1636 dueum

333 1675 503 1753 Saxoniae,
525 1680 659 1757 patrono
679 1691 810 1751 summo,
831 1669 1135 1751 obsequentissimus
1155 1669 1324 1736 blutianns

413 1776 508 1841 Salus
535 1782 644 1840 eterna
675 1780 707 1839 et
733 1792 825 1838 omne
855 1772 969 1837 bonum
995 1771 1028 1836 in
1049 1771 1175 1837 Christo
1201 1772 1332 1851 lbesu,h
1354 1774 1387 1836 in
1409 1773 1499 1838 cuius
1519 1772 1646 1841 ditione

334 1885 407 1946 sunt
431 1877 538 1944 omnia
569 1895 669 1960 regna
696 1883 857 1940 terrarum.
914 1873 1031 1956 Magne
1056 1874 1204 1958 princeps
1228 1880 1260 1938 et
1287 1874 1404 1940 elector
1432 1876 1648 1956 serenissime,

337 1981 433 2045 totius
454 1979 579 2063 imperii
599 1988 706 2063 pater,
733 1976 886 2041 babemus
909 1977 1058 2040 lonamrt
1092 1975 1182 2040 Talis
1207 1995 1369 2042 successor
1391 1977 1551 2062 Henningi
1575 1979 1647 2044 ubi-

333 2102 395 2164 que
415 2084 447 2145 in
469 2080 555 2146 omui
576 2079 749 2146 Germania
767 2078 944 2162 querendus
971 2084 1055 2157 erat,
1084 2078 1180 2142 etiam
1201 2079 1331 2162 premiis
1353 2075 1550 2146 alliciendus.
1594 2082 1647 2146 lta

333 2182 514 2264 theologiae
534 2181 703 2261 consultus,
726 2182 771 2245 ita
788 2181 998 2263 iurisperitus,
1016 2178 1063 2243 ita
1082 2180 1221 2246 moribus
1242 2182 1371 2262 sanctis,
1393 2191 1428 2246 ut
1449 2183 1572 2247 laudari
1588 2205 1647 2266 pro

334 2286 446 2350 merito
464 2303 623 2366 nunquam
644 2283 724 2348 satis
746 2283 855 2367 possit.
897 2283 932 2348 ln
952 2281 1051 2346 sacris
1072 2281 1278 2347 concionibus
1301 2284 1342 2346 ad
1364 2285 1514 2368 populum
1536 2305 1575 2350 ea
1596 2294 1649 2350 est

334 2387 520 2466 autoritate,
541 2394 576 2449 ut
593 2385 698 2468 plenis
717 2383 844 2467 templis
860 2383 1024 2466 audiatur,
1045 2403 1084 2448 ea
1105 2384 1289 2450 celebritate
1309 2385 1394 2469 apud
1416 2385 1589 2466 studiosos,
1612 2397 1648 2451 ut

338 2494 520 2554 sexcentos⁰
539 2487 658 2552 habeat
678 2486 847 2550 auditores.
890 2485 1081 2550 Notissimns
1102 2485 1276 2552 reverendo
1298 2487 1381 2569 patri
1402 2487 1550 2571 stupido,
1570 2489 1648 2554 cho-

335 2591 477 2655 rissimus
503 2588 613 2653 divino
642 2587 788 2653 Martino.
835 2587 920 2665 Quid
950 2587 1080 2652 multis?
1129 2587 1409 2670 Vuittcmbergael
1434 2587 1489 2654 diu
1514 2589 1649 2670 studuit,

337 2691 610 2772 Vuittembergam
639 2697 726 2754 amat
751 2700 783 2755 et
804 2689 907 2754 libens
928 2690 1063 2754 mutabit
1083 2689 1193 2756 sedem
1212 2690 1467 2774 Erphordianam
1489 2691 1648 2775 demigra-

335 2801 422 2856 turus
442 2791 485 2857 ad
506 2792 819 2874 Vuittembergenses
838 2791 1024 2871 canonicos,
1050 2810 1144 2873 quam
1174 2792 1307 2876 primum
1329 2791 1450 2858 l'avom
1470 2799 1503 2858 ct
1522 2796 1649 2877 gratiae

336 2902 410 2958 tuae
431 2894 594 2976 placuerit.
630 2894 711 2959 'lale
731 2900 948 2959 ornamentum
970 2892 1057 2958 chori
1079 2902 1110 2958 et
1132 2893 1240 2975 schole,
1261 2913 1383 2959 summa
1403 2915 1473 2959 cum
1490 2893 1649 2962 electione

336 2996 496 3077 accipient
524 2995 669 3061 doctores
695 3006 728 3061 et
760 2994 933 3061 studentes.
985 2994 1073 3076 Fiet,
1103 3004 1188 3060 certo
1223 2996 1304 3074 scio,
1336 2995 1451 3079 ingens
1476 3015 1650 3064 concursus

337 3097 440 3181 plebis
470 3097 513 3161 ad
543 3097 734 3164 audiendum
769 3096 998 3184 predicatorem
1031 3096 1148 3162 Christi
1184 3098 1272 3162 uelut
1302 3098 1434 3161 alterum
1465 3097 1650 3166 Lntbcrum.

336 3199 467 3265 Gratias
490 3219 553 3282 ago
574 3199 710 3265 Domino
731 3199 812 3274 Deo,
833 3201 886 3280 qui
910 3199 1020 3278 nobis,
1042 3199 1105 3263 imo
1127 3207 1201 3264 tuae
1221 3199 1409 3265 sublimitati
1428 3199 1522 3264 talem
1544 3201 1650 3266 virum

337 3302 428 3367 dedit
448 3301 580 3384 dignum
602 3301 713 3383 quovis
735 3301 922 3385 episcopatu
973 3301 1161 3382 Cogitabam
1181 3299 1221 3365 de
1242 3300 1389 3380 Erasmc,
1417 3300 1474 3366 sed
1496 3300 1652 3370 Erasmus

336 3413 459 3468 tautum
485 3405 603 3468 scribit.
654 3403 715 3466 Hic
744 3411 851 3468 noster
875 3404 967 3468 lonas
994 3403 1069 3466 viva
1096 3423 1173 3467 voce
1201 3401 1330 3487 prodest
1351 3403 1506 3467 omnibus.
1555 3403 1651 3470 Hunc

338 3505 436 3570 offero
465 3526 521 3587 pro
549 3524 622 3568 mea
643 3505 675 3568 in
700 3513 731 3570 tc
751 3503 813 3570 lide
832 3513 984 3587 munnam
1006 3505 1153 3570 idoneum
1175 3504 1368 3589 prepositum
1392 3505 1536 3568 luterum.
1578 3505 1651 3588 Ego

340 3607 451 3690 paucis
474 3613 640 3671 contentus
665 3607 698 3670 in
721 3607 781 3672 bac
809 3615 863 3672 tua
889 3608 1047 3689 Duringia
1070 3607 1193 3672 vicinus
1215 3608 1331 3689 llassic,
1355 3613 1461 3689 nostre
1480 3627 1650 3672 consenes-

339 3727 409 3772 cam
439 3716 471 3772 et
496 3714 594 3770 totum
619 3707 677 3773 hoc
699 3711 802 3773 ocium
833 3729 936 3774 meum
961 3709 1003 3772 ad
1030 3710 1165 3791 gloriam
1187 3708 1341 3773 Fridcrici
1366 3729 1428 3773 non
1456 3709 1525 3774 sino
1545 3709 1652 3774 tinctu

410 3849 513 3916 a(lurp,
532 3859 642 3905 electori
705 3842 727 3878 ἰ’
745 3861 819 3917 Corp.
837 3859 901 3905 lesu.
979 3859 1081 3918 ο0οη).
1101 3859 1247 3905 sexcenties.
1323 3841 1408 3904 “l'oa
1426 3859 1478 3904 bier
1496 3857 1532 3904 bis
1550 3858 1650 3905 studuit

337 3927 401 3984 sebit
419 3929 451 3972 im
470 3928 542 3987 t'orp.
613 3921 624 3948 ⁰
642 3928 716 3988 Corp.
736 3935 778 3975 tuo
796 3928 875 3974 birrtcr
892 3929 980 3976 lavor-l.

403 4183 413 4226 ¹
438 4189 531 4245 Uobcr
555 4192 609 4244 don
631 4189 813 4243 llunrauistcu
844 4190 941 4244 l‘ctrus
969 4189 1091 4245 Bombos
1120 4189 1356 4259 ,tlte-1511)
1383 4191 1437 4262 vgl.
1460 4189 1571 4264 Geiger.
1593 4192 1651 4248 Re-

341 4269 483 4322 naissnruur
504 4271 561 4322 rrud
584 4269 790 4334 llumarrisurus,
811 4272 836 4323 S.
849 4270 916 4324 ⁸224.

402 4346 416 4385 ²
438 4349 500 4417 vet.
523 4348 637 4403 tarsos
659 4351 677 4401 S
698 4350 752 4400 391
774 4350 891 4403 Arum‘2.

402 4424 417 4468 3
438 4429 563 4500 Spalatiu
589 4431 637 4484 hat
661 4430 715 4483 deu
740 4429 820 4483 Bricf
845 4429 1074 4486 iibcrscbricbeu:
1106 4429 1249 4485 Counadus
1269 4430 1411 4486 blutianus
1438 4433 1471 4485 ad
1493 4432 1649 4504 principem

342 4518 466 4563 nostrum
487 4510 581 4563 divum
602 4509 781 4576 liridcricum,
803 4510 901 4563 ducem
925 4507 1058 4564 Saxorriae
1082 4511 1230 4566 electorem
1252 4527 1302 4581 pro
1322 4509 1400 4566 lusto
1422 4511 1491 4568 Iona
1512 4519 1617 4568 nostro.

350 4601 352 4605 ·
404 4584 503 4660 tvgr.
526 4588 648 4645 saeua.
668 4589 734 4643 sor.
761 4587 827 4646 coa.
