3625 5192
317 326 370 383 238
685 324 945 397 Geschichtsqnellen
964 327 1012 383 der
1030 326 1108 384 Prov.
1130 326 1255 385 Sucbsen.

399 476 528 540 Salvum
560 481 591 540 ts
620 495 700 557 esse,
726 478 833 541 omnia
861 496 900 542 ex
927 478 1027 541 animi
1049 478 1094 541 tui
1116 478 1291 543 sententia*
1318 478 1376 543 tibi
1397 477 1577 558 succedere,
1597 479 1625 544 si

316 600 378 645 non
401 577 602 643 vehementer
622 578 756 661 gaudeo,
780 578 922 643 blutiane
943 580 1154 662 observande,
1180 581 1310 645 minime
1331 582 1470 645 omnium
1492 581 1626 646 valeam.

315 681 433 747 Retulit
448 678 526 743 mihi
541 679 683 745 Cordus1
704 682 832 763 egregie
847 688 878 745 tc
891 680 985 746 istbic
996 682 1213 766 philosophari
1232 689 1265 745 et
1285 682 1375 764 quasi
1399 683 1483 747 intra
1503 701 1625 766 pomoe-

316 786 396 850 rium
424 802 540 863 rurare,
569 782 676 847 bortos
695 784 807 849 colere.
834 783 945 848 domos
967 783 1186 864 exaedificare,
1215 804 1286 849 eum
1311 784 1449 867 denique
1470 784 1627 849 hominem

315 906 421 970 agere,
443 905 537 968 quem
560 886 614 967 qui
637 904 733 967 agere
751 906 813 951 non
835 887 953 969 cupiat,
975 886 1018 951 sit
1028 888 1165 951 omnium
1176 886 1390 952 stultissimus.
1432 886 1503 951 Non
1524 887 1627 970 potnit

316 1008 403 1070 mea,
430 988 590 1068 blutianc,
625 988 817 1055 infelicitas?
842 988 882 1050 ad
907 987 1003 1053 istam
1030 990 1115 1053 vitae
1140 990 1307 1073 pervenire
1336 989 1626 1071 tranquillitatem,b

316 1112 410 1175 quam
432 1099 465 1155 tu
488 1110 568 1155 unus
586 1096 693 1155 nostro
713 1096 853 1173 ternpore
872 1092 1071 1156 sanctissime
1093 1091 1171 1156 colis
1192 1097 1287 1173 atquc
1308 1090 1389 1157 adeo
1411 1092 1626 1155 lacisimmor·

315 1195 422 1259 talem.
463 1192 500 1256 ln
526 1212 590 1274 qua
618 1192 716 1256 ctiam
744 1194 831 1257 velut
858 1194 940 1258 alter
967 1192 1153 1259 Timotheus
1181 1193 1273 1275 quasi
1302 1193 1462 1259 dormiens
1482 1194 1626 1258 fortunae

315 1295 520 1361 nibilominus
531 1296 612 1359 retia
633 1294 738 1360 tendis
760 1304 792 1359 et
811 1294 931 1377 alioqui
953 1296 1215 1378 tergiversantem
1237 1295 1344 1360 heram
1368 1297 1430 1361 tuis
1448 1295 1520 1361 istis
1541 1296 1626 1361 blan-

316 1398 457 1463 dissimis
481 1396 648 1463 lenociniis
670 1398 717 1461 sio
738 1396 906 1470 demulces,
932 1404 966 1461 ut
987 1398 1064 1462 velit
1090 1398 1169 1462 nolit
1188 1397 1321 1479 obsequi
1344 1405 1482 1479 cogatur.
1525 1396 1626 1475 Quam

314 1520 440 1585 precor,
462 1500 610 1581 quoniam
630 1500 734 1563 amica
756 1500 813 1564 tibi
835 1507 892 1579 est,
919 1507 1086 1581 postquam
1106 1502 1186 1565 satis
1206 1499 1423 1565 dissuaviatus
1442 1500 1558 1579 lucris,
1586 1498 1628 1563 ad

316 1622 374 1667 nos
396 1621 534 1685 quoque,
562 1608 596 1665 ut
621 1600 785 1665 nobiscum
805 1601 963 1681 lasciviat,
985 1602 1103 1667 mittas.
1150 1602 1241 1668 Adeo
1262 1604 1345 1667 enim
1365 1602 1492 1667 videtur
1512 1602 1628 1667 nostri‘

316 1706 426 1778 oblita,
449 1711 483 1767 ut
506 1704 606 1787 penel
627 1702 737 1767 vivere
760 1703 890 1785 ignoret.
932 1704 1025 1768 Anno
1052 1704 1207 1788 superiori
1229 1704 1400 1771 deridebas
1419 1704 1539 1769 fatuam
1561 1704 1627 1769 bes

316 1809 404 1889 tiam,
428 1825 510 1869 nunc
530 1806 686 1870 fortunam
708 1804 805 1871 multo
827 1805 1071 1887 magistratuum
1094 1813 1160 1870 tam
1181 1806 1324 1871 efflictim
1345 1807 1482 1890 deperis,
1510 1806 1630 1870 utalia

317 1910 410 1974 l'acile
438 1907 544 1972 omnia
572 1907 726 1989 negligas.
777 1908 841 1974 Sed
872 1908 1025 1974 haetenus
1052 1909 1150 1976 iocari
1178 1928 1263 1973 more
1290 1918 1396 1974 nostro
1422 1908 1525 1974 libuit.
1567 1907 1629 1985 Qui

319 2011 377 2076 tibi
401 2011 497 2075 hasce
518 2011 627 2075 literas
647 2009 761 2089 reddit,
784 2010 901 2076 irater³
926 2030 1096 2093 germanus
1122 2019 1171 2076 est
1192 2011 1300 2075 uxoris
1320 2029 1418 2088 meae,
1444 2009 1539 2075 bomo
1568 2010 1631 2073 mei

316 2113 410 2179 valde
439 2112 606 2177 studiosus.
656 2111 738 2175 Huic
766 2112 839 2177 dedi
865 2113 964 2177 etiam
990 2111 1180 2178 mosellanis
1208 2112 1375 2196 epistolam
1404 2110 1447 2192 ad
1471 2118 1503 2176 te
1529 2129 1631 2194 nuper

318 2216 394 2281 mibi
424 2216 562 2281 missam.
611 2213 746 2294 Addidi,
780 2234 874 2295 quam
903 2214 946 2279 ad
974 2235 1023 2279 me
1050 2222 1082 2280 et
1112 2215 1292 2280 Petreium⁵
1320 2214 1373 2277 ille
1406 2213 1537 2297 scripsit
1567 2232 1630 2277 non

319 2318 415 2383 aliam
436 2317 476 2382 ob
498 2327 662 2381 caussam⁰
685 2334 779 2397 quam
798 2323 833 2380 ut
853 2316 976 2393 videas,
996 2317 1073 2399 quid
1094 2317 1135 2381 de
1157 2323 1263 2381 nostro
1280 2316 1405 2381 lluteno
1425 2323 1458 2381 et
1478 2336 1529 2381 me
1550 2314 1631 2381 iudi-

315 2425 374 2486 cet.
416 2419 566 2501 Magnum
589 2425 645 2499 cst,
672 2418 823 2497 blutianc,
849 2426 881 2483 et
906 2419 1047 2497 gloriosa
1070 2437 1120 2484 res
1142 2419 1266 2484 Huteno
1293 2417 1359 2483 lieri
1381 2436 1506 2500 parem,
1531 2418 1629 2482 multo

314 2522 483 2604 gloriosius
505 2520 668 2585 excellere.
710 2518 760 2584 Tu
781 2522 856 2603 quid
880 2521 1002 2585 sentis?
1050 2521 1141 2585 Nosti
1163 2521 1337 2604 Capnionis
1356 2520 1512 2603 elogium,
1535 2520 1630 2599 nosti,

316 2624 393 2706 quid
420 2622 585 2685 Hutenus⁶
614 2620 693 2685 milri
710 2623 839 2687 tribuat.
881 2623 979 2687 Ouios
1000 2623 1177 2706 epistolam,
1199 2624 1348 2705 quoniam
1370 2622 1532 2708 superiore
1552 2630 1630 2687 tem·

317 2744 401 2810 pore,
423 2742 492 2789 cum
514 2743 554 2788 cx
568 2722 757 2805 Georgianis
772 2724 916 2790 vallibus
931 2724 972 2788 ad
988 2731 1019 2790 te
1029 2724 1240 2805 divertissem,
1261 2726 1391 2807 legerel
1410 2746 1471 2791 non
1489 2725 1630 2803 voluisti,

317 2828 414 2893 etiam
436 2845 519 2889 nunc
540 2826 664 2889 remitto
686 2844 811 2907 oroque,
833 2832 867 2889 ut
887 2832 1051 2908 utramque
1072 2826 1243 2907 diligenter
1263 2828 1362 2910 legas.
1404 2826 1490 2893 Ecce
1509 2834 1629 2910 pertur-

318 2929 400 2995 babo
421 2927 564 2993 nonnibil
586 2928 848 3009 tranquillitatem
868 2934 965 2994 tuam.
1006 2928 1145 2994 Obruam
1167 2934 1200 2993 te
1220 2927 1330 2995 literis.
1372 2927 1425 2992 Da
1445 2928 1523 2991 mibi
1546 2927 1630 2992 banc

315 3050 453 3116 operam,
479 3029 521 3093 mi
545 3028 642 3107 Rufse,
670 3028 822 3094 suffurare
844 3030 1003 3094 tantillum
1024 3030 1097 3111 ocii,
1125 3029 1201 3093 dum
1223 3029 1313 3113 legas
1333 3030 1406 3095 ista
1448 3029 1522 3093 Non
1545 3029 1630 3093 enim

316 3133 388 3199 volo
414 3132 500 3217 apud
526 3139 558 3196 te
584 3133 729 3215 gloriari,
755 3132 811 3197 sed
839 3132 897 3197 tibi
920 3132 1061 3215 Apollini
1090 3152 1160 3197 meo
1182 3137 1302 3197 tantum
1330 3131 1505 3212 ostendere,
1535 3150 1629 3213 quam

317 3237 377 3301 sim
403 3234 620 3322 huiuscemodi
646 3234 807 3318 popularis
833 3254 932 3299 aurae
966 3233 1101 3316 cupidus
1127 3240 1302 3298 assectator
1328 3252 1429 3315 eaque
1457 3232 1498 3298 de
1522 3254 1570 3312 re,
1599 3231 1630 3296 si

316 3338 450 3441 possim,
477 3338 642 3421 praeclara
664 3344 847 3418 extorquere
872 3335 1002 3400 iudicia.
1043 3335 1176 3411 Nostin',
1203 3334 1337 3400 Ionam8
1357 3334 1505 3400 iuvenem
1533 3334 1628 3418 plane

389 3499 474 3553 “Lib
494 3505 537 3553 nlt.
554 3507 691 3551 ssntsntta.
746 3485 810 3548 Ι’Τπ
829 3504 1037 3563 tranquilitatem.
1107 3497 1171 3550 ο’15
1194 3503 1274 3551 nostri
1291 3503 1400 3551 videtur.
1466 3490 1533 3549 “Ta
1555 3501 1627 3549 bene.

322 3570 333 3597 θ
354 3576 387 3623 Tu
406 3574 458 3623 arrd
475 3576 548 3621 Buce
567 3587 674 3621 censam.

384 3846 394 3887 1
418 3846 523 3905 Cordus
551 3847 650 3919 sprach
676 3846 819 3901 vicllcicht
846 3844 897 3901 auf
924 3847 1014 3901 seiner
1040 3845 1122 3902 Reice
1143 3864 1198 3901 von
1224 3846 1291 3901 oder
1313 3845 1387 3900 nach
1407 3842 1516 3914 Kassel,
1536 3859 1577 3897 wo
1597 3858 1631 3895 er

319 3930 425 3985 damula
444 3929 491 3983 fuir
511 3929 595 3984 kurne
616 3928 676 3983 Zeit
695 3929 744 3981 das
764 3926 899 3981 Rektorat
919 3928 996 3981 einer
1016 3926 1118 3982 Schulc
1139 3926 1306 3996 bekleidete,
1328 3926 1374 3981 bei
1394 3924 1502 3979 Mutian
1523 3941 1579 3977 sor.

380 4006 393 4048 ²
414 4010 452 4063 Er
472 4010 549 4064 butte
570 4010 644 4064 noch
665 4008 764 4062 immor
784 4007 867 4062 locine
888 4006 1036 4063 Professur
1056 4009 1085 4061 in
1107 4007 1202 4061 Erfurt
1222 4008 1339 4077 erlangt

379 4086 657 4145 3Wshrscheinlich
682 4088 782 4142 Adelar
802 4086 907 4157 Spatcr.
949 4087 1011 4159 Vgl.
1032 4088 1148 4143 Krause.
1190 4086 1222 4140 R
1243 4086 1349 4141 Hessos
1368 4088 1389 4141 Ι.
1410 4084 1476 4144 140,

380 4166 395 4209 l
417 4170 460 4225 Ob
482 4170 541 4223 dies
566 4168 613 4225 Nr.
636 4168 692 4223 559
714 4186 848 4240 genesen,
870 4185 945 4222 musa
966 4168 1050 4221 dahin
1071 4168 1183 4239 gestellt
1206 4166 1327 4223 bleiben.

380 4246 394 4289 5
415 4250 486 4305 Dass
508 4250 635 4321 Petrejus
656 4248 708 4303 mit
728 4248 863 4302 Mosellam
884 4249 974 4302 nither
992 4247 1117 4302 bekannt
1137 4264 1199 4316 war,
1219 4247 1292 4301 lchrt
1311 4246 1357 4300 Br.
1373 4245 1429 4299 562
1450 4244 1476 4299 S.
1486 4244 1555 4301 226.

383 4326 396 4368 ⁰
419 4330 511 4386 Ucbcr
544 4331 593 4386 das
623 4328 761 4400 damulige
791 4326 952 4385 Verhltltnia
981 4328 1103 4383 Huttens
1132 4344 1166 4381 zu
1197 4326 1227 4381 E.
1254 4327 1360 4381 Heesus
1390 4326 1443 4397 vgl
1470 4326 1578 4379 Krausc
1606 4322 1633 4380 Ι.

383 4488 480 4547 ⁷Wic
501 4490 609 4546 Mutian
630 4490 700 4545 iiber
718 4489 825 4543 Huttcn
847 4488 957 4557 dachte,
974 4486 1048 4559 neigt
1065 4487 1125 4541 sich
1146 4487 1175 4541 in
1196 4485 1243 4541 Br.
1257 4484 1314 4542 543
1337 4485 1365 4543 S.
1379 4484 1446 4541 208.

380 4568 395 4612 ⁸
414 4572 512 4629 duatus
532 4572 628 4631 donas.
669 4570 733 4642 Vgl
753 4567 800 4625 Br.
813 4567 871 4623 342
892 4566 921 4623 S.
935 4567 994 4622 435
1013 4566 1096 4621 Anna
1108 4565 1137 4621 4.
