3625 5192
659 363 747 424 llriele
767 362 886 425 blutiaus
904 367 961 424 iss.
982 361 1040 424 tile.
1454 359 1504 424 195

199 513 456 588 Hersbaccbum¹
479 519 738 602 nomine,'meum
760 519 905 584 vicinum.
950 520 1063 585 Evasit
1076 521 1165 586 exilii
1185 519 1347 588 molestias
1367 529 1399 588 ct
1418 514 1503 605 quic·

199 625 275 708 quid
297 623 498 690 formidabile
512 623 636 688 civibus
646 625 796 704 imminet.
840 624 904 690 Sed
919 625 994 707 qnia
1006 625 1111 688 subito
1124 626 1262 689 decessit
1273 625 1360 690 nullo
1370 624 1505 692 ecclesie

198 729 315 794 viatico
336 727 483 806 exereitus,
505 725 686 792 sacerdotes
708 727 874 810 legacione
895 727 1036 792 frustrati
1057 727 1290 792 calumniantur
1311 734 1342 791 et
1364 735 1506 793 mussant

198 832 305 896 nescio
326 831 417 913 quid,
446 831 556 912 quasi²
580 849 653 895 vero
673 833 763 894 nelias
785 831 826 893 sit
855 829 952 908 mori,
982 831 1043 893 nisi
1066 831 1124 894 des
1145 829 1228 894 clero
1250 831 1432 912 qnestoario
1455 830 1504 896 vel

197 933 362 1018 pecuniam
387 933 436 997 uel
459 933 579 1018 predia.
625 933 671 996 lta
693 934 778 1016 cepit
799 951 868 998 esse
889 930 964 995 cleri
985 931 1127 996 avaricia
1149 930 1307 996 notabilis.
1348 931 1439 1012 Fuit,
1472 942 1505 998 nt

198 1038 229 1100 in
252 1035 368 1101 fabulis
388 1035 531 1117 legimus,
554 1037 607 1116 qui
631 1033 781 1098 blandum
803 1035 865 1099 sibi
885 1035 1031 1099 catellum
1050 1035 1348 1117 publicoeemiterio
1368 1037 1505 1100 inferret.

197 1139 375 1223 Episcopus
393 1139 521 1203 multam
534 1139 601 1204 uiro
618 1141 708 1203 dixit.
751 1140 793 1203 At
815 1139 868 1204 ubi
888 1139 1013 1219 legasse
1035 1137 1098 1201 sibi
1118 1156 1230 1201 canem
1250 1128 1441 1202 tflorenosl
1461 1139 1506 1202 iu·

197 1241 333 1306 tellexit:
356 1241 563 1323 „quiescat“,
586 1241 697 1324 iuquit,
719 1241 771 1323 „in
785 1243 893 1324 pace.“
937 1241 971 1304 Si
985 1239 1507 1324 uxordcl'unctilingeretlegatum

198 1364 268 1410 esse
289 1343 409 1426 aliquid
434 1346 564 1426 nostris,
590 1365 651 1410 non
674 1345 898 1410 cauillarentur
919 1351 952 1408 et
973 1350 1048 1427 puto
1075 1342 1121 1408 ita
1143 1344 1304 1408 facturam.
1348 1341 1434 1426 Ego,
1463 1345 1507 1410 mi

200 1447 345 1528 Urbane,
371 1455 521 1512 converto
547 1447 689 1512 nonuibil
710 1445 761 1512 de⁴
773 1447 874 1512 latino
897 1447 929 1510 in
951 1445 1173 1511 teutonismnur
1197 1445 1317 1528 ingenii
1338 1447 1507 1513 exercendi

199 1569 306 1614 eausa.
355 1548 471 1614 Errant
497 1549 616 1614 indocti
646 1549 776 1614 verbum
804 1569 821 1614 e
848 1549 946 1614 uerbo
974 1549 1196 1632 exprimentes
1244 1547 1315 1614 Non
1345 1558 1449 1634 potest
1475 1550 1509 1616 id

199 1671 340 1718 nonense
353 1652 514 1718 insulsum.
551 1651 698 1745 Exempli
710 1653 828 1736 gratia:
852 1654 973 1733 „Actor
991 1651 1252 1734 sequaturlomm
1272 1651 1317 1715 rei
1325 1653 1365 1698 “²
1384 1651 1508 1718 dieunt:

197 1753 280 1834 „der
291 1755 478 1838 zusprecber
492 1756 557 1819 salc
577 1755 685 1836 lolgen
701 1754 773 1820 dem
786 1755 909 1820 marckt
918 1755 976 1818 des
988 1753 1210 1835 beetagtcuffl,
1235 1761 1386 1836 munnam
1407 1755 1507 1820 lorum

199 1857 359 1939 significet
389 1857 488 1922 soluur
518 1876 579 1940 eyn
601 1857 727 1922 rnarck‘
748 1865 779 1922 et
808 1877 869 1921 nou
899 1858 996 1922 etiam
1026 1856 1165 1922 tribunal
1191 1875 1247 1920 seu
1277 1857 1508 1922 consistorium.

200 1951 330 2024 Crotus‘
360 1968 466 2025 noster
495 1961 570 2024 olim
602 1960 685 2024 dixit
716 1959 758 2024 ad
790 1959 1078 2041 Eogelmannum³z
1111 1958 1221 2040 „Date
1247 1959 1341 2025 nobis
1372 1959 1414 2027 de
1439 1961 1510 2026 oleo

199 2065 335 2126 vestro“.
377 2063 548 2136 Pecuniam
570 2063 742 2146 postulauit
764 2081 837 2126 usus
859 2062 1077 2127 ecclesiastica
1102 2061 1322 2145 perplexitate.
1365 2063 1510 2127 Nummio

200 2166 324 2246 egebat,
347 2186 407 2230 ιιιιιι
430 2166 507 2229 oleo.
550 2164 618 2242 Que
639 2165 771 2229 vesania
792 2171 840 2228 est
865 2184 927 2226 rum
950 2164 995 2228 uti
1019 2163 1155 2248 propriis
1178 2163 1353 2229 vocabulis!
1400 2165 1476 2230 Vale
1485 2177 1507 2230 ¹.

270 2311 450 2359 llandschriltl.
473 2311 537 2359 Fert
557 2311 596 2358 lol.
612 2311 767 2358 etr-esu.
824 2310 899 2356 (ladr.
919 2309 943 2356 b.
962 2309 995 2355 Ta
1015 2311 1038 2357 8.
1054 2309 1165 2356 72-73
1188 2325 1233 2356 ron
1252 2309 1374 2368 Georgius
1391 2310 1510 2358 Srseiaer

184 2380 237 2444 ¹bio
257 2397 307 2428 erton
327 2384 441 2432 suebum.

271 2490 363 2536 suu.
385 2491 417 2535 ue
435 2490 526 2548 Quare.
586 2473 650 2534 ”ua
670 2502 745 2536 utrum
764 2488 891 2533 neroum.
946 2479 1009 2531 sue
1027 2487 1082 2532 mu
1152 2472 1217 2531 “ua
1237 2486 1371 2543 beauapel.
1447 2480 1509 2538 {re

203 2561 302 2606 ultro-etr.
376 2545 385 2580 s
407 2562 430 2604 ,lr'
444 2560 493 2604 ιιιιιΙ
513 2560 544 2604 Ἰἶτ
563 2559 672 2605 Trottru.
744 2551 757 2585 ἵ
781 2558 845 2602 hildi
864 2557 901 2602 bo·
921 2557 961 2603 Tx.

202 2729 402 2738 ———-.-—--

265 2841 275 2882 ¹
300 2841 510 2916 Eulclxeustoin‚
533 2839 656 2894 Historie
677 2857 731 2894 uon
753 2837 876 2892 Erffurth
894 2837 925 2896 S.
942 2837 1000 2890 488
1020 2836 1099 2892 t'ribrt
1121 2837 1220 2907 „Horra
1240 2837 1430 2907 Hirscbbaclr‚
1453 2837 1513 2893 aun

202 2925 255 2980 deu
277 2925 385 2996 Anger,
407 2922 505 2978 Senior
525 2923 580 2976 und
599 2919 725 2976 iunior·“
747 2926 828 2974 urrter
848 2921 900 2972 dou
922 2935 971 2972 ans
992 2917 1088 2972 Erl'urt
1106 2917 1272 2988 gellolrenen
1293 2919 1444 2974 Patriaiern
1465 2937 1509 2976 an.

202 3005 305 3060 Friedr.
326 3006 391 3060 lob.
408 3003 551 3074 Herspaeb
574 3019 623 3056 aus
638 3001 732 3055 Erfurt
752 3001 877 3055 eruiihnt
897 2999 943 3053 die
958 2998 1244 3054 Studentenmatrilnel
1264 2997 1364 3054 Ostern
1381 2999 1468 3058 1489.

263 3099 276 3142 ²
298 3103 356 3158 Aue
378 3101 490 3158 Decreti
512 3101 634 3156 secundo
653 3106 716 3170 part
743 3096 833 3152 Causa
852 3097 902 3167 Xl‚
916 3098 941 3153 9.
962 3097 986 3167 1,
1002 3096 1079 3151 clb.

262 3195 429 3255 8Νἰιιοὶιιιιε
450 3198 623 3270 Engelmmrn
645 3215 700 3252 war
721 3196 904 3251 Mainziseber
925 3194 1058 3266 Magister
1082 3193 1217 3265 coquinae
1242 3196 1310 3250 oder
1324 3193 1509 3266 coquinarius

202 3301 235 3336 zu
256 3281 352 3335 Erlurt
371 3281 427 3334 und
448 3279 532 3334 sornit
554 3279 603 3332 der
625 3277 795 3348 Naebfolger
812 3295 869 3330 -von
893 3276 1014 3329 blotiano
1035 3274 1142 3330 Brnder
1162 3275 1274 3330 Johnnn
1286 3275 1354 3330 blut
1394 3275 1432 3330 Er
1450 3284 1508 3330 ent-

202 3361 330 3416 wickelte
359 3361 386 3414 in
410 3361 513 3414 diesem
535 3359 639 3413 scinom
660 3357 743 3412 Aurte
771 3357 832 3410 cino
859 3357 973 3410 rastlose
994 3353 1160 3426 Thottgkett
1186 3357 1242 3409 und
1270 3363 1369 3410 wnsste
1398 3357 1508 3411 ixbomll

202 3443 246 3497 die
268 3442 423 3496 intercessu
448 3440 538 3494 selues
559 3439 649 3492 llerru
669 3437 815 3509 geschickt
835 3453 868 3490 an
888 3443 1034 3490 ventretea.
1075 3436 1128 3489 Eln
1149 3435 1290 3490 Denlxmal
1310 3437 1401 3490 eeiner
1414 3437 1508 3492 Wirlr-

203 3523 321 3578 aamkeit
343 3523 410 3592 liegt
430 3522 458 3575 in
479 3521 541 3574 dem
563 3526 752 3590 sogenauuton
774 3517 1055 3589 Eugclmaunsbuelre
1076 3535 1134 3584 vor,
1152 3516 1181 3569 in
1203 3517 1265 3570 dem
1287 3534 1317 3570 er
1337 3517 1399 3572 eine
1419 3518 1507 3573 releb-

205 3604 308 3674 baltige
331 3601 618 3670 Zusammenstelluug
643 3617 695 3654 von
724 3597 878 3654 L'rlxnndeu
909 3598 965 3650 und
992 3596 1081 3650 Acten
1106 3596 1176 3650 iiber
1194 3597 1248 3651 ’die
1269 3596 1394 3652 Erfurter
1418 3597 1506 3653 (iliter

204 3683 469 3738 uudGorecbtsame
490 3681 539 3736 deo
554 3679 676 3736 Mainaer
691 3679 860 3733 Erebist-ums
882 3679 937 3731 urrd
958 3677 999 3731 als
1020 3677 1257 3731 interessenteste's
1278 3676 1366 3732 Stiiek
1391 3677 1507 3748 „Uoler-

205 3765 277 3818 ricbt
298 3764 387 3818 ciuem
410 3780 499 3818 neuen
522 3760 756 3815 Kilebenmcister
776 3777 808 3812 zu
827 3757 943 3812 Erlnrt“
965 3757 1059 3811 bictet
1100 3757 1283 3812 Ausfdbrlicb
1304 3759 1419 3814 bandelt
1439 3760 1508 3814 iiber

205 3845 252 3899 ilm
274 3844 306 3898 Α.
327 3843 359 3898 L.
381 3844 399 3899 J
428 3843 593 3896 Miebelseu:
621 3841 680 3895 Der
701 3839 823 3894 Muinzer
844 3839 904 3892 Hol
928 3856 961 3891 zu
980 3838 1076 3891 Erfurt
1096 3855 1141 3891 am
1164 3837 1313 3909 Ausgnngc
1334 3839 1383 3894 des
1403 3839 1508 3895 Mittel·

204 3925 296 3980 altcrs.
337 3925 409 3979 lena
431 3923 516 3977 1855.
558 3921 664 3976 Mutiau
688 3937 743 3974 wm-
763 3938 817 3990 erig
843 3919 895 3972 ruit
920 3919 986 3972 dem
1005 3917 1176 3989 Nncblolger
1200 3919 1291 3974 selues
1311 3921 1506 3975 serstorbeneu

205 4005 324 4060 Bruders
345 4004 516 4060 befreuudet.
559 4001 703 4058 Michaelis
728 4000 803 4052 1504
830 3999 894 4052 liess
916 3999 975 4052 oieb
996 3999 1045 4052 der
1067 3997 1147 4052 nieht
1174 3999 1253 4053 mchr
1267 4001 1355 4070 junge
1377 3999 1508 4055 Kiicbeu·

206 4087 317 4140 meister
344 4085 385 4155 (er
403 4085 482 4138 stand
502 4084 609 4137 damalo
630 4082 656 4136 in
679 4082 731 4134 (lou
753 4080 885 4150 vieraiger
905 4077 1021 4146 Jalrrcn)
1045 4078 1088 4132 bei
1111 4079 1160 4131 der
1183 4079 1355 4134 llnivoraitilt
1375 4081 1507 4136 imrnatri·

204 4166 337 4224 lurrlieren.
381 4165 417 4218 Eo
438 4165 525 4218 lrelsst
543 4181 596 4218 von
617 4163 673 4215 ihm
698 4163 724 4214 iu
745 4158 1087 4214 dchtudentcnmatrilrel
1100 4159 1308 4229 (Weissenborn
1326 4155 1364 4229 ll,
1384 4161 1409 4215 S.
1422 4159 1507 4227 dett:

206 4247 342 4300 Dominus
368 4245 500 4300 Nicolaus
526 4244 698 4312 Eugeluuum
726 4243 759 4294 xlc
788 4239 971 4296 Noweudorll'.
1000 4239 1151 4309 'Magister
1175 4241 1294 4309 coquiue
1319 4243 1395 4296 curie.
1420 4243 1508 4298 orubi-

204 4328 325 4398 episcopi
348 4325 512 4396 Moguutini.

758 4527 958 4536 ..-..-.--.-
