3625 5192
642 347 731 406 Briefc
752 346 871 406 blattam
894 349 950 406 144.
971 351 1028 406 145.
1438 349 1490 406 207

178 499 438 584 terarlepatroni
454 499 660 583 disputemus.
684 501 848 568 ¹Athletas
863 502 1022 564 Sablnns¹
1045 499 1240 566 etCassins2
1262 502 1489 586 responderunt

179 604 307 693 omnlno
329 611 428 667 artem
450 601 603 667 ludicram
627 623 687 667 non
711 605 825 682 t'acere,
848 603 1067 668 rlrtntisenim
1084 604 1196 685 gracia
1218 604 1276 668 boc
1296 605 1410 669 facere.
1451 605 1492 668 m

180 707 369 788 generaliter
408 707 455 770 lta
476 725 585 770 omnes
617 707 786 790 opinantur
817 713 849 770 ct
884 707 960 770 utile
987 706 1126 778 ridetur,
1159 714 1192 769 ut
1227 727 1329 789 ueque
1350 709 1490 790 tyrnelici

179 829 280 890 neque
314 809 428 890 xystici
469 828 526 872 nec
563 811 737 888 agitatores
777 829 834 886 qcc
863 810 915 891 qui
950 828 1065 890 aquam
1097 809 1187 890 equis
1220 819 1375 891 spargunt
1409 816 1491 874 cete-

180 931 277 993 raque
308 931 414 975 eornm
445 912 636 991 ministeria,
669 913 723 993 qni
756 911 982 976 certaminibus
1015 912 1116 974 sacris
1146 911 1338 990 deserviunt,
1360 913 1492 993 ignomi-

182 1015 266 1078 nlosi
296 1014 479 1079 habeantur.
528 1013 738 1096 ercrls,'qni
770 1014 833 1078 sint
862 1014 1051 1094 agitatores,
1079 1015 1175 1094 quire
1200 1022 1354 1098 spargant
1376 1035 1491 1097 aquam

181 1118 279 1199 equis.
322 1117 382 1180 Per
395 1117 568 1197 agitatores
586 1116 769 1197 aurigantes
787 1115 939 1196 intellige.
983 1115 1098 1180 l'iebat
1110 1116 1141 1179 iu
1164 1117 1356 1195 spectaculis
1368 1117 1491 1200 sparsio

182 1217 313 1300 liquoris
335 1218 466 1283 odorati.
510 1217 609 1283 Erant
622 1219 728 1300 igitur,
750 1219 1011 1300 qulodoratorias
1030 1236 1131 1298 aquas
1153 1219 1185 1280 in
1204 1217 1491 1302 ludisspargerent.

180 1319 297 1384 Notavi
320 1321 378 1385 tibi
401 1322 501 1386 locum
530 1322 562 1384 in
585 1321 760 1402 Caligulas.
803 1319 861 1384 Vel
883 1321 1058 1401 agitatores
1079 1327 1167 1399 srrnt,
1193 1321 1246 1400 qui
1269 1341 1326 1404 per
1347 1323 1489 1386 catadro-

180 1425 284 1488 muml
306 1423 483 1488 decurrrnrt.
527 1423 574 1486 lle
588 1443 649 1505 qna
660 1423 846 1487 decursione
868 1422 1005 1503 formitur
1024 1423 1263 1488 iurisconsultus
1285 1426 1316 1488 in
1339 1426 1431 1488 titulo
1452 1425 1492 1488 de

180 1525 360 1590 actionibus
382 1526 488 1609 empti.
532 1525 615 1588 Nam
636 1525 755 1590 diversi
778 1524 843 1588 ludi
865 1532 939 1588 sunt
961 1525 1122 1607 bigarum,
1151 1526 1440 1609 quadrigarumque
1461 1536 1492 1591 et

152 1625 412 1718 ‚decurslounm
459 1629 493 1690 ln
515 1627 599 1692 circo
622 1626 760 1692 cruuules
783 1627 848 1690 ludi
870 1626 1054 1692 edebantur.
1097 1628 1232 1692 scenica
1253 1637 1285 1692 et
1306 1629 1491 1693 bistrionica

181 1722 443 1813 disciplina‘etsi
476 1731 597 1794 lucrosa
633 1738 716 1794 esset
743 1729 973 1814 probrosaque,
1000 1730 1174 1810 agitatores
1202 1740 1306 1794 tamen
1342 1733 1374 1796 in
1399 1751 1490 1795 sacro

184 1833 373 1914 certamine,
397 1833 516 1914 idest,
545 1833 594 1896 rel
626 1835 727 1898 instar
753 1833 934 1914 aurigarum
963 1851 1070 1897 errrrns
1091 1841 1238 1915 regentes
1261 1833 1310 1896 vel
1332 1843 1493 1914 equestres

185 1943 239 1999 aut
262 1936 425 2020 pedestres
451 1935 634 2000 decursores
661 1936 794 2000 infantes
821 1954 883 1998 uon
906 1942 1006 1998 erant.
1049 1935 1222 2015 Nequeii,
1244 1937 1296 2016 qui
1319 1938 1351 2000 in
1370 1935 1491 2020 amphi-

187 2038 309 2102 theatro
337 2039 436 2102 solum
463 2046 494 2101 ct
522 2039 673 2102 subsellia
703 2039 796 2120 aquis
823 2037 930 2102 odor-is
958 2045 1208 2121 perspergcrcnt.
1263 2038 1492 2120 Deslgrmtores

183 2147 254 2204 sunt
276 2147 436 2205 curatores
457 2146 613 2204 tuncrum:
644 2141 826 2220 libitinarii,
856 2140 1058 2224 pollinctores
1084 2139 1134 2203 rel
1162 2140 1267 2222 potius
1289 2144 1420 2225 prefecti
1447 2142 1491 2205 ln-

182 2243 292 2308 dorum
320 2243 512 2319 funebrium,
542 2245 595 2326 qui
622 2253 721 2308 artem
738 2243 902 2308 ‚ludicram
931 2264 992 2306 non
1019 2243 1139 2306 faciunt
1169 2250 1278 2307 arrtore
1302 2243 1439 2325 l'lplano
1461 2251 1492 2306 et

183 2345 298 2418 Oels0,⁵
320 2345 374 2409 sed
392 2348 598 2410 ruinisterium
612 2353 760 2411 exercent
771 2353 866 2427 atque
882 2345 954 2408 ideo
966 2345 1097 2409 infantia
1109 2365 1170 2410 non
1183 2353 1338 2410 notantur.
1376 2347 1492 2410 Scribit

182 2446 374 2530 Marcellus,6
395 2447 478 2530 quod
494 2449 713 2514 ictuslirstium
732 2449 893 2512 infamiam
908 2469 969 2511 noo
982 2449 1139 2532 importet,
1163 2447 1219 2511 sed
1239 2467 1346 2526 causa,
1368 2455 1494 2529 propter

183 2569 276 2630 quam
306 2550 337 2615 id
367 2536 433 2634 pati
461 2553 582 2615 meruit.
626 2551 692 2615 llec
718 2551 893 2632 castigacio
914 2558 1045 2617 vocatur
1064 2552 1258 2615 fustuarium.
1300 2551 1362 2628 Qui
1383 2553 1493 2615 relicto

163 2691 164 2694 =
184 2653 323 2736 presidio
344 2655 450 2733 lugam
474 2656 624 2739 capessit,
644 2655 829 2719 fustuarium
851 2662 997 2720 merctur.
1038 2654 1130 2716 Scins
1147 2653 1180 2717 in
1198 2653 1350 2718 crnnllite
1364 2673 1491 2717 carrsarn

183 2775 252 2820 esse
272 2755 487 2839 spectandam.
530 2757 641 2822 Omnis
662 2765 766 2821 autem
788 2775 885 2820 causa
905 2764 960 2820 aut
981 2756 1152 2839 impulsiva
1172 2763 1221 2820 est
1242 2763 1276 2819 ut
1298 2757 1354 2834 ira,
1376 2757 1492 2833 odium,

184 2867 239 2922 aut
260 2859 459 2922 racionatira
481 2869 514 2922 ut
533 2859 661 2936 lucrum,
685 2858 853 2923 hereditas.
895 2859 1044 2922 Preterea
1065 2864 1113 2921 est
1134 2877 1231 2922 causa
1252 2859 1401 2939 efficiens
1423 2879 1492 2923 eum
1567 2880 1571 2887 ·

184 2959 332 3024 dicimus:
356 2962 411 3026 illa
434 2961 559 3025 racione
579 2968 767 3042 provocatus
789 2967 846 3041 est,
868 2970 923 3024 aut
941 2959 1099 3024 adiuvans
1120 2968 1151 3025 et
1172 2961 1262 3042 quasi
1284 2963 1492 3025 accessorium

186 3071 240 3127 aut
260 3064 440 3146 prohibens.
486 3064 593 3145 ltaque
615 3063 711 3146 probe
733 3063 811 3127 dicit
836 3062 1003 3127 lllarcellus
1030 3083 1158 3127 causam
1172 3065 1324 3143 ,fustuaril
1347 3065 1492 3144 probrum

184 3165 303 3231 afferre.
348 3167 467 3231 Probas
496 3173 526 3230 tc
553 3166 613 3230 iuri
637 3165 714 3230 dare
743 3185 870 3249 operum
894 3184 1073 3248 proponens
1100 3165 1208 3229 nescio
1229 3165 1304 3247 quid
1326 3167 1366 3228 de
1387 3168 1493 3249 Appio
1532 3155 1557 3232 J

185 3269 328 3350 Claudio,
350 3289 441 3350 quem
464 3269 695 3353 centimanum*
717 3267 870 3350 appellas.
918 3267 980 3331 ttes
1009 3274 1058 3332 est
1087 3268 1220 3351 protrita
1248 3275 1280 3332 et
1306 3271 1492 3350 grammati-

254 3375 266 3401 ³²
284 3380 309 3423 F
320 3379 498 3425 rerrtinianurn.
1096 3385 1100 3395 “

190 3482 391 3489 ----.---

250 3551 259 3592 ¹
282 3555 343 3624 Vgl.
368 3555 438 3610 iiber
458 3555 505 3608 ihu
524 3553 620 3610 Rata
643 3553 668 3610 S.
682 3553 718 3608 53
741 3555 821 3608 Anm.
835 3554 860 3610 4.

249 3631 262 3673 ‘²
285 3634 315 3691 d.
338 3633 449 3690 Cassius
472 3635 623 3706 Longinus,
646 3633 749 3689 Consul
770 3636 819 3690 des
839 3636 939 3691 deleres
960 3635 1017 3689 tus
1039 3655 1065 3706 p.
1087 3655 1115 3697 u,
1137 3655 1171 3705 e,
1194 3655 1249 3692 war
1268 3637 1312 3692 cin
1334 3638 1495 3694 beriilrmter

186 3715 437 3786 Rechtsgelehrter.
1201 3774 1208 3790 ‚

248 3791 262 3834 3
283 3795 396 3868 Sueten,
419 3794 545 3867 Caligula
568 3796 612 3851 55.
654 3796 792 3868 Agitutcri
815 3796 943 3866 Eutycho
969 3797 1163 3853 coruissationc
1183 3801 1300 3869 qrradam
1323 3801 1350 3853 iu
1372 3804 1494 3872 apopho-

187 3877 252 3931 retis
272 3877 358 3932 ricies
378 3879 533 3932 sestertium
555 3877 682 3933 contulit.
1305 3939 1310 3948 Ι

251 3953 265 3996 4
288 3957 405 4028 Digesta
425 3958 504 4030 xlx,
527 3959 552 4013 1.
574 3957 625 4011 54:
647 3957 719 4012 Puta
737 3957 810 4011 enim
834 3975 896 4012 eum
918 3955 1004 4012 fuisse
1025 3976 1143 4024 servum,
1164 3960 1211 4029 qui
1235 3979 1285 4030 per
1305 3965 1493 4018 catadromum

190 4039 410 4094 descendere...
432 4039 529 4092 solitus
546 4045 624 4093 esset
666 4038 750 4092 Diese
769 4039 854 4092 Stelle
877 4039 913 4092 ist
933 4057 983 4092 aus
1003 4039 1096 4094 dolius
1112 4040 1217 4094 Paulus
1238 4050 1424 4099 entucunncrr.

246 4115 260 4156 5
286 4119 403 4173 Publius
425 4119 567 4173 luventius
596 4117 693 4172 Celsus
714 4119 822 4172 hcisscu
850 4118 915 4174 an'ci
946 4119 1188 4191 Rechtsgclelrrtc,
1215 4123 1301 4176 Vatcr
1326 4126 1381 4177 nrrd
1410 4125 1495 4192 Solm,

187 4217 241 4254 non
260 4201 350 4253 denen
368 4200 418 4254 der
438 4200 499 4254 eine
521 4209 602 4253 unar-
615 4199 776 4269 Vcspasiau,
797 4200 846 4252 der
866 4201 976 4266 andere,
999 4201 1062 4254 weit
1077 4201 1262 4271 ber-iihmtcre,
1283 4206 1495 4260 uutcrlladrian

188 4281 270 4336 lebtc.
315 4280 367 4333 Die
392 4279 477 4333 Stella
503 4281 552 4334 der
579 4279 713 4350 Digesten
742 4278 808 4348 (ΙΙΙ,
828 4279 853 4334 ⁶2.
872 4277 913 4349 4,)
940 4281 1042 4334 lactet:
1072 4282 1270 4352 Ileslgnutcrcs
1290 4292 1399 4350 rudem,
1426 4306 1496 4356 qnos
1530 4349 1532 4353 ¹

189 4360 288 4415 Graeci
312 4348 478 4436 βραβευτάς
499 4361 649 4430 appellant,
670 4367 757 4414 artem
781 4360 913 4414 ludicuun
935 4380 989 4414 nou
1011 4361 1102 4416 faeere
1123 4361 1219 4416 Celsus
1236 4365 1344 4435 probat,
1365 4366 1430 4436 quia
1447 4369 1494 4420 rni-

156 4473 160 4480 ·
188 4441 331 4495 nistcrium
355 4460 409 4494 non
429 4449 514 4494 mrem
538 4441 669 4494 ludicrum
695 4449 846 4496 extu-ceant.

250 4517 264 4560 ὓ
289 4522 404 4590 Digesta
421 4522 567 4589 lll,‘2,‘2·.’.
593 4521 740 4574 Marcellus
764 4521 832 4575 libro
852 4521 974 4575 seeundo
995 4521 1179 4591 publicorum.
1222 4525 1299 4580 lctus
1320 4527 1435 4582 fustium
1456 4530 1496 4582 in·
1589 4561 1593 4572 ·

188 4602 301 4658 fanniam
322 4615 378 4656 uon
396 4601 535 4673 importat,
559 4604 606 4656 sed
628 4619 710 4656 causa
725 4609 839 4672 propter
860 4619 944 4672 quam
966 4601 995 4655 id
1014 4604 1071 4672 pati
1093 4605 1200 4659 meruit.
