3625 5192
263 292 267 300 “
335 308 386 364 aaa
706 309 966 378 cesesrcuraquaan
984 311 1033 363 aar
1052 309 1126 364 cmv.
1146 311 1269 365 senaa

336 457 500 540 persuasit.
544 456 689 520 Primarii
711 457 855 522 consules
877 457 1084 524 Colonusfet
1105 459 1308 542 Hartungns2
1329 460 1437 526 etalii
1461 435 1642 525 constantes

333 561 364 624 in
387 559 545 624 sententia
566 559 701 642 pristina
723 579 932 640 permansere.
974 561 1118 626 Ceterum
1134 562 1351 643 Brengbirus³
1373 569 1404 627 et
1420 562 1457 627 H.
1479 569 1638 628 eteorum

332 681 483 744 sequaces
511 661 646 744 corrupti
679 661 813 742 pecunia
841 660 974 725 Lotiana
1005 662 1129 726 lotium
1158 665 1249 745 mibi,
1283 665 1428 749 precibus
1462 665 1654 749 principum

333 767 407 828 olim
431 763 605 846 acceptatis
625 770 656 826 et
677 761 842 828 ratificatis
865 763 1052 828 vilissimam
1084 765 1251 830 simoniam
1281 768 1484 850 pretulernut.
1526 768 1642 848 Cogita

334 876 376 945 tu,
398 885 459 950 quar
481 865 513 928 id
534 867 631 928 liram
653 866 768 931 animo.
811 865 900 930 Vale.

405 959 584 1033 ramanent.
596 986 674 1033 rum
697 987 737 1033 ar.
754 987 857 1034 ruar-
869 987 947 1034 rtav.

335 1280 407 1348 lut.
429 1279 473 1346 ll.
496 1296 541 1345 an
562 1277 694 1344 Urban.
826 1275 960 1358 (liotba
971 1276 1069 1343 1512.
1102 1276 1463 1348 llurarracbdcmltl.
1478 1282 1637 1364 burgast)

389 1406 472 1462 *Naelr
492 1404 573 1450 airrem
593 1402 713 1449 Loblieda
732 1402 777 1447 arus
792 1401 840 1447 don
860 1401 1071 1460 Slegclbewabrcr
1088 1403 1218 1449 Johanncs
1235 1405 1390 1462 Sbmmariag
1408 1407 1445 1451 als
1464 1406 1557 1453 Patron
1577 1408 1640 1453 aller

336 1476 449 1522 l'rauurlc
468 1475 511 1520 der
531 1474 684 1520 klaasisclren
703 1472 917 1518 Wissonsclrulton
935 1471 1063 1531 bcsprirbt
1080 1471 1142 1520 Mat.
1160 1472 1247 1519 seincn
1266 1475 1365 1520 llarrdol
1384 1475 1429 1521 mit
1446 1475 1573 1536 Kotoling.

334 1606 337 1614 ·
413 1573 548 1637 ilenrico
571 1568 911 1637 Urbanollutianus
931 1569 1037 1633 Rutilus.

405 1677 441 1739 .S.
484 1673 555 1752 Tui,
578 1673 639 1736 imo
661 1671 759 1734 nostri
782 1671 1032 1736 amantissimum
1055 1692 1124 1736 esse
1146 1673 1417 1758 Sommeringum⁴
1436 1696 1497 1740 non
1518 1677 1585 1740 beri
1607 1686 1639 1742 et

332 1776 573 1854 nudiustertius,
604 1773 660 1838 sed
688 1773 763 1837 olim
790 1773 933 1852 cognovi.
976 1772 1078 1839 Favet
1098 1774 1207 1840 latinis
1226 1777 1341 1842 studiis
1362 1786 1396 1842 ut
1416 1780 1470 1859 qui
1490 1779 1638 1860 maxime,

332 1878 399 1944 odit
420 1877 573 1942 barbaros
594 1883 628 1940 ut
650 1875 704 1957 qui
724 1875 834 1953 valde,
858 1876 974 1939 nostris
996 1876 1169 1942 commodis
1190 1879 1276 1960 utqui
1300 1880 1436 1944 libenter
1454 1882 1515 1944 lert
1535 1900 1636 1964 opem.

330 1983 413 2045 Nam
436 1979 540 2044 adhuc
554 1977 642 2043 tenui
660 1977 785 2042 l'ortuna
801 1983 832 2040 et
843 1983 963 2042 tantum
982 1976 1156 2062 philologia
1173 1979 1285 2044 baculo
1302 1981 1437 2063 insignis
1449 1982 1636 2046 Tereucium

331 2087 361 2149 io
384 2081 470 2146 scola
492 2079 747 2164 pbilosophorum
770 2078 948 2143 enarrabat.
990 2079 1124 2145 Auditor
1144 2101 1240 2145 eram.
1283 2081 1466 2147 Eunuchum
1489 2085 1639 2149 tractavit

330 2200 388 2269 per
407 2184 503 2248 l'crias
524 2181 728 2247 caniculares.
770 2179 856 2243 Satis
876 2180 1034 2262 facundie,
1055 2180 1185 2247 multum
1205 2183 1377 2266 diligencie
1398 2185 1544 2268 prestitit.
1587 2187 1636 2251 De

329 2286 496 2368 elegantia
519 2291 620 2362 taceo,
641 2301 702 2364 que
724 2281 782 2346 snb
800 2281 884 2346 idem
907 2291 1030 2364 tempus
1048 2283 1185 2348 nondam
1202 2286 1295 2351 isthic
1311 2297 1490 2352 emerserat.
1533 2287 1637 2352 Ooluit

329 2387 505 2452 Thorium⁵
542 2392 678 2469 poetam.
738 2384 863 2449 Crotum
899 2383 1079 2463 bonoravit,
1113 2384 1227 2450 dilexit
1256 2388 1466 2472 Spalatinnm.
1517 2389 1637 2454 Credas

330 2489 427 2571 igitur
448 2495 479 2552 tc
499 2487 548 2551 illi
568 2504 675 2550 carum
696 2505 773 2562 csso,
796 2505 864 2550 cum
888 2485 1040 2569 predictis
1060 2507 1123 2553 non
1144 2490 1189 2554 sis
1210 2490 1396 2572 eloquencia
1422 2491 1564 2572 inferior,
1591 2491 1636 2555 in·

330 2591 424 2674 genio
458 2589 552 2654 ctiam
584 2589 726 2670 superior
757 2596 789 2652 et
819 2595 939 2652 tantum
973 2596 1057 2652 etate
1089 2597 1183 2671 atque
1210 2590 1313 2672 gloria
1338 2594 1440 2656 minor
1465 2591 1635 2658 Beruardo.

328 2693 391 2756 Sed
412 2693 594 2756 omittamus
616 2690 752 2771 elogium
776 2698 808 2754 ct
829 2690 947 2774 prclitri
967 2690 1158 2754 desinamus.
1200 2692 1340 2757 Tametsi
1365 2714 1426 2757 non
1446 2695 1515 2758 sine
1528 2694 1636 2778 volup-

329 2802 393 2859 tate
424 2813 529 2858 verum
559 2792 600 2856 dc
626 2793 739 2856 amicis
765 2801 827 2856 tum
856 2791 951 2854 audio
975 2799 1039 2856 tum
1068 2793 1180 2858 scribo.
1229 2795 1319 2871 erod
1348 2796 1461 2873 instat,
1493 2815 1635 2877 aganrm

330 2895 487 2960 literrdum
518 2895 579 2958 erit
611 2894 693 2957 notis
727 2893 920 2957 dictionibus
956 2901 988 2957 et
1019 2894 1051 2958 in
1083 2896 1150 2958 l'oro
1180 2897 1305 2960 detritis
1340 2897 1496 2962 claritatis
1528 2915 1635 2963 (eausa.

246 2984 251 2994 ’
333 2998 453 3063 Vicium
475 2997 558 3060 enim
588 2996 634 3059 vel
662 2997 834 3082 maximum
863 3002 912 3060 est
938 2996 1122 3061 obscuritas.
1164 2997 1328 3062 Alieuacio
1350 2998 1504 3062 tatianass
1523 2999 1658 3064 fraude

329 3108 360 3164 ct
397 3097 524 3163 insidiis
556 3117 618 3165 mm
650 3105 750 3161 vocal.
796 3097 934 3180 lmponit
966 3098 1090 3161 senatui
1122 3106 1154 3162 et
1179 3085 1276 3163 iudici
1309 3100 1470 3164 ordinario
1498 3109 1530 3165 ct
1557 3100 1634 3164 mihi

328 3221 460 3284 qnoque.
507 3200 647 3279 Senatui,
674 3199 757 3281 quod
786 3199 867 3264 l'also
896 3199 1054 3282 persuasit
1080 3218 1114 3264 se
1140 3201 1235 3264 oller-e
1263 3202 1453 3282 signandam
1476 3209 1634 3284 presenta-

327 3307 450 3370 oionem
475 3305 542 3368 iure
569 3301 823 3387 permutacionls.
874 3301 941 3365 Hoc
974 3301 1141 3367 audientes
1173 3303 1328 3367 tacebant.
1378 3303 1452 3367 lllox
1478 3303 1635 3384 Brengbir

328 3408 374 3470 ita
402 3406 537 3471 (censuim
568 3405 676 3486 „Quid
702 3405 905 3469 cunctamur?
952 3403 1207 3467 Permutantibus
1234 3424 1310 3486 sepe
1339 3407 1514 3468 annuimus.
1563 3404 1633 3466 Non

328 3515 376 3573 est
395 3529 519 3573 notrum.
562 3506 703 3570 Mutiano
726 3526 785 3570 narn
805 3506 838 3569 lit
860 3506 985 3570 iniuria.
1027 3506 1118 3583 erod
1141 3507 1349 3589 promisimus,
1373 3507 1495 3570 illesum
1519 3515 1636 3568 ratum·

327 3630 388 3692 (pre
416 3610 610 3688 seruabitur,
637 3629 705 3672 cum
735 3609 820 3673 locum
849 3610 1039 3673 vacaverit.“
1081 3609 1156 3671 Siue
1184 3627 1205 3670 a
1225 3608 1328 3671 l¹otilo
1355 3608 1543 3672 subornatus
1566 3607 1634 3670 sive

327 3732 385 3776 sua
414 3719 525 3796 sponte
552 3710 599 3774 sic
618 3709 748 3782 dixerit,
774 3709 935 3774 incertum.
978 3709 1044 3774 Hec
1073 3711 1238 3773 sentencia
1266 3717 1372 3792 patres
1393 3729 1431 3773 eo
1453 3709 1632 3788 inclinavit,

328 3873 527 3880 ----—-———

391 3975 401 4016 ¹
421 3976 663 4033 Wahrscheinlich
686 3977 734 4031 dar
753 3993 806 4030 von
828 3975 940 4045 Tenael,
960 3974 1031 4028 Hist.
1049 3972 1134 4029 Goth.
1152 3992 1180 4045 p.
1197 3973 1264 4044 376,
1284 3974 1451 4045 angeliilrrte
1471 3974 1634 4045 Hartungus

326 4059 461 4114 aKiilen.

389 4137 403 4178 ‘2
424 4135 666 4192 Wabrschcinliclr
688 4136 826 4190 Iohannes
847 4135 1016 4204 Hartnngas.
1059 4133 1123 4204 Vgl.
1136 4133 1249 4200 Tanzcl,
1270 4133 1552 4206 HistGotlapillli.

390 4215 404 4257 ³
425 4219 543 4273 lodoous
562 4215 740 4287 Brangbirus.
783 4215 845 4285 Vgl.
857 4215 950 4283 'l'ena,
971 4215 1044 4270 llist.
1060 4213 1144 4268 Goth.
1165 4231 1193 4284 p.
1207 4214 1274 4269 376,
1286 4213 1354 4272 384,

388 4295 402 4338 4
424 4299 492 4352 Also
514 4315 563 4351 vor
586 4295 671 4362 1488,
692 4296 721 4348 in
743 4294 874 4350 walchem
895 4295 981 4350 dabre
1001 4295 1145 4350 «lohannes
1166 4293 1360 4366 Silmmeringk
1380 4296 1415 4348 de
1433 4293 1520 4349 Faerr
1540 4326 1565 4332 -
1601 4313 1632 4348 so

328 4385 416 4435 ncnnt
436 4379 483 4431 ihu
506 4377 550 4431 die
571 4374 854 4430 Studantenmatrilrcl
876 4371 975 4446 (Micia.
993 4373 1082 4440 1481)
1105 4403 1140 4414 -
1164 4375 1295 4446 magister
1313 4376 1413 4429 antirrm
1437 4377 1535 4430 warnis.

388 4453 402 4497 5
426 4455 558 4512 Nicolaus
577 4455 744 4513 Marschulk.
786 4454 848 4523 Vgl.
872 4455 942 4509 iiber
961 4455 1010 4507 ihn
1030 4453 1109 4508 Bac
1130 4452 1187 4509 S.9
1209 4455 1290 4508 Anm.
1308 4457 1331 4508 l.

389 4534 403 4578 ⁶
428 4537 492 4608 Vgl.
512 4535 726 4607 hauptsiiclrliclr
748 4533 794 4588 Br.
810 4534 876 4601 196,
897 4535 1023 4590 dunelm
1046 4534 1150 4588 19311.
1174 4533 1239 4589 194.
