3625 5192
687 358 776 414 naeu
793 344 913 414 nuaram
931 360 990 412 coc.
1438 358 1487 412 aar
1514 407 1518 418 ,

186 504 284 570 ferme
307 525 389 569 nunc
410 511 484 568 acta
504 516 552 570 est
572 507 691 585 etas“,¹
714 506 825 571 luctari
847 527 908 571 non
930 507 1017 571 libet.
1060 507 1178 570 Oani²2
1205 507 1341 572 suadent
1371 509 1398 572 si
1428 528 1490 574 non

186 606 348 686 inertiam,
376 614 482 670 tamen
502 608 601 671 otium
623 615 655 670 et
675 609 941 674 leuemadversus
965 608 1110 673 convicia
1128 609 1282 691 spiritum.
1324 609 1490 676 Obiciturb

186 707 280 787 mihi,
310 710 393 790 quod
422 709 454 773 in
481 709 618 792 epistola
644 710 783 791 (pandam
809 710 973 776 Erasmum
1000 717 1031 775 et
1058 710 1238 794 Philippum
1264 711 1400 778 Lntbero
1422 733 1490 796 pre-

186 810 360 876 tuiorim.⁰³
406 811 489 888 Quid
517 831 601 876 nunc
630 812 746 894 agam?
792 812 864 876 Non
891 831 952 893 ego
976 812 1082 892 debui,
1113 832 1173 894 que
1199 814 1362 892 sentirem,
1391 815 1491 880 iibere

186 913 350 978 scribere?
397 913 433 978 Si
459 933 552 995 quem
573 913 719 994 offendit,
739 915 822 995 qnod
845 914 969 980 adulari
989 915 1138 994 nesciam,
1159 916 1384 982 obtrectatores
1404 936 1491 982 meos

186 1016 293 1078 feram.
335 1014 407 1080 Non
429 1023 599 1098 conceptas
620 1017 757 1080 omnium
777 1015 945 1098 opiniones
965 1033 1086 1098 sequor.
1127 1017 1160 1082 ls
1181 1018 1308 1081 omnino
1330 1037 1422 1084 cecus
1442 1025 1492 1084 est

186 1122 218 1180 et
238 1135 289 1180 mc
309 1119 435 1197 ignorat
456 1124 488 1181 et
508 1118 624 1182 frustra
638 1116 778 1200 lapidem
788 1118 944 1184 verberat.
975 1118 1146 1183 Paucorum
1166 1120 1372 1185 auctor·itate‘¹
1384 1121 1490 1186 ducor.

186 1219 227 1280 At
257 1219 286 1281 si
315 1224 482 1302 propteroa
512 1219 602 1284 nobis
633 1219 881 1284 Lutberanorum
913 1219 1036 1284 invidia
1061 1220 1224 1284 subeunda
1253 1227 1311 1299 est,
1339 1222 1380 1286 sit
1411 1223 1492 1286 levis

188 1338 273 1382 error
298 1325 330 1384 et
356 1321 451 1385 venia
479 1321 605 1402 dignus.
652 1321 764 1404 Neque
792 1322 910 1388 iudicio
938 1322 1056 1387 dictum
1085 1322 1226 1404 putabis,
1250 1323 1308 1392 sed
1336 1331 1491 1390 extortum

187 1421 396 1504 respondendi
419 1425 616 1488 necessitate.
658 1423 741 1488 iliud
762 1431 867 1489 autem
888 1444 946 1508 per
963 1431 994 1488 te
1015 1425 1163 1489 monendi
1185 1431 1271 1504 sunt,
1298 1427 1352 1507 qni
1376 1427 1407 1490 in
1431 1445 1488 1492 nos

187 1522 323 1606 impetu⁰
342 1523 493 1604 feruntur,
514 1533 548 1588 ut
568 1525 600 1587 in
616 1526 848 1608 malignitatem
869 1528 976 1593 animo
1001 1528 1065 1592 sint
1086 1527 1207 1606 hostili;
1235 1547 1285 1592 me
1307 1529 1401 1594 talem
1427 1529 1492 1595 t'ore

187 1644 320 1706 semper,
339 1627 466 1708 qualem
482 1625 616 1692 studiosi
638 1635 670 1691 et
690 1635 800 1711 optare
821 1629 960 1694 debeant
978 1636 1010 1694 et
1029 1649 1099 1696 esse
1114 1631 1223 1696 velint.
1265 1631 1381 1712 Habes,
1403 1637 1493 1713 pater

187 1728 315 1808 optime,
334 1729 509 1810 quereiam¹
530 1750 599 1794 eum
622 1731 810 1812 purgatione
832 1731 940 1796 nostri.

269 1829 403 1896 ididibus
424 1831 515 1896 lunii.
745 1860 749 1871 ·
1197 1835 1409 1900 Mutianus.

260 1952 439 2000 liandsebriftl.
460 1954 522 2000 (⁴011.
539 1954 608 2000 Cam.
632 1955 700 2002 bion.
718 1956 767 2001 vol.
786 1955 853 2000 vlu.
873 1971 912 2013 cp.
937 1954 974 2002 19.
1013 1955 1161 2014 Arrwrpopb.
1190 1979 1221 1987 -
1251 1955 1327 2004 Gedr.
1361 1956 1384 2012 l]
1404 1957 1493 2004 Koldc.

187 2022 313 2068 Analecta
330 2024 476 2069 Lat-berane
494 2025 516 2072 S.
528 2025 563 2071 44
600 2025 642 2070 tu.
680 2020 706 2086 2)
726 2025 832 2072 Krausc.
852 2025 955 2084 Epistol.
976 2025 1034 2084 aliq.
1053 2027 1096 2071 sol.
1116 2029 1139 2072 S.
1152 2021 1261 2074 19-20.

259 2122 271 2146 ²
290 2127 331 2173 Kl.
351 2128 421 2174 Gavi.
493 2113 569 2176 er.
588 2128 718 2188 Objieitur.
789 2122 863 2177 ίΚΥ.
883 2129 1039 2176 contulerim.
1111 2115 1186 2178 ῐΙΚι·Ι
1205 2132 1349 2180 autoritate.
1422 2125 1492 2178 ”Kb

189 2197 215 2242 in
233 2197 360 2256 impeturn.
433 2184 500 2246 ‘Kb
521 2201 659 2259 querulam.

458 2371 559 2430 Bcilugc
580 2372 591 2417 1
613 2371 694 2424 (Sicbo
713 2372 876 2432 Aurncriturrg
896 2373 912 2419 2
931 2373 976 2419 aui
991 2373 1091 2430 vcrigcr
1107 2367 1198 2435 Scito.)

1021 2471 1159 2535 Ert'urt
1179 2473 1266 2538 1591.
1291 2471 1367 2536 duni
1386 2474 1413 2535 l.

270 2585 408 2666 Georgio
429 2584 608 2667 Spalatinm
638 2585 706 2648 viro
727 2585 953 2648 humanissimo
979 2584 1232 2668 doctissimoque,
1253 2573 1322 2651 divi
1341 2585 1496 2670 principis

189 2692 349 2752 Saxonum
372 2686 547 2751 Frideriebi
570 2705 590 2748 a
611 2688 720 2766 sacris,
741 2687 843 2750 amico
864 2705 921 2751 suo
943 2687 1137 2752 charissimo.

272 2792 303 2852 S.
326 2789 404 2854 Cum
425 2797 510 2853 essct
531 2789 582 2852 bic
603 2788 739 2869 Btasius,
760 2789 812 2867 qui
827 2787 922 2852 hasce
944 2788 1002 2852 tibi
1023 2788 1172 2870 reddidit,
1195 2791 1313 2872 optime
1333 2809 1372 2854 ac
1392 2788 1495 2854 erudi-

188 2892 311 2956 tissime
322 2891 497 2973 Spalatine,
518 2891 722 2955 charissimus
733 2889 808 2953 mihi
821 2910 859 2953 ac
868 2890 1134 2954 tamiliarissimus
1145 2889 1255 2955 divum
1268 2890 1496 2970 Fridcricbum,

188 2993 365 3076 principem
387 3001 483 3072 tunm,
505 2993 700 3057 condicionis
721 2992 890 3056 mutandae
911 2992 1016 3072 gratia
1029 2991 1180 3072 aditurus,
1197 2992 1346 3075 putabam
1358 2992 1496 3057 scriben-

190 3094 264 3158 (irum
277 3096 318 3156 ad
330 3102 361 3158 te
373 3095 460 3174 mihi,
471 3104 535 3158 tum
547 3095 629 3178 quod
642 3113 800 3178 sperarem
822 3093 942 3173 aliquid
966 3112 1059 3178 posse
1081 3114 1137 3177 pro
1158 3095 1260 3157 amico
1281 3093 1368 3176 apud
1385 3102 1415 3156 te
1428 3112 1494 3175 pre-

190 3216 244 3260 ces
255 3216 351 3271 meas,
375 3204 439 3260 tum
452 3197 536 3278 quod
550 3203 635 3261 certo
648 3196 758 3260 scirem
771 3196 850 3259 nibil
865 3196 922 3259 tibi
936 3195 1021 3279 apud
1032 3196 1126 3260 talem
1140 3196 1315 3279 principem
1327 3195 1496 3275 impetratu

191 3318 262 3363 esse
283 3297 423 3379 difficile,
449 3299 534 3380 quod
556 3299 720 3362 honestum
742 3305 840 3378 esset,
869 3299 958 3362 euius
986 3298 1041 3361 ille
1062 3299 1120 3360 fuit
1141 3316 1265 3382 semper
1286 3295 1497 3362 observantis-

191 3401 296 3466 simus.
339 3401 437 3482 Rogo,
459 3401 501 3464 mi
521 3401 696 3481 Spaiatine,
718 3399 829 3464 adesto
852 3400 934 3464 bono
955 3406 986 3463 et
1006 3399 1145 3479 erudito,
1172 3405 1206 3464 ut
1232 3418 1272 3463 ne
1293 3399 1397 3464 dicam
1422 3397 1497 3482 piis-

191 3504 272 3567 simo
292 3504 398 3568 iuveni
420 3503 452 3566 in
475 3501 697 3581 consequenda
717 3501 802 3584 apud
814 3501 988 3583 principem
1011 3500 1052 3562 ad
1065 3500 1199 3565 reditum
1218 3499 1390 3564 studiorum
1403 3499 1499 3564 venia

191 3605 360 3686 etiamque,
381 3606 409 3668 si
427 3604 543 3686 dignus
565 3613 613 3667 est
633 3605 739 3667 favore
761 3623 799 3666 ac
819 3602 935 3684 gratia,
958 3621 1039 3683 quae
1061 3603 1163 3666 minus
1185 3602 1285 3666 ambit
1314 3601 1395 3681 ideo,
1422 3601 1498 3682 quia

190 3715 223 3770 ct
244 3708 398 3790 principis
425 3709 515 3771 novit
541 3706 771 3787 benignitatem
800 3712 832 3768 et
852 3725 930 3770 suae
951 3705 1040 3768 timet
1061 3703 1236 3768 modestiae
1257 3702 1445 3787 perieulum,
1470 3700 1496 3766 si

190 3809 407 3889 impudentius
427 3809 507 3873 forte
529 3808 691 3890 quidpiam
710 3803 890 3888 rogaverit,
917 3815 949 3870 tu
968 3825 1024 3889 pro
1045 3813 1100 3870 tua
1119 3805 1293 3889 sapientia,
1322 3802 1499 3886 Spalatine,

191 3912 400 3997 pulcherrime
421 3910 635 3975 moderaberis
660 3929 726 3974 rem
746 3909 838 3974 nobis
861 3909 951 3973 bano.
997 3907 1088 3985 erod
1115 3906 1251 3972 libenter
1273 3926 1368 3971 omas
1393 3907 1498 3972 litera·

256 4108 267 4150 1
290 4113 369 4166 Nach
389 4112 512 4168 Plautus.
535 4111 714 4164 Triuurmnus
734 4110 772 4176 11,
794 4109 819 4164 9.
841 4109 888 4165 37.

253 4189 266 4230 ²
289 4193 395 4246 biutiau
419 4211 473 4244 war
494 4192 600 4244 daunais
620 4198 677 4243 crst-
695 4191 834 4260 ungafaihr
855 4189 892 4242 50
911 4189 996 4243 dabre
1014 4190 1061 4243 ait.

254 4268 268 4311 3
290 4273 457 4327 §.ciariis-bos
477 4271 621 4343 gast—bioht
641 4289 684 4324 am
707 4270 835 4324 Seblussc
855 4288 908 4322 vou
926 4269 970 4322 Br.
988 4269 1062 4336 beru,
1083 4271 1131 4324 drr
1149 4288 1193 4323 arm
1215 4269 1261 4323 ad.
1277 4268 1330 4322 blei
1359 4269 1431 4322 rard
1452 4288 1498 4338 gc·

192 4353 354 4423 sebrirberr,
382 4371 461 4405 worm
488 4353 559 4406 aueh
583 4351 702 4404 Lutbers
722 4349 810 4403 Narrne
831 4350 912 4403 dabui
933 4350 1008 4403 rricbt
1029 4351 1154 4403 erwiiimt
1176 4349 1248 4402 wird.
1292 4347 1371 4402 liocir
1391 4350 1500 4403 schrirrt

193 4434 300 4488 Mutian
321 4433 402 4487 cirron
424 4437 552 4502 spiiteron
575 4433 630 4485 und
653 4449 724 4484 zwar
743 4448 777 4484 an
800 4430 881 4484 einen
896 4429 1104 4500 Wittcnbergcr
1123 4430 1295 4500 gerichteten
1309 4427 1393 4493 Briof,
1414 4429 1498 4482 woriu

191 4514 319 4568 ‹lerselbe
352 4514 530 4584 Gegcrrstand
562 4511 790 4566 walnscheirriicb
822 4510 999 4564 ausfiihrlieh
1030 4510 1180 4564 bobaudelt
1209 4509 1318 4577 aurudo,
1352 4509 1388 4562 im
1419 4509 1499 4579 Auge

190 4612 226 4649 zu
246 4593 345 4650 haben.
