3625 5192
698 358 786 422 Brieie
805 358 924 423 Matiana
943 359 1002 422 dib.
1455 360 1503 421 tat

197 522 375 581 commenta
391 514 740 598 supersticiosorumnt
757 516 875 584 ficticia
896 519 1060 598 retelletis,
1081 535 1270 602 quamquain
1293 513 1507 584 Hartmannus

196 620 328 684 minime
354 621 491 683 omnium
520 622 563 684 sit
589 622 841 704 supersticiosas.
884 622 1028 686 Ceterum
1056 623 1087 684 in
1116 622 1190 686 aliis
1217 622 1359 686 cenobiis
1388 621 1508 702 degunt

198 723 266 785 reri
288 722 461 786 Tinumesl
483 729 515 785 ct
536 723 642 787 tristes
662 725 879 806 Areopagite2
900 731 948 804 et,
970 731 1003 788 ut
1023 723 1069 788 ita
1090 723 1205 800 dicam,
1226 717 1437 806 καθημερὸβιοι
1456 725 1508 784 καὶ

199 815 422 907 ρυποκόνδυλοιὲ·
451 825 659 918 immoderata
688 826 883 910 parsimonia
912 833 1051 902 utenterr,
1084 827 1141 890 sed
1171 829 1241 890 sine
1273 828 1407 911 pietate,
1439 828 1507 891 sine

199 927 359 1027 doctrina,
390 933 425 990 ut
451 927 556 990 inanis
585 934 619 991 ut
644 928 741 991 stulta
758 927 915 992 'rideatur
943 928 1145 992 abstinentia.
1188 929 1266 1005 Quis
1292 928 1377 992 enim
1399 930 1508 992 eredat

198 1029 325 1110 placere
342 1029 412 1092 Deo
429 1029 567 1093 inediam
585 1029 762 1107 bardorum,
783 1031 845 1094 nisi
863 1051 951 1094 mens
973 1052 993 1096 a
1014 1031 1107 1095 rieiis
1129 1031 1267 1094 ieiunet?
1310 1031 1377 1094 Hoc
1398 1032 1429 1095 in
1446 1032 1508 1095 De·

197 1130 292 1194 cretis
322 1131 484 1194 canonicis
510 1151 585 1195 vere
611 1150 759 1212 magnum
789 1132 942 1196 ieiunium
964 1133 1161 1213 Augustinus
1182 1133 1333 1216 appellat.
1376 1133 1440 1197 Sed
1463 1134 1508 1196 in-

198 1234 300 1296 sulsos
325 1241 357 1297 et
376 1233 529 1297 vecordes
550 1233 757 1318 stupidusque
779 1235 1010 1316 relinquamus,
1033 1237 1086 1316 qui
1108 1242 1181 1299 sunt
1203 1236 1234 1297 in
1258 1234 1373 1299 alienis
1395 1237 1508 1298 erratis

198 1337 319 1418 lyncei,
348 1337 380 1399 in
403 1336 540 1419 propriis
560 1336 651 1418 lippi.
693 1336 842 1400 Habeant
863 1326 940 1400 suas'
959 1338 1158 1417 questnarias
1180 1337 1292 1400 nenias
1314 1344 1345 1400 et
1367 1336 1508 1400 trivialia

199 1447 392 1518 nugamenta
422 1438 529 1502 nescio
562 1439 667 1502 risone
699 1438 901 1520 explodenda.
927 1458 968 1502 an
994 1438 1226 1502 dissimulanda
1252 1439 1387 1502 silentio.
1437 1440 1508 1518 Vos,

199 1541 259 1604 viri
285 1548 462 1623 prestantes
483 1548 515 1603 et
540 1540 671 1611 eruditi,
693 1540 906 1604 Ouidianum3
935 1541 1012 1605 illud
1044 1541 1141 1605 dicite
1163 1541 1194 1604 in
1218 1541 1354 1623 prandia
1373 1541 1509 1605 errcnlla-

200 1650 315 1706 torum:
346 1640 523 1722 „Hostibus
554 1643 705 1705 eueniant
732 1642 881 1704 convivia
907 1642 987 1706 talia
1016 1643 1154 1707 nostris“
1183 1649 1215 1706 et
1243 1643 1320 1705 illud
1349 1643 1507 1706 Horatiil:

200 1745 322 1825 „Nulla
342 1746 468 1828 plaeere
489 1744 544 1807 diu
566 1763 669 1825 neque
691 1744 798 1808 virere
820 1745 962 1807 carmina
984 1751 1124 1826 possunt,
1143 1764 1203 1826 que
1226 1744 1405 1809 scribuntur
1426 1765 1507 1826 aque

199 1847 391 1931 potoribus.“
435 1847 529 1910 ltem:
552 1848 673 1926 „Satur
689 1852 746 1924 est,
765 1865 836 1917 ¹curn
860 1845 939 1909 dicit
953 1846 1101 1911 Horatius
1115 1846 1204 1911 olre.“
1247 1847 1508 1928 ltaquemedium

199 1969 336 2030 unguem
353 1950 511 2014 ostendite
527 1947 740 2028 leguminibus
763 1954 794 2011 et
815 1949 902 2024 istos,
924 1956 958 2010 ut
978 1948 1081 2028 inquit
1094 1949 1125 2010 in
1140 1948 1355 2012 Truculento5
1370 1949 1509 2026 Plautus,

200 2053 253 2134 qui
284 2072 354 2115 eum
381 2051 485 2132 geniis
506 2049 573 2113 suis
594 2050 800 2130 belligerant,
830 2052 1069 2132 parcepromosb
1096 2049 1237 2130 relegate
1265 2050 1296 2113 in
1325 2050 1425 2114 melas
1447 2051 1508 2114 ole-

200 2154 295 2218 arias.
347 2153 462 2216 Verum
497 2151 574 2232 quid
611 2151 696 2230 ago?
747 2150 940 2214 Ceusoribns
978 2153 1056 2214 meis
1086 2152 1202 2214 frustra
1236 2153 1386 2235 precipio.
1445 2151 1508 2216 Sed

200 2254 293 2318 libuit
317 2254 423 2328 iocari,
447 2258 481 2316 ut
501 2253 581 2316 testo
604 2252 814 2316 Calendarum
831 2251 1016 2315 Martiarum
1038 2253 1148 2334 aliqua
1169 2254 1280 2317 saltem
1303 2275 1342 2318 ex
1364 2262 1454 2337 parte
1476 2262 1509 2317 ut

200 2357 398 2438 antiquarius
419 2357 462 2420 ad
481 2362 512 2419 te
533 2356 758 2438 peritissimum
780 2355 981 2436 antiquitatis
999 2355 1142 2419 scribens
1158 2357 1383 2420 satislaeerem.
1428 2357 1508 2420 lllud

199 2465 303 2524 auteur
327 2461 359 2523 in
380 2457 442 2522 fine
461 2461 543 2522 serio
565 2458 670 2521 dicam
694 2452 760 2538 „pl
781 2466 875 2540 φορεῖν
895 2451 996 2516 στενὸν
1017 2448 1205 2518 δακτύλιον.“
1248 2457 1431 2541 Symbolum
1461 2466 1508 2523 est

201 2562 416 2645 Pptlragcressz
440 2562 591 2641 „Arctum
610 2559 739 2624 anulum
755 2578 795 2623 ne
810 2560 963 2639 gestato.“
1005 2561 1173 2641 Significat
1193 2560 1251 2624 hoe
1270 2561 1398 2642 enigma
1417 2561 1508 2646 inter

200 2671 290 2746 prete
311 2664 518 2745 Hieronymo:
539 2682 579 2726 ne
601 2661 720 2725 vixeris
740 2662 851 2738 anxie,
872 2681 975 2742 neque
996 2661 1075 2724 liber
1098 2681 1167 2725 eum
1189 2663 1248 2736 sis,
1272 2663 1303 2725 in
1326 2663 1509 2728 servitutem
1605 2720 1609 2741 ,

201 2774 233 2831 te
255 2766 356 2847 redigi
379 2765 524 2848 patiaris.
566 2764 681 2843 Quare,
702 2765 746 2828 mi
767 2764 946 2841 Valentino,
969 2771 1001 2826 tu
1024 2771 1076 2827 trio
1100 2765 1199 2827 vivito
1221 2785 1314 2827 more.
1358 2765 1508 2845 „Sanum

200 2870 285 2933 enim
312 2869 461 2948 „lrcmo,“
490 2873 524 2930 ut
553 2867 650 2931 tradit
671 2865 834 2930 Cornelius
856 2867 989 2930 Celsusl
1021 2866 1098 2945 „qui
1127 2873 1158 2928 et
1187 2865 1267 2929 bene
1294 2867 1379 2930 valet
1400 2874 1431 2930 et
1453 2885 1509 2930 sue

200 2973 324 3054 spontis
341 2978 397 3045 est,
420 2969 515 3034 nullis
531 2969 675 3049 obligare
689 2987 722 3032 se
742 2968 867 3049 legibus
881 2967 1006 3030 debet.“
1046 2967 1095 3030 Sit
1110 2967 1167 3030 libi
1185 2975 1294 3032 venter
1310 2988 1366 3051 pro
1383 2970 1509 3049 salario,

201 3081 236 3136 ut
270 3073 419 3137 admonet
448 3072 482 3156 in
513 3070 748 3135 commentariis
785 3077 955 3152 preceptor
979 3076 1049 3132 tuus
1076 3068 1243 3151 Philippus
1272 3071 1445 3134 Beroaldus
1478 3079 1509 3134 et

200 3184 273 3239 tune
301 3194 441 3239 comesse
467 3173 632 3245 debemus,
663 3171 790 3253 quando
814 3173 976 3234 esurinrus.
1029 3171 1096 3233 Hec
1126 3178 1159 3232 ut
1185 3171 1299 3252 raptim
1327 3172 1507 3249 scriberem,

201 3277 425 3342 benevolentia
444 3277 545 3341 iussit.
586 3275 683 3339 Malui
706 3274 862 3355 siquidem
885 3275 995 3356 inepta
1016 3271 1154 3335 scribere
1170 3291 1263 3352 quarn
1280 3273 1406 3336 omnino
1429 3274 1508 3337 nihil

199 3379 338 3444 scribere
358 3381 455 3444 fretus
476 3379 624 3444 comitate
646 3383 678 3441 et
698 3377 836 3440 candore
856 3375 901 3438 tui
925 3374 1058 3456 ingenii.
1104 3373 1186 3436 Bene
1206 3373 1284 3437 vale.

272 3520 453 3567 Handselrrit'tl.
474 3521 494 3565 F
510 3521 560 3566 447
581 3521 621 3567 sol.
636 3519 737 3565 arfr-
752 3519 827 3566 ator.

272 3637 284 3664 ²
303 3645 328 3689 F
341 3636 525 3706 ρυποκονδολοῖ,
597 3627 653 3686 ¹³1¹¹
668 3658 742 3702 pareo
762 3657 867 3702 promes.

266 3842 277 3884 ¹
297 3847 385 3899 Lente
407 3846 457 3899 wie
478 3846 527 3898 der
548 3843 776 3898 Menselrenfeind
796 3843 898 3896 Tirnnn
919 3859 972 3896 von
994 3841 1095 3894 Athen.

263 3921 277 3964 2
297 3926 362 3996 Vgl.
384 3925 521 3979 Erasmus.
552 3925 696 3995 Adagiap.
708 3923 801 3976 abad.

263 4002 277 4044 ³
298 4006 439 4060 Heroiden
460 4005 522 4061 XV.
545 4004 614 4057 217.

263 4082 278 4123 ⁴
299 4086 395 4140 Horaa.
415 4085 539 4155 Episteln
551 4085 574 4140 Ι.
588 4087 634 4138 19.
647 4085 743 4138 2-3.

263 4161 277 4204 5
298 4165 485 4220 Truculentus
496 4165 516 4218 l
529 4165 556 4216 2.
568 4166 614 4220 81,

264 4243 278 4284 ⁶
299 4246 363 4316 Vgl.
380 4245 516 4303 Erasmus.
544 4245 652 4317 Adagia
669 4265 695 4315 p.
709 4246 753 4298 ld.

265 4323 277 4365 l
299 4325 381 4382 Corn.
393 4325 490 4380 Celsus
503 4326 523 4380 l.
537 4327 563 4383 1.
