3625 5192
326 325 378 376 258
522 393 527 402 ⁸
698 299 957 391 (lesrblebtsquellen
977 324 1026 375 der
1045 321 1120 374 Pron.
1138 321 1262 377 Saebaeu.

407 472 524 535 Nostra
553 471 731 535 eoniunotio
760 471 844 536 l'eliei
877 478 971 554 cepta
1004 470 1148 551 auspieio
1175 468 1302 534 durabit
1327 477 1485 549 eternum,
1515 469 1633 549 velint,

327 575 435 654 nolint,
458 574 512 656 qui
528 574 559 637 in
575 575 698 655 nigrum
714 571 851 637 eandida
870 576 1024 636 vertunt1.
1067 573 1148 635 Nam
1168 572 1379 655 improborum
1398 573 1633 636 familiaritates

327 677 421 742 breve
456 677 607 758 temporis
639 675 826 740 ourrieulum
861 675 1022 752 dissolvit,
1058 675 1206 738 bonorum
1236 683 1341 738 autem
1375 693 1416 737 ne
1452 675 1632 738 universum

327 778 453 862 quidem
480 798 572 842 evum
598 779 772 842 aboleverit
800 785 879 842 teste
913 778 1060 841 lsoerate.
1112 775 1198 857 Ego,
1231 777 1275 840 uti
1306 776 1386 839 duos
1417 785 1633 840 antecessores

327 901 422 945 manu
444 881 476 945 in
499 867 621 943 Vallem
642 879 773 951 deduxi,
798 879 843 942 lta
863 885 894 942 te
916 897 1050 960 quoque,
1069 878 1096 941 si
1117 877 1307 943 notusmibi
1329 878 1453 954 luisses,
1477 878 1558 942 ultro
1578 877 1631 940 de-

327 983 487 1047 duxissem
502 981 542 1045 ad
560 981 721 1045 dominum
743 990 774 1045 et
797 981 1007 1064 propinquum
1027 999 1140 1059 insum,
1157 981 1452 1064 patr-emoptimnm.
1494 980 1529 1043 Si
1540 980 1631 1045 Colu-

327 1085 452 1148 mellum
474 1083 611 1162 lastidis,
633 1085 755 1147 mittam
767 1082 1003 1165 Hieronymum.
1046 1081 1163 1146 Tenum
1179 1080 1262 1146 enirn
1276 1081 1632 1146 omniaeommunieabo

328 1205 383 1270 pro
408 1193 556 1269 ternpore.
599 1185 726 1248 Valeas.

398 1307 577 1354 llandselrrit‘tl.
599 1307 618 1352 p
631 1306 680 1352 245
700 1307 740 1353 iol.
755 1305 798 1352 lssl
809 1322 865 1351 v-
876 1306 950 1353 lber.

334 1597 409 1664 185.
432 1597 476 1668 ll.
498 1614 542 1662 arr
563 1596 697 1664 Urbau.
1030 1595 1175 1681 (Galba,
1196 1597 1444 1683 loru-1512).
1475 1597 1630 1665 lenito.

397 1721 457 1768 blut.
477 1721 541 1780 zeigt
560 1721 612 1766 sieb
632 1721 693 1767 llbor
711 1721 767 1767 eine
785 1721 867 1767 seiner
878 1721 970 1766 Kirebe
988 1721 1334 1779 widerlabreuesebtidigung
1352 1724 1475 1767 orrtrllstat
1493 1722 1631 1768 undlindet

328 1806 374 1836 nur
397 1792 422 1836 in
442 1791 609 1838 Bibalworten
628 1792 707 1838 Trost.
745 1791 778 1836 lir
801 1791 928 1850 ampliabit
950 1791 1006 1836 dem
1025 1791 1111 1837 Urban
1134 1790 1174 1836 die
1198 1791 1296 1850 bttuliga
1315 1791 1425 1838 Lekttlra
1445 1791 1489 1836 dar
1506 1793 1632 1851 Paatrnen,

328 1861 373 1906 wie
392 1875 418 1906 or
437 1863 500 1907 aueb
521 1862 603 1907 selber
621 1864 690 1908 mebr
716 1863 754 1907 tur
772 1861 825 1906 sein
844 1861 984 1907 Seelenlreil
1002 1860 1029 1906 in
1048 1861 1158 1906 Zulrunlt
1176 1876 1264 1918 sargan
1282 1861 1340 1906 will.
1377 1861 1450 1908 Picus
1469 1877 1519 1907 ron
1538 1861 1631 1908 Miran-

328 1931 385 1976 dnla
404 1931 439 1977 sei
459 1931 499 1978 oin
518 1933 776 1978 naelrabmonausrtes
791 1931 892 1976 bluster.

408 2028 544 2093 Haurieo
566 2027 723 2092 Urbano
746 2027 904 2091 Matienus
926 2027 1032 2092 Rul'us.

407 2131 437 2196 S.
482 2129 680 2194 Venerabilis
702 2129 845 2193 donrine!
887 2131 1004 2193 Servus
1030 2130 1208 2194 sanctitatis
1235 2137 1287 2193 tae
1308 2129 1468 2194 Matienus
1495 2139 1566 2214 post
1587 2131 1631 2194 os-

327 2233 430 2297 lieium
452 2233 638 2296 matutinum
661 2230 754 2296 bodie
779 2230 970 2313 persolutum
996 2231 1027 2293 in
1050 2231 1229 2295 sanctuario
1249 2231 1388 2312 Virginis
1409 2231 1520 2296 Matris
1541 2250 1630 2316 repe-

327 2337 408 2400 tavit
430 2354 537 2399 seeum
557 2333 725 2398 utilitatem
749 2331 874 2396 oelestis
896 2341 945 2396 et⁸
967 2333 1020 2416 pie
1040 2331 1250 2416 philosophie,
1271 2334 1304 2396 in
1326 2352 1388 2414 qua
1411 2352 1543 2416 presens
1564 2336 1630 2397 estb

327 2436 500 2516 rnedieina,
521 2435 584 2498 imo
598 2421 837 2518 presentissima
857 2435 979 2498 eunetis
998 2435 1095 2498 animi
1118 2435 1237 2498 nostri⁶
1259 2435 1377 2498 morbis
1397 2435 1539 2500 remedia
1559 2435 1630 2500 sob-

328 2537 519 2602 miuistrans
562 2537 655 2618 Nam,
677 2547 710 2602 ut
728 2555 822 2600 unum
842 2555 880 2599 ex
903 2536 1009 2601 multis
1030 2538 1186 2621 proferam
1203 2537 1417 2601 testimonium
1437 2535 1529 2600 huius
1550 2538 1630 2602 veri-

328 2639 412 2719 tatis,
435 2637 504 2703 beri
523 2637 617 2703 valde
638 2637 860 2703 stomachabar
882 2645 914 2702 et
934 2657 1031 2720 supra
1052 2640 1178 2702 modum
1199 2657 1275 2720 egre
1290 2637 1346 2701 teli
1365 2639 1506 2703 fraudem
1536 2646 1631 2704 testa-

326 2741 550 2805 mentariorum
560 2741 645 2805 senis
657 2739 885 2818 Rbodomanni,
900 2758 992 2819 quem
1004 2739 1118 2802 nudius
1129 2739 1244 2804 tercius
1255 2739 1418 2822 sepeliere.
1431 2817 1435 2824 ¹
1456 2739 1631 2805 Habitabat

327 2864 345 2908 a
367 2843 495 2924 regione
517 2842 756 2924 tranquillitatis
778 2860 884 2905 oasam
907 2841 1077 2904 ruinosam.
1117 2839 1273 2906 Continuo
1294 2859 1405 2924 praees
1424 2840 1552 2906 divinas
1579 2862 1632 2906 ore

329 2944 477 3010 volvebat
497 2945 722 3026 massabatene
743 2941 1137 3026 utperleotusmouaebus.
1180 2942 1216 3006 ln
1226 2943 1312 3007 omni
1322 2945 1390 3006 vita
1400 2943 1460 3006 luit
1480 2944 1632 3026 religiosa

328 3047 707 3126 rnundioiaoastitateque
730 3044 872 3128 preditus
898 3051 930 3108 et
950 3063 1020 3106 enm
1041 3049 1125 3108 esset
1145 3043 1275 3109 eottidie
1296 3044 1404 3110 mortis
1425 3064 1481 3109 sue
1501 3065 1629 3126 memor,

327 3148 497 3214 custodivit
517 3147 660 3212 nonnihil
683 3145 816 3230 peeunie
837 3145 879 3210 ad
903 3146 1064 3228 impensas
1089 3147 1217 3211 funeris.
1258 3145 1321 3210 Sed
1347 3145 1423 3230 quid
1451 3166 1513 3211 non
1533 3145 1632 3212 audet

327 3251 566 3316 testamentaria
586 3249 695 3314 ilaus?
736 3249 793 3311 lsti
814 3245 1006 3310 iraudulenti
1028 3246 1225 3330 heredipete,
1251 3247 1341 3329 quasi
1361 3245 1441 3311 nibil
1458 3248 1631 3331 reliquerit,

327 3354 455 3418 eborum
474 3353 541 3417 suis
562 3339 732 3434 stipendiis
753 3347 951 3427 del'randant,
972 3367 1068 3429 quum
1088 3367 1236 3432 suprema
1250 3349 1398 3413 voluntas
1418 3349 1479 3413 riri
1500 3351 1585 3415 senis
1598 3351 1630 3414 X

327 3475 440 3520 aureos
461 3453 503 3518 ad
522 3451 730 3519 solaoiaeleri
741 3450 859 3532 templo
870 3449 1032 3530 legaverit.
1074 3448 1220 3513 Pretersa
1238 3450 1319 3514 elam
1341 3458 1498 3534 oeeapant
1518 3451 1630 3516 domus

328 3557 477 3623 utensilia
498 3563 529 3620 et
551 3555 783 3638 pauperrimum
811 3551 909 3616 luisse
928 3557 1107 3615 causantur.
1149 3550 1199 3614 De
1224 3559 1288 3615 tam
1318 3552 1437 3635 insigni
1465 3554 1630 3619 rnendaeio

327 3667 359 3726 et
380 3658 512 3743 pertidia
533 3655 705 3738 loquebar‘1
727 3673 796 3718 eum
818 3653 936 3718 Pau102
958 3661 1098 3737 tempore
1119 3673 1196 3718 esne
1218 3675 1278 3718 non
1299 3655 1368 3719 sine
1389 3657 1472 3719 iusta
1492 3656 1629 3738 quadam

327 3761 541 3826 commotione.
591 3757 653 3821 seu
684 3777 754 3820 earn
784 3755 878 3820 bodie
906 3756 1097 3836 psalmorum
1125 3755 1284 3820 medicina
1317 3756 1451 3822 sedavit.
1499 3759 1627 3823 Leeturn

302 3921 305 3928 .
330 3881 465 3945 namque
489 3867 550 3927 est:
578 3859 831 3940 „Thesaurisat3
851 3865 882 3919 et
902 3857 1055 3937 ignorat‘,
1075 3855 1125 3919 eui
1143 3858 1369 3939 congregabits
1388 3859 1456 3938 ea,“
1477 3859 1561 3940 quod
1582 3880 1630 3924 re·

327 3965 423 4029 terri⁸
445 3969 549 4048 potest
564 3959 838 4025 adlurouonanni
859 3957 1043 4021 custodiam.
1084 3957 1163 4020 Tam
1184 3959 1266 4021 enirn
1289 3979 1421 4042 rapaees
1442 3968 1515 4025 aurit
1535 3968 1628 4027 testa-

326 4066 486 4146 mentarii,
516 4071 549 4128 ut
575 4064 644 4147 ipse
671 4061 803 4126 debeam
830 4060 906 4123 milri
937 4059 1097 4143 principes
1122 4059 1207 4124 viros
1235 4057 1277 4123 in'
1297 4061 1369 4125 lldei
1397 4063 1629 4127 commissarios

323 4168 465 4250 deligere
486 4166 537 4231 vel
558 4165 662 4250 potius
685 4164 762 4228 nibil
786 4163 970 4244 relinquere.
1011 4161 1043 4224 X
1065 4179 1177 4225 aureos
1198 4170 1230 4225 et
1247 4163 1404 4245 utensilia,
1425 4184 1486 4246 que
1506 4185 1629 4250 pauper

393 4285 459 4336 “ra
480 4305 553 4336 ae..
594 4271 692 4334 lnam
711 4287 748 4332 oet
768 4288 806 4333 ra.
885 4279 983 4330 ⁰raue
1001 4282 1039 4330 aa·
1057 4284 1097 4330 aa
1172 4267 1237 4330 “aa
1254 4285 1381 4345 loquebar.
1457 4279 1522 4333 οφ,
1539 4287 1627 4337 aaut.

323 4345 333 4383 s
349 4363 382 4406 la
402 4359 572 4420 congregavit.
644 4351 657 4386 ⁸
677 4359 696 4404 I·
714 4359 813 4404 reterre.

385 4555 656 4626 liuvenalllttu.
739 4547 999 4606 2Seinramu1us.
1079 4545 1209 4605 3Paalm
1224 4551 1271 4622 39,
1283 4551 1310 4606 t.
