3625 5192
297 327 332 389 62
702 322 964 400 Gesehiehtaquellen
983 332 1031 387 dor
1049 326 1123 387 Prot.
1144 324 1267 388 Saehseu.

381 482 525 566 „Cedant
544 500 634 545 arma
653 487 757 562 togae,
777 480 931 547 eoneedat
954 482 1063 547 laurea
1083 480 1241 563 liuguae.“
1283 481 1374 545 Hune
1392 500 1515 546 uersum
1538 480 1605 563 qul-

299 587 373 651 dam
396 604 563 670 perperam
583 584 831 664 interpretantur
850 582 1011 649 tradentes
1033 605 1089 669 per
1113 584 1252 648 lauream
1275 581 1449 665 siguifioari
1471 592 1606 667 poetam,

298 708 394 771 quum
415 688 586 769 imperator
606 684 808 767 significetur.
852 684 994 751 Viatores
1016 686 1091 750 olim
1113 684 1247 749 laureati
1268 684 1515 768 triumphabant.
1556 685 1607 749 De

298 790 450 855 laureatis
477 788 632 854 militibus
660 788 808 869 frequens
839 786 874 850 lit
899 789 1018 852 mentio
1051 786 1137 871 apud
1164 787 1301 853 illustres
1329 786 1510 869 historiens,
1544 808 1606 853 non

298 900 404 957 tamen
419 910 503 975 nego
516 892 655 956 lauream
677 891 774 955 etiam
784 890 827 955 ad
838 897 949 973 poetas
965 910 1026 955 uon
1039 891 1142 954 minus
1154 908 1249 972 quam
1268 887 1416 954 hederam
1438 892 1607 973 pertinere,

298 995 353 1076 qui
374 1000 407 1059 et
425 994 561 1059 baooare
581 992 822 1059 coronabantur.
863 991 928 1057 Sed
949 993 1030 1057 nihil
1052 991 1131 1057 haee
1151 992 1273 1057 scilieet
1294 991 1335 1055 ad
1360 994 1453 1067 istos,
1475 1011 1605 1073 quorum

298 1116 413 1162 nomen
440 1116 461 1161 a
490 1094 598 1161 baoois
621 1094 703 1160 lauri
728 1094 884 1159 deduoere
915 1096 1010 1161 miror
1038 1114 1100 1159 non
1127 1094 1289 1160 indoctos·
1319 1095 1414 1158 etiam
1443 1094 1607 1177 quosdam,

298 1217 369 1263 eum
388 1198 431 1262 sit
450 1198 521 1263 sine
543 1197 641 1261 dubio
666 1218 688 1262 a
716 1196 842 1262 baoillis
867 1196 1059 1279 derivatum,
1088 1215 1170 1279 quae
1196 1203 1358 1279 gestantes
1381 1202 1530 1278 tauquam
1559 1197 1607 1260 in-

298 1300 405 1382 signia
425 1300 458 1363 in
480 1298 564 1363 ludis
583 1299 746 1364 literarum
767 1306 799 1363 et
819 1300 947 1383 templis
967 1299 1068 1381 aliqui
1088 1306 1233 1364 curarent
1253 1318 1380 1364 munere
1400 1299 1459 1363 hoo
1480 1298 1607 1363 honoris

299 1401 475 1485 iungentes.
517 1400 585 1466 Nos
604 1400 801 1483 gratulamur
822 1401 967 1477 Eobano,
997 1402 1080 1483 quod
1102 1402 1136 1466 in
1155 1401 1319 1467 Socratica
1348 1401 1431 1466 silva
1451 1399 1510 1466 hoe
1530 1407 1606 1464 tem-

298 1522 391 1587 pore,
417 1505 500 1586 quob
521 1511 668 1569 orentae⁰
688 1502 806 1567 herbae
827 1504 996 1568 eontraetis
1028 1504 1131 1569 crenis
1154 1504 1332 1585 amissoque
1354 1504 1457 1568 virore
1477 1500 1606 1567 llaoees-

298 1616 374 1671 eunt
395 1613 490 1687 atque
510 1606 775 1685 intermorientur,
796 1625 859 1669 non
880 1604 1100 1672 offenderitad
1112 1606 1231 1689 spinas,
1251 1604 1308 1671 sed
1330 1604 1450 1671 illaesis
1470 1604 1606 1688 pedihus

299 1715 332 1772 et
350 1707 498 1773 manibus
521 1708 630 1773 orbem
654 1707 896 1791 disoiplinarum
921 1714 1071 1790 tanquam
1103 1708 1259 1790 lignorum
1285 1728 1433 1773 auersum
1462 1707 1606 1791 exemplo

299 1809 492 1892 Protagorae
518 1811 578 1875 sub
605 1810 729 1892 argutis
756 1810 947 1875 Democritis
977 1812 1215 1893 responsionum
1239 1810 1376 1875 vineolis
1403 1818 1435 1874 et
1460 1809 1606 1873 anurnine

298 1910 502 1978 laudabiliter
522 1912 754 1993 oonstrinxerit,
777 1920 810 1977 ut
833 1912 962 1995 lignarii
986 1912 1202 1993 baoulariique
1225 1913 1316 1978 titulo
1338 1913 1420 1976 inter
1443 1912 1606 1975 universos

298 2034 525 2081 oouseuraneos
545 2016 614 2080 sine
635 2016 848 2081 controuersia
867 2017 929 2081 isto
950 2034 1074 2097 quoque
1094 2017 1220 2080 nomine
1234 2014 1442 2097 dignissimus
1462 2019 1495 2078 et
1515 2013 1606 2095 quasi

299 2116 489 2200 primarins¹
524 2124 620 2200 atone
650 2136 689 2184 eo
721 2118 865 2203 prinoipe
901 2118 971 2183 loeo
1005 2116 1171 2183 donandus
1201 2136 1271 2183 esse
1303 2117 1457 2182 videatur.
1517 2116 1605 2181 Vale.

299 2219 389 2297 Quae
410 2227 539 2300 restant,
560 2226 681 2285 restam
701 2226 808 2285 numm
827 2221 959 2303 egregia
980 2228 1012 2284 et
1033 2220 1178 2303 inprimis
1199 2219 1342 2299 honesta,
1362 2220 1394 2283 iu
1413 2219 1478 2283 alia
1495 2218 1607 2283 olrarta
1688 2278 1690 2285 .

300 2321 411 2404 pauois
431 2340 634 2406 exponemus.

371 2444 447 2491 Gudr.
472 2444 496 2503 1)
517 2445 551 2491 im
566 2445 621 2493 bib.
637 2460 694 2493 nov.
708 2444 965 2493 rolutv-Kte
1019 2446 1044 2502 2)
1073 2445 1141 2493 bsrz
1155 2447 1179 2493 S.
1190 2444 1346 2492 aet-268.

368 2544 432 2595 “rs
448 2550 475 2595 in
494 2549 587 2599 doctos.
628 2534 693 2597 1'Tu
709 2551 761 2596 und
780 2550 835 2600 nlo.
854 2566 911 2598 nov.
931 2550 1005 2611 qnod.
1050 2544 1136 2599 eLib.
1155 2566 1213 2599 nov.
1231 2550 1282 2597 artri
1301 2550 1335 2596 Τπ
1353 2552 1462 2597 orantus.
1498 2548 1605 2596 Grauius

300 2619 360 2666 oder
377 2619 570 2667 Grntus-Cavus
589 2621 635 2680 opt.
654 2622 783 2681 Βιιοαιιςο.

852 2766 1051 2774 -οι-ᾑ

298 2847 358 2917 48.
380 2845 424 2915 ll.
445 2864 491 2915 un
511 2847 646 2916 Urbun.
1359 2847 1475 2916 sothe
1496 2848 1602 2914 1506.

367 2970 429 3016 blut.
454 2971 604 3017 lihorssndet
630 2972 694 3018 Gold
722 2986 754 3018 un
782 2972 867 3019 Urban
900 2972 951 3019 urrd
981 2972 1050 3032 giebt
1081 2974 1233 3034 dnwoisnng
1264 2974 1303 3020 stlr
1329 2974 1398 3020 suino
1421 2972 1602 3029 Vorwonduug.

298 3041 369 3087 Anah
386 3042 486 3089 aehieht
504 3057 531 3087 er
550 3042 592 3089 oin
609 3043 774 3101 Jagdmesser.
811 3043 846 3091 Er
864 3045 937 3102 klagt
955 3044 1061 3089 alsdunn
1080 3045 1141 3091 iibnr
1159 3044 1354 3104 Anisludungon
1372 3060 1421 3091 rou
1440 3046 1505 3091 allon
1520 3044 1604 3089 salton

300 3112 352 3157 nnd
371 3112 444 3173 lrllgt,
464 3113 496 3158 ob
515 3112 555 3159 diu
575 3112 647 3159 Reiso
665 3114 731 3159 naelr
749 3113 908 3171 Kamul-und
930 3114 1015 3159 Erlurt
1036 3130 1079 3160 zur
1095 3116 1255 3174 Arrslillrrung
1272 3117 1386 3175 galanga.

379 3209 516 3275 Heurioo
538 3208 712 3291 Urbano,
732 3212 801 3275 viro
821 3211 950 3293 optimo,
973 3210 1132 3276 blutianus
1154 3212 1262 3277 Rulus.

380 3313 411 3375 S.
454 3312 558 3376 Bonos
579 3330 691 3377 aureos
712 3332 856 3379 uunrmos
880 3320 1013 3394 quatuor
1041 3334 1079 3379 ea
1100 3314 1172 3397 lege
1192 3316 1303 3379 damus
1325 3314 1365 3379 ad
1389 3315 1547 3395 abbatem,
1572 3322 1605 3378 ut

296 3412 497 3477 dimidiatum
524 3414 579 3477 det
606 3414 696 3478 fratri
724 3414 756 3478 in
778 3416 1031 3499 congregacione
1051 3436 1108 3498 pro
1130 3418 1255 3483 vinaria
1277 3417 1502 3481 recreatione2.
1545 3416 1603 3479 Re-

297 3515 416 3597 liquum
448 3534 523 3578 vero
563 3534 682 3580 summe
718 3519 804 3596 (nam
835 3536 907 3582 mea
937 3520 1041 3602 portio
1071 3520 1149 3584 l'aoit
1175 3520 1236 3583 llll
1269 3514 1416 3603 florenos)
1445 3517 1601 3583 Matheol.

296 3616 466 3701 Empturus
495 3636 581 3681 eram
608 3620 805 3684 senatorium
834 3619 966 3685 cultrum
997 3621 1028 3683 in
1059 3620 1209 3685 nundinis
1236 3621 1441 3703 nuperrimis,
1462 3620 1518 3685 sed
1541 3640 1602 3685 non

296 3726 365 3784 erat
389 3719 487 3783 ullum
508 3720 631 3784 venale.
674 3721 812 3785 Proinde
834 3742 936 3787 meum
958 3722 1094 3787 Henrioo
1116 3723 1214 3801 dono,
1240 3722 1315 3803 quia
1335 3722 1504 3787 venatione
1525 3742 1602 3803 gau-

296 3822 371 3887 dere
392 3821 517 3887 dieitur.
560 3822 706 3901 Urbane,
732 3844 794 3888 non
821 3826 937 3889 erimus
962 3824 1021 3889 tibi
1051 3824 1184 3889 molesti.
1224 3824 1289 3889 Sed
1315 3823 1407 3905 audi,
1437 3824 1513 3906 quid
1533 3822 1601 3888 liat:

295 4166 320 4221 B
359 4084 369 4125 ¹
393 4088 425 4182 ln
447 4088 510 4143 dem
532 4088 721 4144 betreffenden
737 4088 946 4144 Veraeiehnisso
975 4088 1012 4143 ist
1033 4088 1130 4144 Euhan
1152 4088 1257 4143 Hessus
1284 4089 1332 4143 der
1352 4088 1439 4144 vierle
1463 4096 1544 4144 tenter
1563 4090 1600 4143 36

320 4168 498 4303 aeglahrlldiliiun
518 4248 627 4304 selreint
646 4250 695 4303 das
711 4248 849 4303 Gewieln
869 4247 960 4301 aeines
987 4248 1091 4303 unweit
1111 4248 1219 4305 Erfurts
1240 4250 1395 4321 holsgenen
1417 4250 1601 4321 Weiubergos

296 4329 358 4382 dem
381 4328 495 4383 Kloster
514 4328 703 4399 Geor-gonthal
723 4346 771 4383 zur
790 4328 989 4400 einstweihgen
1008 4328 1237 4402 Aufbewalnung
1262 4332 1318 4383 und
1340 4331 1600 4401 saehverstllndigeu

297 4407 483 4502 Behaudluug
504 4409 663 4480 ilbergeben
684 4425 718 4462 zu
738 4407 839 4477 haben,
859 4408 949 4462 wosilr
962 4426 992 4463 er
1007 4409 1067 4463 hier
1082 4428 1139 4464 ιιιιιι
1160 4412 1212 4464 den
1229 4411 1342 4481 Enlgelt
1359 4428 1394 4464 arr
1407 4412 1459 4465 deu
1473 4412 1497 4466 V
1499 4411 1602 4464 inanius

295 4490 567 4638 ‘mr-iditdlivermag
577 4567 657 4621 nieht
676 4584 710 4621 zu
730 4586 825 4639 sagon,
846 4570 950 4624 welche
963 4570 1184 4627 Persiiuliulrlreit
1196 4571 1302 4626 Mutiau
1325 4571 1385 4626 hier
1396 4572 1433 4626 im
1446 4571 1526 4643 Auge
1544 4571 1594 4625 hat
