3625 5192
637 371 726 431 Briele
746 372 866 431 llutiaas
887 377 929 433 70,
949 376 989 431 71.
1008 366 1049 431 72.
1467 364 1503 425 99

193 520 249 590 72.
270 518 314 593 ll.
327 539 371 587 aa
384 520 569 589 llorelrord
582 542 614 593 r.
628 522 664 589 d.
676 522 849 594 llartlren.
1090 522 1224 607 (dotlra
1238 525 1336 594 15⁰8.
1359 524 1436 590 lull
1450 526 1501 606 4.)

262 646 324 694 Mul.
344 648 377 693 ‘rat
396 647 502 694 dartibor
521 650 685 708 urrgalralten,
711 649 768 695 dass
785 648 871 695 Eobrm
890 650 982 696 llessrrs
1002 650 1045 695 ilrn
1070 664 1155 707 wagan
1174 650 1219 695 dar·
1238 650 1460 709 luelaorurrumng
1476 664 1502 695 so

194 716 322 765 bastllrrnt.
361 719 631 777 Nielrtadestoweniger
652 720 763 767 veraleht
786 734 814 767 er
839 720 1000 767 llarelrordus
1022 736 1046 767 v.
1067 720 1091 767 d.
1110 720 1226 767 Marthen
1249 720 1295 767 mit
1318 720 1502 781 Aurrslsungen

195 789 233 834 mr
251 788 292 835 dia
310 788 505 849 Enndgllchung
523 790 661 835 darselbon.

274 887 506 953 Herebordo
526 886 761 971 Margarito,
790 889 970 973 iurisperito
994 888 1180 969 cultissimo,
1210 888 1313 954 amieo
1337 888 1503 971 singulari,

194 1008 219 1053 s.
241 1009 272 1072 p.
293 988 325 1052 d.

274 1090 441 1155 Trebelius
472 1092 582 1157 laurea
607 1091 772 1160 redimitus
799 1112 838 1159 ex
874 1092 1044 1178 principali
1077 1092 1297 1175 indulgentia1
1329 1113 1378 1159 me
1404 1113 1502 1179 prope

193 1195 298 1276 coegit
320 1194 490 1273 impetrare
511 1194 573 1259 sibi
588 1214 735 1261 eoronam
746 1196 849 1261 istam
891 1196 1176 1277 llobaausqnoque
1189 1203 1302 1271 noster,
1324 1196 1503 1281 utamplior

192 1296 256 1361 sibi
277 1296 399 1377 gloriae
419 1297 562 1361 cumulus
587 1299 737 1379 aooedat,
763 1297 797 1362 id
824 1300 928 1382 ipsum
955 1298 1187 1383 privilegium2,
1217 1304 1370 1381 anquam
1399 1297 1441 1363 sit
1469 1298 1501 1361 in

193 1417 288 1463 mauu
309 1418 398 1477 mea,
424 1398 571 1481 precibus
590 1399 823 1467 ardentissimis
846 1406 1018 1483 extorquet.
1067 1400 1117 1465 lta
1141 1406 1231 1465 vates
1258 1400 1324 1464 vim
1350 1399 1502 1464 afferunt³

192 1500 275 1566 Nolo
291 1501 396 1566 dieere
412 1500 504 1565 illudb
517 1501 669 1567 Horatii&
684 1502 863 1583 „vesanum
875 1503 1020 1585 tetigisse
1035 1503 1147 1568 timent
1162 1500 1350 1584 fugiuntque
1363 1510 1500 1587 poetam,

194 1604 247 1685 qui
268 1604 425 1688 sapiunt‘.
467 1603 890 1687 Egonunqnanrolfeudam,
912 1606 1016 1689 potius
1037 1604 1218 1689 pollicebar,
1242 1624 1314 1669 raro
1335 1604 1501 1669 eonsilium

194 1706 287 1771 dabo.
332 1706 491 1789 imputant
511 1706 571 1770 tibi
589 1713 734 1771 eventurn
746 1716 777 1773 et
788 1719 938 1791 tanquam
951 1707 1104 1791 pullarius
1116 1706 1315 1771 nunciaverit
1325 1706 1501 1791 auspicium

194 1808 396 1888 solistimum,
427 1815 482 1872 aut
512 1826 532 1871 a
557 1809 687 1873 sinistra
717 1810 837 1889 oornix,
871 1830 892 1873 a
918 1808 1031 1875 dextra
1060 1828 1173 1875 corvus
1204 1808 1399 1889 volitaverit,
1433 1817 1502 1873 rata

196 1916 308 1992 putant
328 1910 451 1991 omnia,
478 1930 560 1992 quae
582 1911 784 1977 consulueris.
827 1911 929 1976 Nemo
950 1910 1093 1976 mandati
1115 1930 1154 1974 ex
1174 1910 1307 1975 consilio
1327 1910 1501 1993 obligatur,

196 2030 266 2077 eum
287 2013 544 2095 liberumeuique
565 2013 607 2078 sit
625 2014 711 2097 apud
732 2034 767 2079 se
788 2014 964 2097 explorare,
985 2034 1026 2079 au
1048 2012 1199 2097 expediat
1216 2011 1389 2077 eonsilium.
1431 2012 1503 2075 Pru-

195 2116 306 2179 missor
326 2135 460 2198 quoque,
480 2116 507 2180 si
535 2116 630 2200 eulpa
649 2116 784 2199 doloque
807 2118 890 2182 malo
914 2120 1014 2195 earet,
1036 2135 1098 2180 non
1121 2121 1245 2179 tenetur
1271 2112 1311 2179 de
1339 2134 1372 2179 ro
1394 2113 1501 2179 dubia.

197 2216 260 2281 Sed
282 2224 396 2301 poetae
417 2223 546 2281 utuntur
564 2218 630 2283 suis
652 2217 787 2301 legibus.
828 2219 863 2283 Si
891 2217 1055 2283 eonsilium
1078 2217 1151 2295 das,
1179 2218 1204 2281 si
1234 2216 1405 2301 promittis,
1431 2236 1502 2279 mox

197 2317 365 2383 intendunt
387 2320 544 2385 actionem
575 2340 613 2384 ex
642 2326 805 2385 eontraotu
833 2321 936 2386 bonae
957 2319 1032 2385 fidei
1060 2327 1091 2384 et
1116 2339 1180 2384 rem
1208 2320 1311 2403 ipsam
1333 2316 1503 2382 condicunt

197 2427 230 2484 et
249 2421 334 2503 quod
355 2441 413 2486 sua
433 2422 586 2487 interesse
606 2428 734 2505 putant,
761 2423 940 2505 petulanter
960 2430 1198 2505 persequuntur.
1240 2422 1334 2487 Suasi
1364 2421 1503 2504 saepiae,

197 2530 231 2587 ut
249 2523 368 2589 utiliter
395 2524 538 2589 studeres
565 2524 691 2589 omissis
719 2524 884 2590 inutilibus
914 2526 1025 2605 nugis,
1057 2542 1137 2607 quas
1160 2525 1229 2589 sive
1250 2524 1413 2588 eorrtineas
1435 2524 1503 2587 sire

196 2626 347 2708 proferas,
369 2645 431 2690 non
451 2625 573 2691 doetior
592 2625 762 2708 videberis,
783 2627 839 2693 sed
851 2627 1020 2692 molestior.
1061 2626 1271 2707 Nugatorium
1283 2634 1332 2691 est
1351 2644 1503 2708 quaerere

194 2726 237 2792 de
257 2726 332 2791 liliis
350 2727 485 2795 Niobes.
507 2726 548 2793 de
569 2736 670 2793 matre
693 2728 857 2809 Heoulrae,
881 2729 959 2811 quld
978 2730 1106 2795 Sirenes
1125 2736 1255 2793 eantare
1275 2729 1339 2793 sint
1360 2730 1503 2807 solitae⁴,

194 2849 238 2893 an
267 2830 399 2915 Sappho
427 2830 543 2915 pudiea
568 2830 671 2896 luerit.
722 2831 810 2896 llaeo
835 2850 1033 2915 supervacua
1061 2831 1234 2912 vestigatio
1266 2832 1373 2913 procul
1410 2830 1503 2895 absit.

194 2932 270 2995 'l‘ibi
291 2933 470 3019 praecipio,
494 2953 557 2998 non
589 2934 700 3015 poetis.
752 2934 824 2998 Non
852 2936 969 2999 tenent
995 2934 1057 2998 ista
1083 2934 1214 3015 ingenia
1241 2934 1335 2997 talem
1361 2933 1502 2998 admoni-

193 3036 324 3099 tionem.
366 3035 589 3100 Permittamus
605 3035 719 3117 igitnr⁰
741 3036 840 3100 Musis
863 3034 1079 3100 tabulamenta
1099 3044 1131 3101 et
1151 3036 1295 3101 dieamus
1310 3036 1504 3117 Sicyoneos⁵

195 3136 321 3202 ealoeos
341 3143 434 3220 aptos
453 3156 524 3203 esse
544 3136 587 3201 ad
608 3137 730 3221 pedem,
752 3138 874 3203 Soorati
895 3144 1076 3203 tamennon
1096 3138 1273 3203 convenire.
1315 3136 1504 3218 Dellgamus

194 3239 289 3303 nobis
311 3239 498 3305 indisertam
525 3239 630 3324 potius
655 3239 829 3304 doctrinam
856 3259 950 3323 quam
977 3239 1106 3304 stultam
1132 3238 1342 3320 elegantiam,
1367 3240 1503 3303 vitemus

195 3340 303 3406 odium
325 3346 497 3424 poetarum,
517 3360 649 3423 quorum
668 3360 795 3406 earmen
816 3348 866 3406 est
882 3343 929 3407 uti
951 3342 1078 3424 gladius
1095 3348 1205 3407 anulus
1225 3342 1257 3404 in
1269 3358 1364 3405 mauu
1383 3341 1502 3404 lirrlosi.

196 3443 278 3507 Dico
299 3442 339 3507 de
360 3443 462 3510 malis.
503 3443 668 3507 llobanum
689 3450 829 3508 nostrum
849 3464 974 3527 semper
994 3444 1170 3527 exeipipar
1185 3448 1241 3509 est.
1284 3443 1373 3507 Nihil
1395 3443 1502 3528 impie,

197 3545 470 3625 nihilseurriliter,
491 3545 777 3627 nihilimmodeste,
799 3548 934 3627 ineante,
958 3546 1111 3611 barbare‘¹
1136 3546 1262 3631 profert.
1305 3546 1342 3609 ln
1362 3564 1424 3627 quo
1441 3565 1503 3609 nou

196 3648 300 3712 minus
310 3650 457 3713 eoelestis
467 3648 590 3730 ingenii
601 3650 693 3731 vigor
703 3667 797 3731 qrram
810 3667 930 3713 morum
945 3648 1098 3713 sanotitas
1108 3648 1233 3713 ernlnot.
1262 3647 1374 3729 ltaque
1387 3666 1427 3713 ne
1438 3653 1502 3711 tam

196 3752 316 3815 omnum
345 3752 449 3815 lumen
475 3752 535 3816 sub
556 3751 662 3815 modio
682 3752 797 3831 lateat,
825 3751 952 3816 surabis
973 3752 1069 3815 etiam
1092 3758 1187 3832 atque
1211 3750 1318 3831 etiam,
1339 3756 1373 3815 ut
1393 3750 1503 3815 literae

196 3851 370 3917 reddantur
379 3873 436 3919 suo
448 3854 515 3919 loeo
526 3873 645 3935 suraque
659 3860 810 3935 ternpore.
852 3853 1041 3933 Donabitur,
1063 3860 1096 3917 ut
1117 3872 1219 3935 spero,
1239 3853 1503 3935 eoronapoetiea,

196 3960 232 4019 ut
250 3955 378 4019 tandem
401 3956 433 4019 in
447 3958 572 4020 coronis
583 3956 774 4020 eruditorum
786 3954 898 4020 llorere
912 3956 1069 4021 aevivere
1086 3954 1254 4036 gloriosius
1274 3974 1313 4019 ao
1334 3953 1504 4035 tranquille

267 4071 331 4122 'Ta
350 4078 474 4126 adserunt.
547 4068 610 4125 ΜΞ
629 4079 704 4125 aliud.
775 4072 839 4124 ‘Ta
858 4094 923 4137 ergo.
994 4061 1060 4123 “Ta
1078 4078 1242 4136 barbaroque.

198 4200 308 4210 *ηοω
325 4204 343 4210 ,
361 4206 369 4209 -
390 4206 394 4209 .

260 4289 272 4331 ¹
294 4292 357 4363 vgt.
376 4292 421 4347 Br.
434 4293 479 4349 71.
539 4288 632 4363 2vg1.
652 4291 758 4349 orno.
820 4287 909 4345 3Ars
930 4290 1048 4363 poetica
1060 4288 1238 4344 sss-456.
1291 4285 1503 4361 4Auaplelung

196 4372 248 4426 auf
258 4371 372 4441 Sueten,
388 4373 530 4443 Tiberius,
551 4372 602 4426 70:
630 4388 693 4427 nam
716 4378 745 4426 et
761 4372 1010 4442 grammaticos...
1029 4411 1035 4425 .
1057 4371 1191 4424 eiusmodi
1213 4371 1272 4425 fere
1293 4370 1502 4440 quaestionibus

198 4454 402 4523 experiebatur,
429 4471 500 4523 qrrae
523 4459 611 4507 mater
629 4452 777 4523 Hecubae,
804 4454 877 4522 qrrod
900 4452 1004 4505 Aelrllli
1032 4468 1132 4504 nomen
1161 4452 1234 4504 inter
1255 4451 1376 4522 virgines
1396 4450 1503 4518 luisset,

198 4536 271 4603 qnod
299 4534 409 4587 Sirenes
430 4541 541 4588 eantare
563 4532 619 4586 sint
639 4534 745 4588 solitae.
817 4530 917 4603 5Vgl.
930 4532 987 4587 Cic.
1000 4532 1034 4585 de
1045 4539 1112 4587 orat.
1127 4532 1149 4601 l,
1159 4530 1204 4585 54.
1244 4532 1300 4587 Das
1322 4532 1424 4585 leielrte
1445 4532 1500 4584 und

198 4615 324 4686 elegante
339 4613 700 4686 aikyonlaeheSelruhwerk
722 4632 776 4669 war
798 4613 835 4669 im
861 4613 1000 4668 Altertum
1021 4612 1235 4667 lroelrborlihmt.

1261 4708 1298 4773 7*
