3625 5192
624 360 714 416 Brieie
732 361 853 416 Mulians
870 360 930 415 258.
951 360 1010 417 259.
1033 362 1092 417 260.
1462 364 1513 417 343
1615 402 1616 407 ,

202 506 357 573 hlamlum
388 515 473 573 tuum
484 513 507 591 ¹,
536 512 670 594 carptim
691 510 763 592 legi.
808 510 908 575 Totus
935 519 982 575 est
1006 510 1223 590 Christianus,
1252 510 1315 593 piis
1339 510 1456 582 fabulis
1484 521 1516 579 et

202 612 329 693 quidem
351 611 529 693 multiiugis
550 620 667 690 scatet,
694 613 783 678 utilis
803 621 851 678 est
871 613 932 678 'tibi
954 614 1204 679 concionaturc⁸.
1248 614 1314 679 Fac
1334 614 1419 679 bona
1440 621 1515 697 loga

203 714 357 778 vestiatur
382 699 412 779 et
442 714 570 781 tandem
600 716 679 780 nrihi
704 716 932 801 perlegendum
959 716 1170 791 accommoda.
1217 715 1267 779 Ad
1294 716 1395 781 colum
1421 719 1515 783 sessi·

202 802 309 880 tantes
345 816 471 880 anicule
503 827 634 882 narrant
665 818 828 883 nubilibus
853 818 968 902 puellis
995 817 1149 883 eiusmodi
1175 818 1315 897 fabulas,
1347 818 1403 884 sed
1432 819 1514 894 vide,

202 926 354 999 quantum
382 918 515 984 intersit.
557 920 646 984 Anus
666 918 834 1000 loquacula
854 920 955 1001 garrit
976 921 1096 1001 agresti
1117 922 1343 999 susurramine,
1375 919 1515 989 hierulus

203 1020 302 1085 latine
322 1021 392 1099 scit,
412 1020 468 1086 illa
487 1022 582 1086 refert
603 1019 714 1086 audita
734 1029 766 1086 et
787 1020 971 1104 plemmquc
994 1022 1118 1103 frivola,
1142 1021 1193 1086 hic
1212 1022 1383 1087 autoritate
1404 1024 1516 1088 nititur

203 1132 235 1188 et
256 1122 375 1188 Obristi
395 1125 554 1188 curruuhos
575 1123 721 1205 perducit
743 1124 785 1189 ad
806 1124 964 1189 virtutem.
1007 1124 1071 1189 Sed
1097 1125 1176 1189 istas
1201 1126 1383 1190 omittamus
1404 1144 1514 1209 nugas.

205 1226 352 1291 Nostrum
374 1226 589 1291 Herehordum
619 1226 783 1309 superbire
809 1234 841 1291 et
865 1226 996 1291 odiuml
1022 1228 1225 1310 plurimorum
1255 1226 1296 1292 ad
1325 1247 1360 1293 se
1388 1227 1514 1293 trahere

204 1330 310 1393 verius
334 1329 510 1418 verimonia
533 1337 591 1394 est.
640 1328 793 1393 Famulus
818 1328 992 1409 Hebreus‘l,
1014 1348 1106 1411 quem
1128 1330 1256 1411 habuit,
1281 1330 1412 1394 multum
1436 1329 1513 1395 mibi

203 1431 245 1496 de
272 1431 462 1513 arrogancia
482 1430 607 1497 iuvenis
632 1431 821 1497 denarravit
863 1432 982 1511 „Est“,
1013 1432 1130 1513 inquit,
1157 1432 1276 1512 „herus
1297 1451 1386 1497 meus
1408 1438 1515 1497 tantus

168 1550 171 1557 ·
204 1540 394 1611 ostentator,
427 1544 460 1597 ut
493 1534 534 1596 ad
565 1532 816 1615 Engelmaunum
843 1533 976 1597 dixerit:
1004 1534 1081 1614 „ich
1115 1534 1177 1599 hab
1208 1534 1322 1617 gered⁰
1357 1554 1414 1599 vor
1441 1533 1513 1599 dem

204 1637 273 1700 rath
296 1635 360 1699 und
381 1655 573 1717 gewunnen,
603 1636 659 1700 der
678 1636 747 1701 rath
768 1636 831 1701 und
854 1638 919 1703 ril‘l
940 1635 1041 1701 ander
1062 1637 1153 1702 luben
1176 1636 1259 1701 mich
1281 1638 1373 1702 rel⁶.“
1423 1637 1512 1719 Hem,

204 1739 281 1820 quid
303 1737 412 1801 audiol
454 1738 521 1803 Hoc
541 1740 663 1803 l'aciunt
684 1740 782 1819 stulti,
802 1759 880 1821 quos
900 1740 1004 1821 gloria
1021 1747 1117 1804 vexat
1139 1740 1243 1805 inanis
1290 1738 1514 1805 Pistoriensis³

204 1859 255 1905 me
286 1841 446 1906 salutavit.
504 1841 642 1923 imputat
669 1840 852 1907 Herebordo
889 1841 993 1907 scelus
1023 1840 1182 1907 discordie
1212 1842 1294 1905 intr
1332 1840 1449 1924 sophos
1482 1848 1513 1905 et

204 1942 364 2008 consultos
396 1963 491 2027 super
516 1944 713 2027 preterendis
743 1944 930 2023 baculariis,
964 1944 1027 2008 imo
1062 1945 1224 2009 fatebatur
1257 1952 1416 2009 autorem!
1443 1962 1513 2008 esse

204 2046 437 2131 appellaciouis
467 2045 591 2110 'Nimis
612 2054 661 2111 est
681 2048 876 2113 temerarius.
918 2046 990 2110 Non
1012 2044 1119 2130 probo.
1163 2045 1247 2110 lnler
1266 2044 1350 2109 hune
1373 2046 1512 2129 etrlper-

205 2147 342 2213 bacchus
368 2148 605 2213 distractionem
632 2155 664 2213 et
687 2148 875 2215 discidium⁴
896 2148 1008 2213 itidem
1030 2169 1091 2213 uon
1114 2148 1219 2231 probo.
1263 2146 1346 2226 Quid
1367 2166 1447 2231 opus
1466 2152 1515 2211 est

205 2250 335 2314 verbis?
379 2250 463 2315 Male
492 2248 627 2315 lembum
652 2250 809 2331 gubernat
834 2258 869 2315 et
895 2270 973 2335 puer
1001 2269 1094 2316 senes
1120 2250 1246 2334 impetit
1266 2256 1312 2331 et,
1338 2248 1421 2331 quod
1444 2268 1514 2313 con·

205 2352 295 2416 venit
315 2353 397 2417 iuter
416 2372 534 2431 omues,
557 2350 729 2435 patrissat(
1504 2368 1508 2377 ·

286 2453 396 2519 Donas
416 2453 495 2519 mihi
519 2454 635 2521 cultros
660 2454 851 2520 convivales.
892 2456 977 2534 Quid
998 2475 1108 2537 agam,
1136 2462 1169 2519 ut
1195 2474 1253 2537 par
1277 2454 1362 2535 pari,
1390 2453 1433 2518 mi
1455 2452 1513 2518 Ur·

205 2556 299 2638 bane,
319 2554 532 2640 respondeat?
569 2556 710 2641 Tempus
725 2560 911 2640 expectabo,
930 2579 991 2641 quo
1006 2559 1064 2623 tibi
1087 2559 1229 2639 graciam
1245 2556 1377 2621 tuleram
1396 2574 1512 2639 parem.

207 2658 286 2723 Vale
307 2659 396 2723 hene.

286 2760 334 2825 Ex
357 2762 462 2827 Gotha
484 2763 511 2826 V
531 2762 691 2828 Calendue
714 2762 822 2829 lunias
844 2763 994 2829 lllDXlll.

276 2884 493 2932 liundschril'tl.1**
509 2885 558 2931 124
577 2886 617 2932 lol.
634 2886 798 2935 etv-eeu
842 2884 918 2934 (ledr.
934 2886 1162 2935 ufhusen—bl
1188 2902 1233 2933 roa
1256 2886 1314 2932 Vidi
1333 2886 1456 2933 Marcium
1480 2884 1516 2931 bis

207 2968 293 3003 omnus
308 2956 436 3016 patrissat.
1310 2986 1314 2995 ·

277 3059 335 3107 ²Ir'
351 3062 537 3111 eorrciauaturo.
628 3048 692 3111 ΗΞ
709 3065 775 3117 odia.
881 3058 946 3110 ‘'I'r
964 3062 1057 3123 gcredt.
1149 3046 1214 3107 dib
1235 3061 1294 3107 viel.
1385 3054 1449 3106 ‘Te
1467 3062 1520 3107 istc.¹

207 3118 269 3178 ¹Tz
286 3138 421 3181 auctorem.

208 3304 290 3377 260.
309 3305 353 3372 ll.
374 3324 421 3372 an
441 3306 571 3373 cretus
593 3304 792 3378 llublanus.
859 3305 992 3391 (llolha
1005 3304 1112 3390 1513).
1147 3304 1245 3371 lium
1258 3302 1516 3381 vcr13.dunll.

278 3430 339 3478 Mur.
358 3430 486 3491 bespriobt
504 3432 692 3491 buuptaltrblich
714 3432 1047 3491 Bilchuraugalagonhoitcn.

288 3530 382 3595 Croto
402 3528 602 3603 Rubiano,
624 3530 776 3612 magistro
796 3530 926 3611 insigni,
949 3528 1108 3592 blutianus
1130 3526 1236 3591 Rufus

270 3717 281 3760 ¹
303 3720 467 3778 Fahandelt
494 3722 553 3776 sich
576 3723 637 3776 hier
659 3740 707 3775 um
727 3722 772 3776 ein
790 3722 877 3776 Werlr
897 3723 946 3775 des
968 3722 1039 3775 nach
1061 3720 1159 3774 italien
1185 3719 1373 3791 gelilichteten
1395 3720 1518 3781 Michael

208 3802 396 3858 Tarehaniola
421 3802 556 3857 Marullus
578 3801 918 3873 Qustandnopolitanus,
946 3802 1110 3872 (husgeben
1141 3800 1231 3855 reiucr
1252 3799 1428 3871 Epigramme
1460 3802 1517 3863 und

209 3883 341 3953 Hymuen
373 3884 419 3938 bei
450 3883 540 3950 Hain,
571 3882 681 3954 Repcrt
707 3882 761 3937 No.
786 3880 1034 3935 10877---10880
1061 3880 1245 3947 verzeichnct]
1273 3882 1392 3934 welches
1421 3880 1517 3937 Urban

208 3963 269 4017 sich
297 3962 415 4034 gekauit
447 3964 497 4017 hat
524 3964 580 4017 und
614 3964 642 4017 in
679 3962 723 4018 Br.
747 3961 806 4016 264
830 3965 920 4018 nliher
948 3962 1171 4017 chumktcrisiert
1196 3960 1268 4014 wind.
1316 3961 1518 4031 Kampschulte

210 4044 244 4113 ll,
256 4044 306 4113 91)
328 4044 384 4098 und
395 4062 451 4099 wer
467 4044 516 4097 ihn
527 4044 769 4115 ausgerchrieben,
790 4044 852 4097 eind
874 4044 903 4097 in
915 4044 996 4097 einen
1018 4042 1238 4112 merlrwiirdigeu
1250 4042 1350 4095 lrrtum
1374 4042 1518 4113 verfallcn,

208 4124 301 4179 indenr
331 4124 371 4179 aie
398 4124 451 4179 den
478 4124 605 4179 Erfurter
630 4124 728 4179 Druck
755 4125 803 4178 des
824 4125 887 4180 doh.
909 4123 1011 4193 Knapp
1041 4140 1102 4176 vom
1131 4122 1216 4177 Jahre
1240 4120 1330 4175 1514:
1360 4120 1398 4175 Μ.
1417 4122 1518 4176 Maruli

208 4202 326 4259 Carmen
354 4205 389 4259 de
414 4204 540 4261 doctrina
569 4205 675 4259 domini
695 4204 782 4260 nostri
803 4205 866 4259 lesu
883 4202 987 4257 Curiati
1008 4202 1155 4273 pendentis
1173 4202 1201 4255 iu
1222 4199 1311 4257 Cruce
1333 4218 1383 4272 per
1404 4203 1517 4256 modurn

180 4340 183 4348 ,
209 4284 366 4356 dialogismi
390 4282 493 4339 Christi
515 4290 543 4339 el
563 4282 713 4339 Christiani
733 4285 774 4341 als
794 4303 857 4341 vom
880 4285 977 4341 Urban
999 4282 1115 4338 versasst
1140 4282 1296 4337 hinstellen.
1338 4282 1396 4336 Der
1417 4283 1518 4337 lrrtum

209 4364 316 4420 erkllirt
336 4364 396 4420 sich
416 4382 467 4419 aue
487 4366 549 4419 dem
570 4365 659 4420 falech
680 4367 880 4420 veretaudenen
903 4364 1062 4437 „Marulurn
1084 4361 1193 4417 tuum“.

269 4441 283 4484 ²
305 4446 369 4517 Vgl.
390 4442 516 4499 Erebe.

270 4520 491 4597 lvgt.13r.us
512 4524 684 4581 lahama

268 4600 367 4683 ⁴'Vgh
387 4604 433 4663 Br.
448 4604 514 4663 256.
