3625 5192
318 345 370 398 sla
693 347 953 416 Geuehiebtsquellen
971 347 1020 400 der
1038 345 1111 400 Pron.
1133 345 1255 400 Saebsen.

318 497 459 576 resistat,
481 496 510 560 si
536 494 663 576 quando
688 493 826 560 audierit
852 493 1044 577 prophanari
1068 495 1279 578 syngraphas,
1327 493 1395 574 Age
1422 511 1519 570 nunc,
1548 492 1626 556 Gre-

317 598 396 680 gori,
418 597 504 662 vitae
525 615 616 662 meae
631 595 786 678 defensor,
807 595 1051 675 consideremus,
1072 615 1134 678 qua
1152 598 1273 660 ratione
1289 595 1459 659 subvenias
1478 593 1628 658 tenuitati

317 703 454 763 nostrae.
492 696 639 761 Nondum
661 698 701 762 de
724 697 875 780 parocbia
894 697 1145 778 Gerstnngensi1
1168 717 1269 779 neque
1289 694 1331 762 de
1342 697 1400 761 boc
1415 716 1484 762 meo
1498 696 1628 760 eanoni-

318 807 392 864 eatn
412 799 527 865 dicam.
562 799 667 864 Habui
688 819 776 864 aram
798 800 831 862 in
853 799 971 863 sacello
992 799 1059 862 divi
1080 799 1215 864 Jaeobi2
1236 798 1391 863 indultam
1412 818 1432 861 a
1453 798 1629 876 consulatu,

318 902 375 968 sed
410 902 451 966 ob
488 919 598 984 praees
636 900 872 965 clementissimi
902 906 997 982 atque
1029 900 1131 964 divini
1164 901 1317 983 principis
1347 902 1408 965 mei
1441 899 1628 964 immortalis

318 1003 490 1068 memoriae
517 1003 627 1085 magni
657 1003 803 1069 electoris
830 1002 996 1067 Frideriei.
1039 1003 1158 1083 Habui,
1188 1003 1331 1085 inquam,
1356 1003 1419 1067 iam
1440 1021 1501 1068 non
1524 1001 1628 1066 babeo

319 1105 397 1186 quia
421 1123 532 1170 manus
558 1103 736 1187 sacrilegae
764 1124 828 1168 una
853 1123 924 1168 enm
952 1105 1084 1168 caeteris
1110 1104 1264 1170 altaribus
1285 1113 1317 1168 et
1337 1110 1474 1168 nestram
1498 1105 1585 1168 illam
1607 1123 1629 1166 a

320 1227 370 1270 me
391 1206 631 1291 pretiosissimis
651 1215 795 1270 ornatam
816 1206 1016 1270 simulachris
1038 1215 1217 1271 everterunt
1238 1207 1455 1271 existimantes
1476 1225 1513 1268 eo
1535 1205 1628 1269 modo

319 1328 448 1373 censum
477 1313 509 1372 et
536 1306 640 1370 dotem
669 1326 743 1372 arae
770 1307 909 1371 dicatam
939 1327 1031 1390 posse
1058 1307 1177 1384 negari.
1226 1307 1305 1372 Tam
1332 1327 1429 1372 caeca
1455 1315 1504 1372 est
1531 1307 1631 1372 homi-

320 1430 396 1476 num
411 1409 589 1493 sapiditas.
639 1409 707 1472 Deo
727 1409 868 1490 gratias,
888 1409 971 1490 qnod
991 1418 1024 1471 tu
1046 1408 1149 1476 adbuc
1172 1408 1248 1472 milri
1271 1411 1368 1474 laves.
1410 1409 1463 1472 Dii
1487 1408 1630 1490 deaeque

321 1510 457 1596 perdant
487 1511 636 1576 falsorum
669 1509 891 1594 prophetarum
926 1511 1100 1575 conciones.
1153 1511 1221 1593 Ego
1252 1530 1411 1594 nunquam
1443 1511 1559 1576 recessi
1588 1511 1631 1576 ab

320 1613 503 1694 evangelio,
525 1630 684 1694 nunquam
705 1613 808 1678 aocesi
830 1613 957 1677 furiosis
979 1612 1145 1694 theologis.
1187 1613 1257 1677 Non
1280 1633 1348 1678 snm
1369 1614 1503 1698 papalis.
1546 1614 1631 1679 Tan-

322 1725 388 1781 tum
405 1714 594 1780 Ferrariae³
615 1715 727 1799 accepi
747 1715 826 1778 iuris
847 1713 1000 1798 pontificii
1022 1715 1147 1778 titulum
1169 1724 1201 1778 et
1221 1715 1387 1780 Ertbrdiae
1412 1715 1631 1796 magisterium

322 1818 414 1882 bomo
441 1822 555 1880 natura
580 1815 834 1897 simplicissimus
861 1823 894 1878 et
919 1816 961 1880 ab
989 1817 1072 1878 omni
1102 1835 1185 1880 vaua
1210 1815 1312 1899 gloria
1342 1826 1486 1881 remotus.
1542 1817 1632 1881 Nihil

322 1939 408 2004 papa
424 1917 521 1983 dedit.
560 1918 676 1983 Omnia
696 1919 762 1980 lere
784 1917 932 2000 princeps
953 1916 1192 1982 illustrissimus.
1225 1917 1380 1995 Quocirca
1393 1917 1633 1982 tuendaavobis

324 2022 438 2086 aulicis
458 2027 550 2084 erunt
569 2019 723 2101 reliquiae
743 2020 927 2083 facilitatem
949 2039 1087 2084 meamm
1105 2039 1211 2084 amore
1234 2020 1396 2103 principis.
1430 2020 1492 2086 Sed
1514 2041 1555 2085 ne
1576 2021 1633 2084 im·

323 2123 477 2207 pudenter
503 2122 625 2204 aliquid
652 2127 773 2204 petam,
795 2122 986 2203 expectabo,
1013 2120 1114 2186 donee
1139 2129 1193 2183 tua
1211 2121 1287 2183 mibi
1311 2121 1435 2186 bonitas
1458 2142 1514 2204 pro
1537 2121 1633 2186 bene-

298 2227 404 2297 lieiis
430 2229 508 2290 meis
534 2224 680 2288 omnibus
706 2232 824 2287 certam
845 2223 985 2304 aliquam
1008 2224 1218 2305 provisionem
1242 2233 1316 2287 nutu
1340 2231 1371 2288 et
1394 2225 1502 2288 lavore
1526 2223 1635 2288 elauris·

321 2329 395 2392 simi
424 2333 456 2390 et
483 2324 726 2392 moderatissimi
753 2323 845 2388 ducis
872 2345 912 2388 ae
937 2323 1095 2407 praesidis
1124 2327 1220 2388 nostri
1249 2324 1377 2390 loannis
1402 2326 1548 2389 electanis
1580 2345 1633 2390 ex-

323 2429 442 2514 pediat.
485 2426 622 2492 Proinde
644 2424 772 2490 coelesti
794 2427 952 2490 maiestati
978 2426 1107 2490 cottidie
1128 2447 1183 2509 pro
1205 2428 1307 2491 salute
1329 2435 1383 2490 tua
1395 2427 1550 2508 supplico,
1571 2447 1633 2507 nno

324 2531 451 2596 tandem
474 2529 616 2594 blutiauo
646 2536 699 2592 too
727 2527 896 2608 benignum
924 2527 1024 2591 t'aeias
1045 2536 1076 2591 et
1098 2530 1270 2612 propitium
1293 2527 1529 2609 berresreomque
1550 2530 1634 2611 prin-

325 2635 437 2715 cipem.
479 2632 567 2696 Beue
588 2631 667 2695 vale.

405 2733 523 2796 Datum
544 2742 656 2813 quarto
678 2730 841 2797 Kalendas
863 2731 962 2795 Iulias
985 2731 1149 2796 llDXXV.
1343 2731 1551 2797 Matienus.

394 2856 575 2902 Harudeehril'll.
598 2857 739 2914 Artwpraplr
762 2854 806 2899 der
832 2855 1064 2900 li'r'rehenbr'bliottnb
1086 2872 1114 2902 an
1134 2855 1250 2900 ulamma
1271 2873 1310 2900 our
1331 2857 1418 2914 Aiacb,
1441 2848 1472 2915 lp.»
1493 2856 1572 2914 Bepara
1590 2859 1635 2900 ‚art

325 2928 485 2986 Sicpclrerterr.
511 2950 543 2957 -
563 2925 638 2972 Gedr.
664 2925 750 2971 Isinda.
779 2925 906 2984 Epistolao
930 2926 1126 2972 ltolorrnatorurn
1154 2926 1178 2970 iu
1202 2927 1245 2970 der
1269 2925 1501 2970 n'r‘nlmmtolioutek
1520 2942 1548 2972 :a
1571 2927 1635 2970 λέιι-

325 2998 391 3043 atadt
414 2993 468 3056 rasel.
492 2999 518 3040 in
540 2995 583 3040 der
604 2995 742 3054 &italum
758 2997 805 3054 jia'r
829 2995 1070 3054 lr'trvbenpesvttaebn,
1117 2995 1201 3054 Hrspy.
1222 3013 1266 3042 rere
1285 2997 1399 3054 Brieger,
1423 2996 1467 3041 Bd.
1486 2996 1515 3042 V.
1540 2997 1600 3042 fletu
1623 2999 1632 3042 l

325 3070 350 3115 S.
373 3065 529 3114 161—162.

880 3189 1080 3198 ——-——.-

329 3323 407 3391 627.
432 3323 554 3391 lloban
577 3323 711 3390 llessus
733 3341 778 3388 an
801 3322 948 3389 llntian.
1177 3322 1416 3396 cunienses.
1454 3325 1592 3407 August
1608 3326 1640 3395 1.

400 3447 491 3493 llessus
509 3448 611 3508 bolrlagt
631 3447 679 3492 den
700 3447 828 3506 Wopgarrp
846 3447 927 3492 seinos
945 3447 1073 3492 Freundos
1090 3449 1174 3505 Stura,
1198 3448 1242 3494 dor
1262 3450 1331 3494 nicbt
1350 3451 1426 3495 nlluin
1445 3451 1508 3508 ilrm,
1527 3449 1641 3496 sorrdoru

328 3519 395 3564 allen
421 3518 535 3574 euripum
563 3519 608 3564 der
631 3517 812 3563 Wissensnbat't
841 3517 880 3562 oin
904 3518 994 3563 Sabure
1023 3517 1073 3562 und
1098 3518 1161 3562 llort
1188 3533 1313 3578 powerson,
1337 3521 1402 3566 t'ront
1422 3521 1489 3568 sich.
1513 3521 1570 3565 dass
1597 3520 1644 3566 dio

328 3587 441 3634 Gotbaer
466 3589 604 3634 Pliinderer
627 3588 727 3633 ondliclr
749 3603 798 3633 von
822 3588 865 3632 dor
889 3587 1001 3632 Nemesis
1025 3587 1124 3633 oraroilt
1147 3589 1202 3634 sind
1227 3591 1276 3636 rrrrd
1296 3591 1399 3646 rnoldot,
1424 3593 1470 3636 wie
1484 3589 1642 3649 jedermnnn

328 3657 438 3703 blntians
456 3654 672 3714 Staudlrastiglroit
691 3657 718 3702 in
738 3659 781 3702 dor
800 3673 826 3701 so
846 3657 971 3715 traorigen
994 3657 1059 3714 laage
1079 3658 1235 3706 bewurrdcro.
1272 3661 1384 3706 Alsdarrn
1405 3661 1479 3706 bittet
1498 3675 1526 3706 er
1540 3661 1645 3706 selueru·

329 3729 383 3773 halt
401 3741 441 3772 um
461 3727 534 3772 einon
553 3727 623 3774 Briet
639 3730 677 3773 lirr
696 3727 873 3786 llegabaclrus,
897 3727 945 3772 don
965 3727 1045 3773 dieser
1066 3729 1110 3773 mit
1129 3730 1174 3774 ιιιιιΙ
1190 3729 1230 3774 die
1251 3731 1322 3776 lloisn
1341 3733 1447 3776 nelunen
1466 3731 1564 3788 lriinne,
1587 3731 1642 3776 und

329 3800 411 3856 griisst
429 3796 568 3843 Marcellus.

409 3893 616 3959 bloetiano
649 3895 745 3973 Ruti),
774 3882 843 3958 viro
876 3894 1054 3958 eruditione
1086 3903 1118 3959 et
1153 3895 1348 3962 humanitate
1384 3897 1647 3980 incomparabili,

330 3997 511 4061 amicosne
535 3990 695 4079 perpetuo,
717 3995 827 4060 Helius
852 3995 1001 4060 Eobanos
1024 3997 1143 4061 Hessos
1175 4003 1206 4062 ὃ.

395 4238 403 4278 ¹
427 4241 489 4311 vgl.
512 4240 626 4294 Bibas
648 4241 675 4294 S.
689 4243 747 4293 308
770 4246 852 4293 Arum.
869 4240 893 4296 l.

393 4319 486 4373 ²⁰³⁸
507 4321 663 4392 liegistrnm
688 4321 803 4374 subsidii
831 4323 907 4374 tiihrt
937 4321 974 4386 (Β,
996 4321 1046 4370 aar
1074 4323 1197 4378 rrrebrcre
1226 4323 1371 4379 Viperei-’n
1401 4341 1436 4375 an
1465 4323 1556 4376 dieser
1588 4323 1649 4378 Ka·

331 4403 408 4520 peu}
425 4401 495 4554 ‹ffigo
516 4481 595 4535 nieht
609 4500 641 4534 zu
660 4481 792 4552 llologoa,
813 4481 864 4535 wie
884 4501 938 4536 von
960 4483 1162 4553 Kampschnlte
1180 4481 1214 4556 (1.
1229 4483 1288 4554 76),
1312 4483 1419 4538 Strauss
1434 4483 1508 4552 (30),
1531 4483 1651 4540 Krause

332 4563 365 4634 (Ι.
378 4551 431 4634 33)
452 4579 481 4617 u.
500 4577 526 4615 a
547 4562 698 4632 bebauptet
717 4563 836 4616 worden.
