3625 5192
318 345 371 407 372
699 347 956 447 Gesahiehtsquellen
974 353 1022 406 der
1040 346 1113 411 Prou
1132 350 1255 407 Saclrsen.

323 499 406 571 ese.
427 500 473 572 n.
494 519 539 566 an
563 498 697 573 ornan.
844 504 848 511 ·
956 497 1087 582 (eoem
1102 482 1199 569 reri.
1231 494 1628 578 emerentianus.)
1659 474 1662 479 ’

389 624 453 672 Mur.
476 625 601 671 berielriet
623 624 746 671 ebermals
770 624 832 671 iiber
853 625 894 671 die
913 624 1026 671 Gothuer
1044 622 1266 670 Zusemmenkuntt
1289 622 1332 668 des
1350 621 1445 667 Nattrin
1469 620 1516 666 mit
1541 621 1629 667 soinen

321 695 451 756 Peinden3
469 695 556 741 March
574 696 679 741 heuehle
698 695 765 741 baim
784 696 907 755 Empiang
925 709 975 741 von
994 695 1091 741 Bosueh
1111 694 1209 753 eilriges
1226 691 1347 739 Studium.

402 793 558 858 Urbano
579 792 824 876 prudentissimo
845 801 877 857 et
898 792 1090 857 amicissimo
1112 790 1271 855 Mutianus
1292 792 1399 856 Rut'us.

401 895 434 959 S.
479 895 592 958 Mirum
614 894 674 957 tibi
702 892 804 957 videri
831 914 892 956 non
920 894 1030 973 debet,
1056 894 1083 957 si
1107 892 1250 974 graviter
1277 892 1476 972 theologistis
1502 894 1630 972 irascor,

319 1016 393 1062 nam
415 998 522 1061 Morus
544 1005 576 1060 et
596 996 705 1060 Lotius
727 996 861 1059 eandem
883 997 1114 1060 simulationem
1138 1002 1169 1059 et
1190 995 1329 1058 l'ueosam
1351 996 1551 1060 sanctitatem
1575 1015 1631 1078 pre

320 1118 354 1165 se
375 1102 486 1163 t'erunt.
528 1097 697 1162 Putaram·
717 1098 862 1161 meliores
883 1092 984 1161 laetos
997 1104 1123 1179 propter
1142 1095 1327 1176 cottidiana,
1348 1098 1493 1178 quamvis
1510 1115 1630 1177 ,meree-

320 1203 413 1267 naria
433 1199 599 1265 sacrificia.
641 1199 705 1264 Sed
732 1201 826 1282 longe
853 1199 946 1263 aliter·
973 1219 1022 1263 res
1044 1198 1203 1262 suecessit.
1248 1198 1357 1281 Nuper
1384 1198 1426 1261 ad
1453 1184 1502 1262 me
1526 1198 1630 1261 Morus

321 1304 417 1383 dixit,
446 1302 529 1383 quod
551 1300 632 1365 alias
651 1302 694 1365 ad
716 1310 747 1364 te
768 1302 897 1382 scripsi,
929 1302 990 1364 wie
1012 1300 1120 1365 doetor
1141 1300 1282 1364 Nathinl
1310 1300 1390 1363 nach
1415 1300 1475 1363 mir
1495 1300 1630 1382 geliagt,

321 1407 416 1470 darut'
432 1404 504 1468 luetb
525 1423 559 1468 er
577 1382 770 1485 'geantworm
794 1402 861 1482 „Er
882 1402 1092 1485 philosophirt
1112 1400 1173 1467 wie
1200 1401 1267 1466 sein
1288 1402 1333 1465 alt
1354 1402 1485 1466 weise·‘.
1527 1402 1630 1466 Hodie

320 1511 426 1568 autem
445 1520 536 1567 seous
557 1503 653 1565 fuisse
675 1519 859 1582 responsum
880 1500 1153 1585 Selrindeeopius2
1181 1503 1257 1567 mihi
1287 1504 1437 1567 narravit.
1481 1502 1510 1566 ls
1536 1505 1630 1567 inter-

203 1621 206 1626 ’
321 1606 381 1669 tuit
402 1604 536 1688 prandio
556 1604 685 1666 fratrum
708 1602 878 1681 Augustini
899 1609 932 1665 et
952 1602 1077 1683 Morus„
1099 1604 1172 1667 dum
1196 1604 1314 1669 Natlrin
1344 1606 1396 1668 hie
1423 1611 1514 1669 esset.
1563 1605 1630 1668 nne

323 1708 469 1781 Urbane,
496 1714 617 1787 quanta
642 1704 719 1767 milri
740 1703 774 1766 lit
802 1704 932 1767 iniuria!
983 1705 1060 1781 Quis
1087 1707 1235 1772 toleraret
1261 1714 1381 1791 tanturn
1409 1706 1630 1789 iniquitatem?

323 1810 400 1874 Also
420 1808 477 1871 hat
497 1807 618 1871 Nathin
638 1812 769 1889 gesagt:
800 1804 879 1886 „leh
910 1806 963 1870 bin
992 1826 1048 1870 vor
1075 1808 1207 1872 Mutiani
1235 1808 1305 1873 thor
1331 1815 1466 1891 genesi,
1495 1828 1529 1872 er
1555 1809 1630 1874 litutl

322 1912 392 1977 sein
412 1908 747 1975 lassenverleueken.“
789 1907 1011 1997 TuneMorus:
1037 1910 1110 1989 ‚‚Ja‚
1134 1930 1168 1974 er
1179 1910 1276 1975 lasset
1298 1910 1378 1985 luein,
1397 1910 1516 1974 lromen
1538 1925 1630 1975 tuant

322 2033 378 2078 neu
407 2013 449 2075 im
489 2011 569 2076 dan‘
599 2009 652 2074 die
685 2018 808 2094 poeten.
859 2010 901 2073 Es
932 2015 973 2073 ist
996 2018 1048 2075 ein
1078 2010 1306 2097 philosophus“
1335 2014 1495 2077 eum‘risu
1524 2022 1628 2076 eontu-

323 2116 454 2179 melioso
481 2122 513 2176 et
541 2112 697 2195 applausu
718 2112 808 2175 Mori.
850 2112 931 2175 Prolr
959 2111 1073 2175 <rernm
1099 2112 1191 2177 fidem
1220 2120 1314 2195 atque
1336 2113 1511 2179 hominum!
1559 2114 1630 2178 Non

324 2216 391 2280 vidi
411 2223 466 2278 aut
485 2214 595 2278 audivi
617 2215 710 2277 istum
733 2213 913 2295 theologum
935 2214 977 2278 ad
1000 2215 1136 2278 ianuam.
1179 2216 1280 2281 Crede
1301 2216 1394 2295 mihi,
1422 2216 1471 2279 als
1491 2217 1551 2280 mir
1570 2216 1633 2281 Got

324 2319 428 2397 hellil,
451 2336 557 2379 verum
574 2316 690 2397 loquor.
733 2315 796 2379 Sed
815 2318 878 2380 ista
897 2321 1037 2379 monstra
1057 2315 1265 2381 hntmlitatem
1283 2317 1425 2400 prot'essa
1445 2318 1633 2400 superbiunt

217 2457 219 2460 -
324 2421 522 2484 intrinsecus.
565 2418 650 2495 Quid
679 2417 817 2481 rusiam?
866 2419 1052 2481 Seribamne
1083 2418 1124 2481 ad
1149 2418 1293 2483 Nothin‘?
1342 2420 1501 2484 Barbarus
1526 2428 1575 2485 est
1600 2426 1632 2484 et

324 2540 475 2586 morosus,
517 2519 586 2602 ugo
609 2520 707 2584 bonos
732 2521 818 2585 viros
845 2520 980 2584 libenter
1005 2519 1138 2607 admitto
1167 2526 1198 2584 et
1224 2539 1317 2584 nemo
1345 2518 1396 2583 hie
1421 2528 1470 2583 est
1492 2540 1541 2585 me
1569 2541 1630 2586 nno

259 2679 263 2687 .
323 2622 486 2687 liberalior
516 2627 548 2684 et
582 2620 755 2685 humanior.
811 2621 864 2685 Dii
894 2620 1016 2702 deeque
1049 2621 1184 2704 perdant
1215 2630 1247 2685 et
1278 2616 1398 2686 Morum
1434 2630 1466 2685 et
1496 2622 1630 2689 Lotium.

322 2725 423 2788 Audir
442 2724 546 2806 plura,
568 2724 643 2805 quia
664 2730 774 2804 vacat,
796 2742 868 2786 nam
890 2724 1022 2787 absente
1047 2724 1123 2787 lano
1144 2722 1270 2787 studere
1293 2742 1354 2788 uon
1373 2725 1465 2788 valeo
1492 2725 1631 2788 intentus

273 2912 276 2915 ἦ
324 2827 437 2891 euline.
486 2825 570 2889 Audi
602 2826 744 2907 inquam:
781 2824 844 2889 lste
875 2826 1028 2907 magister
1055 2825 1236 2909 Carspaeh³
1268 2826 1412 2891 venitin
1440 2825 1515 2889 edes
1540 2826 1629 2891 Mori.

324 2928 430 2991 lussus
452 2932 584 3012 primum
607 2934 789 3008 expectare,
816 2926 938 2990 interea
958 2926 1063 2992 Morus
1082 2927 1178 2991 libros
1201 2928 1351 3010 plurimos
1374 2927 1505 3011 aperuit.
1548 2928 1630 2993 'l'um

323 3030 462 3094 admisso
489 3028 614 3093 homine
644 3028 818 3093 studiosum
845 3047 879 3092 se
905 3028 1045 3093 ostendit
1073 3036 1104 3093 et
1125 3029 1269 3113 apprime
1289 3028 1429 3093 deditum
1452 3030 1520 3093 iuri.
1564 3029 1630 3094 Hoe

322 3140 433 3217 postea
462 3131 544 3195 dixit
576 3130 737 3214 Catenaeh
770 3129 1009 3214 Schindeeopio.
1062 3130 1166 3195 Audio
1195 3138 1340 3213 preterea
1366 3131 1485 3195 Morum
1522 3132 1629 3196 dieere

322 3236 422 3299 solere
449 3233 624 3298 Mutianum
651 3251 721 3297 esse
749 3231 986 3316 philosophum,
1013 3251 1074 3295 non
1102 3232 1346 3315 iurisperituml,
1378 3234 1467 3315 quasi
1490 3234 1630 3316 patiatur

322 3357 372 3400 me
391 3336 625 3420 philosophari,
647 3343 682 3397 ut
701 3331 763 3399 sitii
782 3334 858 3398 iuris
878 3334 1003 3397 titulum
1025 3335 1150 3399 habeat.
1192 3335 1218 3400 0
1242 3335 1362 3400 iudicia
1383 3355 1458 3399 vere
1485 3336 1628 3399 asinina!

322 3438 405 3515 Quid
432 3437 569 3501 taciem?
618 3436 653 3499 Si
678 3436 798 3519 planet,
825 3442 955 3500 excuset
980 3456 1030 3500 me
1051 3437 1193 3500 Petreius
1223 3437 1310 3520 apud
1336 3436 1458 3501 Nathin
1484 3446 1515 3501 et
1543 3456 1628 3501 meos

322 3540 480 3604 Catilinas
506 3545 641 3602 aeeuset.
687 3536 818 3601 Utinam
836 3538 999 3602 cerebrum
1027 3538 1158 3603 haberet
1178 3537 1393 3619 Herebordus,
1425 3559 1486 3603 non
1511 3540 1629 3603 sineret

257 3706 261 3713 ,
321 3658 372 3706 me
392 3647 483 3705 tanta
504 3638 587 3703 affici
606 3637 732 3703 iniuria.
776 3638 876 3703 Valet

391 3763 573 3810 Hundselrriltl.
592 3762 613 3808 F
632 3758 684 3808 326
701 3763 742 3809 fol.
756 3762 950 3811 rosv-noer.
988 3763 1064 3810 Gedr.
1081 3764 1104 3810 b.
1120 3764 1154 3810 Ta
1167 3764 1191 3812 S.
1207 3762 1291 3810 155-
1304 3762 1351 3810 156
1363 3763 1458 3822 &saus
1473 3764 1512 3809 die
1525 3764 1627 3809 Adresre

320 3834 472 3893 numnam

391 3934 455 3983 'Ta
473 3936 601 3997 putabam.
662 3920 755 3985 bhott
821 3932 963 3987 ”Puden
1032 3922 1097 3985 dl'a
1116 3941 1166 3986 hot.
1238 3934 1305 3985 “Ta
1323 3940 1415 3985 kainon
1435 3940 1522 3985 lromrn
1542 3954 1627 3985 mann.

323 3994 384 4055 ‘Ta
401 4008 452 4054 ilrm
472 4008 548 4053 daun.
619 3999 685 4053 ⁸7¹2
702 4008 776 4054 tidem
795 4009 876 4055 deum.
941 3996 952 4029 '¹
974 4010 1006 4054 'Pa
1026 4010 1087 4055 (tort
1106 4010 1179 4054 helle.
1246 3994 1308 4055 ¹l'a
1327 4010 1413 4055 Audis.
1472 3995 1538 4057 ¹‘l'a
1556 4010 1626 4055 iuris-

322 4080 470 4125 consultum.
541 4061 637 4123 luthro
654 4076 691 4122 tei
710 4080 749 4125 Τῇ.

330 4341 332 4346 ,
384 4275 394 4317 ¹
417 4278 480 4351 Vgl.
492 4278 538 4336 Br.
549 4278 617 4336 282.

382 4354 478 4429 ²Vgl.
492 4360 536 4417 Br.
552 4360 610 4412 209
633 4357 660 4414 S.
673 4360 732 4413 285
753 4361 874 4415 Anm02.
1460 4418 1465 4428 ,

383 4434 397 4478 ³
419 4439 550 4494 Dieselbe
572 4439 803 4511 Persiiuliehkeit,
825 4442 929 4496 welche
951 4442 979 4497 in
1001 4442 1045 4499 Br.
1067 4443 1125 4497 225
1145 4450 1269 4514 genennt
1288 4443 1388 4501 wurde.

872 4640 1072 4648 ———-—---
