3625 5192
297 409 302 420 .
323 361 377 419 282
694 363 954 434 Gescbiebtsquellen
974 337 1023 418 der
1039 363 1114 417 Pror.
1133 362 1254 418 Sacbsen.

323 533 391 578 rum
414 513 581 590 studiosos,
603 531 735 591 unarum
756 513 903 577 nimirum
925 529 1033 578 amore
1052 511 1105 576 hie
1126 517 1312 578 nosternon
1333 511 1424 576 ardet
1444 509 1546 593 modo,
1569 509 1630 577 sed

322 613 439 696 flagrat
460 620 552 678 totus.
592 613 766 678 Honestum
792 614 853 680 erit
872 621 984 696 estune
1011 613 1108 678 etiarn
1130 633 1213 679 nunc
1233 614 1369 680 servisse
1389 619 1478 679 tanto
1498 619 1630 694 musque

321 715 375 798 pio
395 714 543 800 principi,
566 715 727 780 honestius
750 733 807 799 per
823 735 896 780 enm
917 715 960 782 ad
982 717 1111 800 pietatis
1130 715 1252 782 redisse
1278 715 1392 781 studia.
1433 715 1471 780 Iu
1493 733 1630 782 summa

320 817 544 883 utbrerissim
560 817 658 882 -sic
678 818 762 883 enim
782 819 1052 900 cogitnecessitas
1065 857 1101 866 -
1122 815 1273 901 quicquid
1294 817 1367 882 lmic
1386 817 1528 898 foeneris,
1547 817 1629 882 mibi

320 920 439 984 iactum
466 925 551 1002 puta.
603 919 752 984 Gratulor
782 919 841 984 tibi
870 919 1004 985 reditum
1030 919 1174 986 lbelieem
1205 937 1223 984 e
1252 918 1482 1001 Vangionibus.
1530 919 1631 984 Ionas

323 1020 592 1104 Vnittembergam
612 1021 681 1087 beri
701 1021 796 1102 abiit,
817 1020 966 1097 arbitror,
993 1021 1181 1104 dignitatem
1203 1020 1296 1086 istum
1316 1029 1453 1086 vestram
1474 1020 1630 1087 obiturus.

322 1123 453 1188 Utinam
479 1141 538 1188 nos
565 1129 597 1187 te
622 1123 721 1189 salvis
754 1123 901 1189 omuibus
933 1125 1126 1189 ornamentis
1154 1123 1219 1188 tuis
1254 1123 1471 1206 Vittemberga
1501 1141 1630 1206 quoque

321 1244 485 1310 possemus
505 1224 699 1306 abstrahere,
725 1226 779 1308 qui
801 1226 884 1291 istud
907 1225 1001 1290 nobis
1021 1225 1126 1291 lumen
1155 1224 1326 1294 invidistis.
1366 1225 1468 1306 Mitto,
1489 1244 1572 1308 quae
1593 1225 1629 1290 in

319 1326 489 1392 Lntberum
509 1333 648 1394 nostrum
670 1334 703 1392 et
721 1328 939 1412 eiusemnlum
951 1327 1174 1410 Capricornum
1196 1328 1255 1392 lusi
1278 1329 1389 1411 paucis
1409 1334 1484 1392 aute
1504 1327 1629 1392 diebus.

320 1429 459 1515 Repperi
491 1449 593 1514 nuper
622 1449 698 1495 casu
731 1429 872 1495 tabulam
901 1430 1007 1512 legum
1039 1437 1164 1494 tuarum
1196 1429 1412 1514 praescriptae
1440 1429 1630 1511 nobilitatis,

321 1551 416 1614 quam
436 1532 577 1616 Lypsiae
597 1531 774 1597 amiseram.
815 1531 884 1610 Quo
905 1533 1040 1596 itesam
1062 1531 1267 1610 exhilaratus,
1289 1538 1324 1596 ut
1349 1533 1392 1598 sit
1416 1531 1628 1597 deliberatum

321 1653 405 1699 nnnc
429 1637 563 1717 primum
591 1635 651 1700 tibi
678 1636 877 1715 satistacsre,
902 1635 987 1718 quod
1014 1637 1130 1701 omisso
1150 1654 1190 1700 ac
1211 1635 1335 1718 perdito
1355 1641 1409 1700 tuo
1430 1633 1628 1716 praescripto

321 1743 386 1802 tum
408 1755 470 1802 non
492 1737 603 1822 potui·
639 1737 713 1818 Oro,
740 1739 768 1803 si
789 1737 908 1818 licebit,
939 1736 1112 1820 aliquando
1138 1736 1217 1801 mibi
1243 1744 1278 1802 nt
1296 1736 1461 1802 rescribas.
1483 1734 1628 1801 blutiano

322 1856 403 1922 pene
425 1857 492 1903 sum
514 1838 623 1921 iratus,
643 1837 907 1922 quodlllartinum
923 1839 1090 1923 impugnat
1110 1839 1143 1904 in
1165 1838 1320 1920 omuibus,
1341 1855 1421 1921 quas
1444 1837 1487 1902 ad
1507 1839 1629 1904 amicos

321 1939 445 2022 scribit,
466 1941 619 2024 epistolis.
660 1941 763 2019 Quam
783 1961 849 2006 rem
875 1940 1013 2006 arbitror
1033 1941 1197 2006 Urbanum
1219 1950 1251 2006 et
1271 1941 1398 2007 Crotum
1419 1947 1541 2006 nostros
1562 1941 1629 2005 iam

321 2049 417 2107 antea
441 2061 565 2125 quoque
591 2044 634 2108 ad
658 2053 689 2110 te
715 2044 947 2128 perscripsisse.
994 2041 1058 2108 Sed
1086 2043 1279 2125 ignoscimus
1307 2042 1389 2107 bono
1410 2043 1493 2127 patri
1515 2042 1548 2107 in
1569 2061 1630 2108 sua

322 2145 427 2210 insula
453 2145 676 2227 tranquillitati
705 2147 809 2228 magis
837 2165 931 2227 qnam
959 2145 1030 2211 istis
1051 2144 1158 2210 ,turbis
1184 2151 1318 2210 assumo.
1369 2144 1628 2228 Expectabimus,

322 2247 598 2328 quorsumevadat
620 2249 701 2315 baec
721 2248 888 2332 tragoedia
901 2248 1049 2312 habitura
1066 2248 1193 2313 omnino
1215 2245 1367 2312 comicum
1389 2247 1517 2312 exitum.
1560 2246 1630 2312 Nos
1655 2269 1657 2274 ·

322 2356 427 2413 tamen
450 2350 577 2416 interim
597 2371 684 2417 more
703 2358 811 2416 nostro
833 2349 1105 2416 hallucinabimur.
1148 2348 1236 2431 Vale,
1258 2349 1301 2412 mi
1321 2347 1507 2414 charissime
1515 2349 1629 2433 Spala

322 2452 398 2531 tine,
418 2451 466 2536 (et
476 2453 552 2534 me),
572 2454 658 2535 quod
678 2455 769 2535 iacis,
790 2472 874 2518 ama.

401 2553 451 2618 lix
471 2554 653 2640 llrpburdia
673 2557 768 2622 tertia
785 2561 858 2639 post
878 2555 1046 2638 (co)rporis
1065 2554 1183 2620 Obristi
1204 2553 1420 2620 celebritatem
1441 2551 1597 2618 llDXXl.

1058 2665 1165 2730 Tuus
1186 2664 1368 2729 Eobanus
1390 2663 1547 2728 Hessos.

392 2811 571 2859 llandsrlrriffl.
589 2814 730 2872 ,lsswprapb
749 2813 794 2858 der
811 2813 911 2858 Beseler
935 2810 1217 2857 Uolcas-sitlttsds'bliotbeb
1235 2809 1287 2857 sub.
1308 2811 1337 2856 (l.
1357 2809 1376 2856 l.
1396 2809 1427 2856 31
1449 2809 1541 2855 solet.
1578 2809 1631 2856 ,les

322 2881 366 2926 der
383 2882 518 2942 &mndrsnp
536 2883 674 2942 Spoletina,
697 2883 741 2928 der
756 2884 805 2941 nus
818 2883 863 2928 der
882 2882 1005 2928 Κωμία
1023 2880 1124 2926 bcnoerlrt
1142 2881 1196 2926 luat:
1219 2880 1336 2927 Eobsnm
1351 2879 1443 2927 Hcssus
1464 2878 1551 2938 vigilis
1568 2893 1629 2939 pen·

218 2937 221 2944 Ι
324 2958 429 2998 toeosles
448 2953 476 3008 (l)
495 2952 613 2999 Muxxl.
658 2953 703 2998 Die
721 2952 847 3012 absolu-{ft
864 2952 985 2998 ser'ulurrlre
1003 2953 1043 2998 iclt
1061 2951 1141 2996 Herm
1159 2951 1228 3010 Pros.
1250 2951 1365 2997 tlscds'rm
1384 2950 1410 2996 irs
1428 2947 1565 3009 Elbsrseld.

631 3136 733 3197 Bellage
750 3137 766 3183 2
786 3135 869 3194 (Siebe
886 3137 1051 3198 Anmerlrung
1069 3135 1083 3183 ‘2
1103 3137 1147 3183 sul
1161 3135 1228 3184 Seite
1248 3133 1317 3192 280.)

1139 3255 1276 3320 Erl'urt
1299 3257 1384 3321 1521.
1415 3253 1480 3320 Juli
1499 3256 1547 3320 30.

402 3373 588 3439 Eruditione
613 3382 645 3438 et
671 3373 828 3458 probitate
855 3371 1010 3454 singulari
1032 3369 1155 3454 predito
1177 3369 1314 3453 Georgio
1336 3369 1513 3452 spalatino,
1533 3387 1626 3434 cano·

321 3474 393 3538 nico
403 3475 656 3557 Altenbnrgensi,
677 3473 884 3540 illustrissimi
897 3471 1054 3538 Friderici
1066 3472 1376 3557 principiselectoris
1396 3472 1451 3537 rel.
1472 3491 1494 3536 a
1515 3470 1623 3545 sacris,

322 3575 412 3642 fratri
432 3595 488 3641 suo
509 3579 736 3643 aurantissimo.

402 3681 434 3741 S.
455 3677 639 3761 Obiurgasti
660 3699 711 3743 me
732 3698 838 3763 nuper,
861 3678 958 3741 linter
978 3677 1171 3756 charissime,
1193 3675 1292 3742 veluti
1303 3675 1531 3740 detrectantem
1544 3695 1628 3740 revo-

322 3781 456 3844 rentiam
478 3781 644 3862 evangelio
666 3789 794 3864 propter
814 3779 956 3844 modicas
977 3778 1126 3844 turbulae.
1168 3777 1258 3852 Fero,
1280 3783 1314 3841 nt
1335 3776 1444 3858 debeo,
1466 3778 1628 3860 pacienter

322 3891 356 3948 et
374 3881 475 3947 fatcor
496 3883 543 3948 ita
563 3902 613 3948 me
633 3881 801 3966 scripsisse
821 3881 1009 3965 exquadam
1021 3879 1120 3946 animi
1135 3879 1384 3963 perturbacione,
1405 3899 1476 3944 cum
1489 3878 1628 3945 viderem

323 3984 497 4049 nebulones
516 3984 670 4067 pessimos
692 3982 871 4048 huiusmodi
891 3990 1019 4068 patrare
1040 3982 1099 4047 sub
1120 3987 1264 4066 pretextu
1286 3981 1422 4046 nominis
1443 3969 1630 4046 Eutheriani

324 4086 404 4150 nibil
424 4086 528 4150 miuus
549 4087 640 4170 pensi
665 4087 818 4150 babentes
839 4103 933 4166 quam
955 4084 1165 4166 evangelium.
1206 4083 1254 4148 Tu
1278 4083 1496 4148 amantissime
1524 4083 1631 4162 frater,

323 4189 356 4252 in
378 4188 584 4270 pacatissima
604 4189 678 4252 aula
699 4195 731 4252 ct
751 4206 820 4252 cum
842 4186 962 4268 optimo
983 4193 1014 4251 ct
1035 4186 1240 4270 pacatissimo
1252 4185 1395 4270 principe
1417 4183 1554 4264 habitas,
1576 4185 1629 4265 qui

323 4289 351 4354 si
374 4288 425 4354 bic
445 4289 498 4370 sis,
521 4290 613 4354 aliter
633 4294 766 4355 tortasse
786 4289 916 4354 sentias.
958 4287 1125 4352 Doctorum
1147 4287 1314 4352 lllartinnm
1340 4305 1471 4351 veneror
1498 4291 1532 4350 ut
1558 4287 1630 4352 doc-

322 4391 477 4457 tissimum
498 4399 531 4456 et
553 4392 769 4458 fidelissimum
782 4409 949 4475 preconem
961 4390 1130 4472 evangelii,
1151 4386 1207 4454 sed
1229 4387 1454 4466 contentiones,
1474 4387 1630 4454 factiones

322 4498 354 4558 et
378 4495 528 4559 tumultus
555 4515 617 4560 non
641 4512 769 4577 mmum
795 4512 858 4556 non
886 4491 1048 4558 detestari.
1086 4490 1172 4572 Vidi,
1201 4491 1244 4555 mi
1272 4491 1377 4571 frater,
1406 4489 1474 4555 ridi
1501 4489 1629 4556 crudele

323 4595 461 4662 edietum
486 4595 591 4662 Caroli
622 4595 708 4678 regis
736 4596 768 4659 in
789 4593 959 4660 llartinum
987 4599 1019 4658 et
1044 4613 1153 4659 omnes
1182 4593 1268 4659 illius
1293 4597 1474 4659 sectatores.
1523 4593 1630 4680 Miror,
