3625 5192
632 335 721 391 Brieso
741 336 861 391 hlutiaus
881 337 923 390 llll.
943 337 984 390 et.
1002 338 1043 390 95.
1452 339 1505 392 1:35

196 489 241 546 tot
262 483 380 546 tabulis
402 482 511 566 pictis,
533 503 626 566 quam
655 484 745 550 nrurlti
774 483 855 550 votis
885 486 950 550 vim
972 487 1171 568 tempestatis
1192 487 1391 569 effugerint.“
1434 487 1504 567 „lta

196 586 269 650 lit⁸“
299 587 414 668 inquit,
441 586 506 664 „illi
533 588 617 651 euim
649 605 801 670 nusquam
835 588 913 672 picti
940 595 1026 660 suut.
1054 589 1107 670 qui
1134 589 1304 672 naufragia
1328 592 1500 654 lecerunt&

196 690 250 754 h'io
272 689 411 782 diceres,
440 689 467 753 si
494 689 605 753 lunera
632 707 812 754 numerares
841 696 872 754 et
894 683 988 753 simul
1009 691 1260 772 Augustinianm
1283 691 1419 756 audires.
1462 691 1503 755 lli

197 791 323 876 publice
343 791 489 873 garriunt
509 789 988 876 suispreoihusmultosvivere,
1008 793 1066 856 sed
1077 792 1149 856 illos
1159 792 1350 873 demortuos,
1370 813 1500 876 quorum

196 891 846 974 estiufinitamultitudo‚uonrenuenseut.
878 893 1178 960 Avariciemaeulat
1193 895 1395 978 theologiam.
1436 895 1502 961 Sed

193 996 255 1076 dic,
275 1017 316 1061 en
340 1015 442 1061 mures
464 996 516 1060 isti
529 996 673 1062 fruantur
689 996 975 1081 adhucpenoribus
994 997 1118 1061 alienis.
1160 997 1279 1082 Accipe
1292 998 1501 1064 thesaurariil

193 1100 300 1174 vestri,
323 1099 381 1164 viri
403 1111 523 1164 summe
545 1097 629 1178 fidei,
651 1097 871 1183 epithaphium
893 1118 932 1163 en
954 1105 1095 1183 tempore
1114 1099 1238 1164 lictum:

434 1225 468 1289 Si
492 1224 612 1308 pietas,
635 1223 662 1287 si
686 1231 798 1288 sanita
819 1222 898 1288 fides
919 1222 1103 1288 conscendit
1125 1223 1306 1308 Olympum,

394 1325 466 1390 Non
486 1335 610 1410 poterat
635 1325 765 1410 Stygios
788 1325 841 1391 ille
862 1325 968 1390 subire
991 1327 1087 1390 lacus.

194 1449 236 1513 lli
258 1449 394 1528 Urbane,
417 1451 513 1518 decus
537 1449 658 1516 ordinis
679 1451 779 1528 latini,
801 1451 845 1516 sis
864 1470 1000 1524 securus,
1023 1449 1255 1531 magnanimae,
1276 1449 1375 1515 l'ortis.
1418 1450 1499 1515 Nanr

192 1554 225 1618 iu
251 1561 371 1635 portum
394 1553 545 1636 longioris
566 1553 631 1618 vite
652 1553 851 1638 perveniunt,
872 1552 925 1635 qui
947 1553 1051 1617 minus
1072 1560 1201 1617 mortem
1222 1559 1374 1617 metuunt.

223 1735 243 1780 11
266 1663 442 1780 llzpdsehrit'tl.
462 1665 482 1710 F
501 1663 533 1710 33
554 1663 765 1710 fortir-sta
819 1663 894 1710 Godr.
915 1663 939 1710 b.
961 1661 995 1708 Tz
1013 1661 1088 1710 836.
1135 1663 1181 1710 l'ou
1200 1663 1354 1710 der-Adraa
1373 1663 1501 1723 abpeaehmr

195 1751 222 1780 w
243 1735 347 1794 aurusipt

264 1811 494 1874 lrmmm

195 1965 249 2035 95.
273 1963 316 2034 ll.
339 1983 385 2030 an
404 1963 525 2030 Urhan
548 1963 621 2031 und
645 1963 819 2048 Spalatln.
917 1963 1062 2047 (liotha.
1105 1961 1290 2028 Zwlsehen
1301 1959 1402 2028 liudo
1415 1960 1500 2032 lille

344 2072 380 2120 u.
402 2052 533 2120 llerhst
553 2052 669 2136 1508.)

264 2179 324 2224 llut.
352 2180 428 2238 preist
452 2179 492 2224 dio
515 2181 601 2225 Armut
629 2180 679 2225 und
709 2181 777 2226 stelit
800 2180 833 2226 iun
853 2180 989 2226 Auschluss
1008 2178 1086 2224 daran
1105 2177 1161 2223 dom
1180 2176 1265 2222 Urbani
1283 2177 1324 2222 ein
1344 2175 1437 2223 Thomu
1456 2193 1501 2223 eurr

194 2250 371 2308 llssrheitung.
409 2249 522 2309 Spoletin
547 2251 627 2295 erhillt
648 2249 704 2296 sine
723 2251 776 2296 rein
805 2249 972 2309 theologisohe
995 2247 1084 2294 Arbeit
1107 2246 1272 2307 zrrgewieson.
1308 2247 1383 2294 llaun
1412 2247 1500 2294 urtellt

194 2335 220 2366 ur
240 2320 301 2366 iiber
319 2320 372 2366 drusi
394 2319 566 2378 lllehterlinge
585 2321 649 2366 asch
670 2320 742 2366 ihren
757 2321 844 2380 jlingst
862 2320 914 2366 ihm
933 2319 1101 2378 zugesandten
1111 2317 1296 2364 liechwerkeu.

273 2416 433 2482 Mutianus
454 2416 606 2482 l'rbano
629 2425 661 2481 et
678 2416 902 2499 Spelatino,
924 2416 1002 2483 viris
1023 2415 1170 2482 doctriua
1188 2421 1221 2480 et
1241 2415 1413 2480 sanctitate
1433 2415 1499 2481 vite

192 2520 354 2602 singulari.

271 2623 303 2686 S.
346 2621 381 2684 lu
403 2621 502 2686 sacris
523 2620 624 2685 literis
648 2629 753 2686 nostre
775 2621 939 2704 religionis
960 2621 1076 2704 legitur
1096 2619 1222 2686 facilius
1249 2639 1320 2686 esse
1342 2621 1496 2686 esmelum

191 2744 247 2808 per
274 2723 414 2789 foramen
436 2743 513 2788 ecus
538 2725 673 2789 transire
694 2745 789 2806 quem
811 2724 944 2789 divitem
965 2723 1090 2805 ingredi
1117 2741 1248 2804 regnum
1270 2722 1415 2788 celestc2.
1457 2721 1498 2786 Et

191 2825 458 2911 probamusillam
481 2827 618 2908 apostoli
640 2827 841 2891 sentenciam.
885 2826 947 2904 Qui
969 2824 1230 2910 cupiuutdivites
1255 2823 1334 2902 lieri,
1355 2823 1499 2888 incidunt

192 2928 551 2994 irrvarisstcntaoiones
567 2927 782 3009 etinlaqueos
798 2927 948 2992 diaboli3.
991 2931 1192 3008 Secumsest,
1213 2924 1316 3005 eredo,
1339 2925 1499 2991 Platonis⁴

192 3033 288 3114 leges.
343 3029 372 3096 ls
400 3031 492 3095 tertio
520 3029 561 3094 de
593 3029 718 3111 legibus
750 3029 847 3094 libro:
881 3029 917 3094 ln
945 3049 1147 3111 quecunque,
1180 3029 1299 3111 iuquit,
1337 3027 1498 3092 hominum

191 3135 344 3200 societate
368 3153 427 3198 nee
455 3152 578 3197 summa
604 3131 698 3214 eopia
725 3153 783 3196 nee
804 3151 926 3197 summa
947 3132 1057 3216 inopia
1078 3151 1183 3198 eomes
1204 3138 1266 3207 est,
1288 3131 1320 3193 in
1341 3149 1381 3194 ea
1402 3129 1499 3194 t‘erme

191 3255 294 3302 mores
314 3236 477 3318 equissimi
499 3233 581 3300 ellici
603 3245 742 3317 possunt.
786 3235 897 3316 Neque
918 3236 1003 3299 eninr
1025 3233 1217 3298 contumelia
1238 3232 1379 3298 illiserit
1395 3251 1499 3314 neque

190 3339 307 3403 iniuria
339 3357 440 3420 neque
469 3338 618 3402 emulatio
652 3356 754 3420 neque
787 3336 920 3402 inuidia.
967 3337 1085 3414 Quinto
1112 3337 1208 3401 etiam
1237 3335 1316 3400 libro
1347 3336 1392 3399 ita
1413 3335 1497 3399 ait⁵z

192 3441 229 3505 ln
268 3439 470 3525 possidendis
509 3440 653 3524 pecuniis
687 3441 780 3522 mpla
816 3439 1001 3504 inimicitias
1034 3439 1268 3520 seditionesque
1305 3437 1431 3522 publice
1460 3459 1498 3502 ae

190 3544 340 3626 privatim
368 3543 466 3627 parit,
493 3543 603 3626 inopia
631 3561 748 3624 magua
777 3561 816 3605 ex
843 3549 933 3626 parte
959 3541 1151 3606 servitutem.
1200 3540 1337 3622 ideoque
1367 3542 1496 3605 maritum

194 3645 266 3710 boni
294 3646 378 3711 inest
410 3645 441 3708 in
464 3645 597 3727 pecunie
623 3643 841 3709 mediocritate
868 3644 918 3709 vel
949 3651 1137 3728 paupertate
1166 3645 1287 3730 potius,
1316 3662 1379 3726 que
1406 3651 1498 3726 grata

255 3859 344 3917 lDer
366 3863 454 3918 Name
471 3863 615 3918 desselben
653 3864 688 3917 ist
708 3863 786 3917 nieht
819 3862 950 3917 bekannt.
992 3861 1192 3916 Theseus-arius
1218 3863 1382 3917 bezeichnet
1414 3863 1495 3917 einen

194 3945 445 4010 Klosterbeamteu,
467 3945 516 3998 der
537 3951 614 3998 soust
635 3939 781 3999 Bursarius
803 3944 869 3997 oder
891 3941 1065 3997 Cernemrius
1085 3943 1167 3997 hiess

252 4021 266 4064 ‘2
288 4024 386 4077 llatth.
410 4024 455 4076 19.
466 4024 512 4093 ⁴24,
535 4023 741 4092 Mark.10.25‚
764 4022 955 4079 Lnk.18.‘25.

252 4100 266 4144 ³
290 4105 302 4156 1
328 4103 499 4158 Timotheus.
519 4104 544 4158 6.
557 4105 582 4158 9.
748 4167 757 4174 ..

253 4181 264 4223 ¹
288 4183 488 4256 Philologus
515 4184 567 4240 llI.
596 4185 661 4238 hill.
685 4185 720 4238 lt:
741 4177 760 4246 ἠ
781 4170 848 4238 δ’ἅν
873 4197 948 4237 ποτε
976 4168 1104 4255 {tummim
1131 4171 1209 4262 μήτε
1230 4180 1359 4249 πλοῦτος
1381 4170 1496 4252 {suomi

190 4256 269 4344 μήτε
290 4258 389 4330 πενία,
417 4249 523 4340 σγεδὸν
549 4259 579 4319 ἐν
599 4252 698 4338 rader.
725 4254 926 4341 γενναιότατα
946 4252 1009 4324 ailla
1031 4255 1150 4340 γίγνοιτ’
1177 4254 1221 4317 ἄν.
1253 4255 1323 4319 οὔτε
1341 4255 1399 4342 γὰρ
1419 4251 1496 4343 ὕβρις

191 4339 250 4402 οὔτ’
277 4331 386 4410 allata,
409 4330 493 4412 {rihni
513 4359 549 4398 τε
571 4330 608 4398 ati
628 4338 679 4398 aad
700 4333 803 4422 φθόνοι
824 4337 875 4399 οὐκ
896 4337 1089 4421 ἐῃίγνονται.
1521 4355 1524 4362 ·

253 4422 267 4464 5
289 4427 378 4480 Plato.
408 4426 505 4496 Leges.
525 4425 560 4483 V.
573 4425 636 4478 729.
648 4426 687 4479 A:
707 4416 749 4479 τὰ
769 4417 822 4503 μὲν
843 4417 992 4516 ὑπέροΥια
1012 4413 1070 4501 γὰρ
1091 4411 1227 4478 ἑκάστων
1248 4413 1363 4480 τούτων
1421 4425 1496 4501 θροις

190 4503 243 4596 apl
263 4495 382 4590 creissac
401 4491 605 4584 ἀπεργάζεται
625 4508 691 4572 ταῖς
717 4494 820 4562 πόλεσι
845 4500 898 4560 καὶ
922 4498 982 4578 'telis
1008 4494 1049 4559 mi
1072 4490 1279 4560 delitiscens
1300 4441 1435 4572 douledie
1456 4496 1496 4572 ὡς

190 4606 227 4645 το
248 4599 333 4643 zoas.
