3625 5192
716 342 805 399 Briele
825 343 947 399 Mutians
964 342 1026 397 258.
1469 343 1520 398 341
1605 338 1613 352 ’

210 492 361 574 blirabor,
382 496 409 558 si
432 493 611 559 retardatus
629 514 691 559 non
712 501 862 579 properat
886 500 976 557 tanta
1002 493 1194 559 transicioue
1216 514 1277 557 non
1307 499 1523 578 experrectus;

211 605 304 680 puto,
339 597 439 661 dicet:
475 596 573 676 „Mel
608 598 746 661 retinent
774 597 916 661 vinctum
943 596 1077 661 tbrrnose
1105 596 1210 661 vincla
1230 596 1373 680 puelle¹‘.
1416 596 1449 659 Si
1477 595 1520 671 id,

213 698 355 778 Urbane,
384 719 459 763 vero
483 698 617 777 dixerit,
644 700 730 763 nullo
759 698 853 764 modo
874 698 948 762 duci
971 706 1111 781 potesta
1136 698 1289 763 custodia.
1334 698 1410 763 Sine
1437 708 1523 762 anret

210 807 243 863 ct
263 800 331 864 dic:
360 800 455 879 „Tua
476 808 524 865 est
545 801 681 865 Lavinia
699 801 872 881 coniunx“,
901 808 934 865 ut
960 800 1062 883 inquit
1086 800 1244 881 Vergilius
1265 800 1329 864 Xll
1351 799 1521 865 lineidosl:

210 902 275 967 Sed
297 902 425 967 Crotum
452 904 571 985 cogitet
592 905 727 967 amicum
754 910 819 967 tam
852 902 1025 983 sincerum,
1060 914 1124 965 taur
1152 902 1322 968 amabilem
1351 910 1383 965 et
1407 910 1522 978 cetera,

209 1025 271 1089 que
298 1007 348 1071 vel
375 1006 582 1071 ischiadioum
613 1006 785 1071 invitarent
817 1006 859 1069 ad
887 1025 1058 1070 cursuram.
1109 1004 1214 1071 Etiam
1240 1006 1321 1071 ossis
1348 1004 1522 1085 questnarii

211 1105 364 1171 basiolum
391 1108 505 1172 emisse
532 1108 663 1189 pietatis
687 1115 754 1187 est,
781 1108 845 1171 nisi
872 1108 952 1171 forte
972 1106 1097 1171 caldam
1125 1108 1208 1173 ol'am
1237 1116 1366 1191 gustare
1392 1108 1522 1175 suavius

211 1229 305 1292 quam
325 1208 475 1291 frigidam
497 1209 649 1273 Bonifatii
670 1208 854 1273 calvariam.

153 1340 167 1361 ·
272 1311 383 1376 -Vale
424 1312 469 1375 Xl
493 1310 652 1377 Calendas
673 1312 813 1376 lunias³.

281 1421 461 1469 irascemini.
480 1420 565 1469 raro
584 1424 625 1469 ror.
640 1420 837 1475 rosv-roos.

926 1550 969 1557 ...-

643 1620 721 1675 Siebe
741 1620 915 1687 Anmerkung
933 1620 959 1687 2,
978 1620 1004 1675 S.
1025 1620 1084 1673 340.

197 1778 210 1797 ,
292 1724 496 1806 Amplissimo
529 1724 612 1807 patri
645 1730 677 1811 et
708 1722 936 1788 humanissimo
964 1722 1091 1807 domino
1122 1724 1379 1799 Hartmanno,
1410 1724 1519 1789 abbati

215 1824 369 1903 Vuldano,
389 1826 551 1907 utriusque
572 1824 650 1889 iuris
671 1824 802 1903 doctori,
824 1834 957 1908 patrono
978 1833 1009 1889 et
1030 1827 1166 1911 principi
1188 1846 1266 1895 meo.
1290 1828 1487 1909 dignissimo.

293 1928 324 1992 S.
366 1928 593 1991 Consternatus
610 1926 747 2006 loannis,
768 1928 962 1992 sanctissimi
984 1928 1111 1993 abbatis
1132 1930 1218 1994 obitu
1246 1929 1309 1993 dici
1329 1950 1389 1993 non
1409 1935 1521 2012 potest,

212 2030 346 2095 antistes
371 2029 621 2113 sapientissime,
659 2049 753 2110 qrram
782 2029 840 2094 siru
870 2049 911 2093 ea
938 2028 1024 2095 sama
1049 2039 1224 2111 recreatus,
1259 2051 1322 2113 quc
1349 2032 1407 2096 tibi
1436 2031 1520 2097 domi

211 2131 349 2213 ibrisqnc
368 2128 519 2214 pacificas
541 2129 681 2195 habenas
699 2130 961 2195 accommodavit.
1001 2130 1151 2213 Angebat
1172 2133 1255 2197 enim
1277 2134 1327 2197 vel
1350 2136 1455 2217 potius
1471 2154 1520 2199 me

211 2233 375 2298 cruciabat
406 2232 583 2299 nobilitatis
614 2234 744 2313 t'erocia,
777 2254 855 2315 que,
886 2254 956 2297 curn
984 2234 1121 2317 ecclesie
1152 2243 1205 2317 tur<
1237 2254 1351 2318 corpus
1376 2237 1520 2300 orbatum

212 2345 331 2399 rectore
354 2334 563 2418 periclitatur,
591 2354 648 2399 suo
669 2336 772 2417 magis
793 2336 956 2399 commodo
978 2335 1141 2401 consulere
1167 2346 1200 2400 et
1224 2356 1274 2403 res
1299 2356 1397 2403 novas
1418 2338 1520 2401 moliri

211 2457 305 2519 quam
334 2438 461 2520 optimis
490 2436 706 2519 cenobitarum
733 2437 816 2501 votis
842 2436 973 2518 obsequi
1000 2436 1088 2502 solet.
1135 2438 1198 2503 Sed
1228 2438 1521 2520 indulgentissimus

212 2546 297 2623 pater
332 2541 453 2603 futuros
486 2545 558 2623 post
585 2559 619 2601 se
653 2537 766 2603 linctus
796 2546 828 2602 et
859 2547 1079 2621 tempestatem
1106 2540 1216 2605 divino
1242 2540 1375 2606 consiliu
1402 2548 1433 2607 te
1459 2541 1520 2607 sibi
1561 2556 1563 2561 ·

212 2660 392 2706 successore
420 2639 544 2704 delecto
569 2640 737 2722 mitigavit.
785 2640 977 2705 Existimant
1004 2642 1087 2705 enim
1110 2642 1170 2707 viri
1194 2643 1380 2725 prudentes,
1406 2642 1521 2725 quibus

212 2763 287 2825 ego,
321 2744 397 2824 qnia
422 2743 520 2826 probe
548 2747 579 2805 te
605 2749 733 2818 norunt,
759 2743 928 2821 assentior,
963 2764 1024 2806 non
1052 2737 1213 2825 quieturos
1238 2744 1336 2809 luisse
1367 2744 1520 2827 quosdam

214 2846 348 2928 pecunie
374 2842 521 2928 cupidos,
554 2844 614 2907 nisi
643 2853 699 2909 tna
724 2844 891 2908 maiestate
921 2856 953 2907 et
977 2844 1159 2909 admirabili
1190 2846 1339 2927 gerendis
1365 2848 1398 2910 in
1429 2847 1522 2911 rebus

211 2948 340 3012 solertia
359 2947 520 3011 conterriti
541 2945 635 3010 iidem
658 2965 785 3010 servare
806 2954 838 3009 et
859 2946 986 3027 cenobii
1007 2944 1196 3027 dignitatem
1219 2949 1404 3029 constancia,
1425 2955 1522 3015 causa

212 3048 381 3114 detendere
416 3056 612 3131 cogerentur.
667 3048 780 3129 ltaque
815 3047 883 3112 Deo
923 3050 1042 3131 optimo
1081 3048 1219 3113 maximo
1257 3050 1419 3133 inprimis,
1467 3050 1522 3132 qui

212 3152 361 3217 bonorum
381 3151 520 3215 oninium
540 3161 589 3215 est
598 3160 716 3229 auctor,
736 3160 802 3213 tum
824 3150 1016 3215 antecessori
1038 3159 1091 3215 tuo
1106 3154 1298 3235 sempiterne
1312 3152 1522 3235 suntagcnde

211 3256 329 3337 gratie,
353 3252 437 3335 quod
463 3261 495 3317 tu
520 3254 570 3318 vir
596 3253 674 3317 iuris
695 3252 856 3333 utriusque
878 3252 1000 3317 siencia
1023 3260 1167 3335 prestans
1189 3262 1219 3315 et
1242 3252 1412 3345 singularis
1435 3252 1522 3319 tbeu·

211 3357 303 3438 lngus
331 3374 495 3439 rerumque
521 3355 688 3419 multarum
718 3355 848 3437 peritia,
875 3354 1139 3436 quemadmodum
1168 3355 1321 3419 natalium
1354 3355 1521 3439 splendore

212 3459 334 3538 clarus,
360 3456 532 3522 venerandi
555 3466 643 3539 cetus
669 3457 754 3520 illins
782 3456 883 3520 abbas
904 3458 950 3522 sis
971 3458 1172 3521 constitutus:
1200 3458 1249 3521 cui
1274 3458 1361 3521 salus
1383 3460 1521 3521 onmium

212 3568 333 3624 tuorunr
362 3560 443 3625 bene
473 3558 595 3623 credita
621 3559 739 3623 nullam
772 3559 919 3624 bellicam
950 3560 1148 3638 vastitatem,
1180 3559 1282 3623 nullos
1313 3560 1444 3624 hostiles
1476 3560 1522 3624 in·

211 3681 336 3742 cursus,
366 3662 485 3743 nullam
513 3660 650 3742 denique
677 3659 861 3725 molestiam
878 3669 910 3725 te
932 3662 1059 3744 preside
1081 3680 1225 3741 sensura,
1256 3660 1312 3725 scd
1336 3668 1520 3745 perpetuum

210 3764 373 3828 felicitatis
408 3771 547 3827 tenorem
587 3770 746 3826 retentura
778 3771 913 3847 putatur.
967 3764 1068 3857 Quam
1106 3764 1146 3828 ob
1179 3784 1242 3827 rem
1280 3763 1337 3827 tibi
1370 3764 1522 3845 gratulor,

211 3864 342 3930 illustris
370 3865 519 3948 princeps
550 3872 581 3927 et
609 3864 737 3930 domine
769 3866 899 3929 summis
932 3864 1029 3947 digne
1066 3864 1192 3929 laudum
1225 3867 1400 3948 preconiis,
1438 3865 1522 3947 quiid

210 3969 376 4032 monastici
398 3968 535 4031 nominis
555 3964 796 4051 amplitudinem
817 3966 859 4029 ad
881 3974 1001 4031 tantum
1026 3966 1152 4031 honoris
1174 3967 1336 4049 fastigium
1354 3968 1523 4032 subrectus

210 4077 242 4133 et
263 4071 343 4134 tueri
366 4070 470 4153 possis
490 4077 522 4135 et
543 4069 652 4151 angeri
672 4068 761 4133 velis.
797 4069 946 4134 Gratulor
967 4077 998 4133 et
1020 4069 1136 4159 subolis
1154 4069 1358 4134 eruditorum.
1401 4068 1450 4135 De
1473 4069 1522 4135 bis

273 4265 285 4308 ¹
307 4269 411 4326 Tibull.
433 4270 455 4339 1,
479 4270 505 4337 l,
528 4268 573 4324 55.

272 4345 287 4389 ²
307 4348 378 4408 Aen.
394 4350 461 4421 XII,
482 4350 548 4407 937.

272 4424 286 4469 ³
307 4430 386 4485 Nacb
408 4430 608 4502 spangenberg
629 4431 667 4483 im
689 4429 846 4486 chronicon
860 4432 1104 4503 Hennebergicum
1127 4430 1214 4489 lib.V
1233 4450 1292 4501 cap.
1304 4430 1342 4483 32
1364 4431 1400 4484 ist
1410 4430 1522 4486 Johann

210 4528 266 4566 von
291 4510 460 4583 Henneberg
481 4516 538 4565 erat
563 4528 607 4565 am
636 4510 684 4567 22.
706 4512 763 4566 Mai
786 4512 862 4565 1513
888 4514 1046 4583 gestorben.
1099 4512 1191 4566 Wcun
1220 4512 1278 4567 dies
1302 4512 1405 4583 riclrtig
1441 4516 1523 4578 wilre,

212 4594 317 4646 miisrte
338 4592 387 4646 das
405 4589 578 4646 Briefdatum
599 4590 751 4647 feblerhaft
772 4593 831 4649 sein
851 4594 909 4647 und
929 4592 1072 4649 vielleicbt
1091 4592 1178 4647 Iulias
1196 4593 1309 4664 geleseu
1332 4594 1449 4653 maden,
