3625 5192
636 341 723 394 Brielc
742 339 861 394 Mutinns
881 341 940 392 tlltl.
960 340 1018 394 344.
1038 341 1097 393 :ll-5.
1510 353 1524 396 ιι

213 483 294 550 344.
319 486 601 569 testlcnmplnn¹
626 506 670 552 00
694 487 842 554 llutlnn.
1052 489 1191 556 liotbus
1213 489 1308 558 1514.
1329 487 1468 554 ianuar
1488 488 1517 558 1.

283 611 471 671 Aesticempicn
490 612 615 658 berit-blot
643 611 704 658 tiber
731 613 772 658 die
794 612 934 672 Grdndung
961 613 1044 660 soirrer
1072 613 1197 660 Kotbuser
1219 613 1309 661 Sclrule
1337 614 1386 659 und
1415 612 1519 659 erbittet

210 681 262 726 siclt
278 682 414 727 Nachrielrt
432 682 510 728 durch
529 682 625 728 Kdlncr
644 682 792 737 studentem,
812 684 905 730 welche
925 685 1057 730 nitclrstons
1076 684 1102 728 in
1121 684 1205 730 (iotha
1224 685 1391 744 vorsprecbcn
1411 683 1518 730 werden.

292 779 432 844 blutiaco
450 780 576 858 Rullo,
601 780 800 863 philosopho,
817 780 965 846 Gothano
976 783 1138 862 canonico,
1154 781 1257 846 amico
1270 801 1326 845 suo
1338 781 1520 865 praecipuo.

292 882 394 959 Saltus,
417 882 557 945 Mutiaue
577 883 760 948 doctissime
781 883 1049 965 amicissimeque!
1085 885 1216 967 Suscepi
1238 884 1435 966 provinciam
1457 902 1517 944 non

210 991 330 1048 tanturm
353 985 477 1064 duram,
500 992 533 1048 ut
555 985 607 1049 ille
628 986 681 1066 qui
704 990 835 1049 iuvenes
856 985 1025 1050 dissolutos
1047 1006 1156 1066 regere
1178 985 1324 1063 debebat,
1347 983 1519 1049 sedetiam

210 1085 386 1162 difficilem,
415 1085 488 1150 dum
517 1095 642 1168 gentem
672 1109 774 1152 meam
803 1088 912 1152 rudem
942 1108 980 1152 ac
1003 1089 1214 1170 praeferocem
1235 1107 1305 1152 cum
1326 1089 1368 1152 ad
1391 1085 1518 1150 eruditi-

210 1190 280 1252 onis
299 1191 429 1252 l‘ormam
457 1188 599 1270 elligiare
628 1197 692 1254 tum
721 1190 763 1252 ad
791 1189 891 1253 anicii
919 1189 1192 1254 nransuetudinem
1221 1209 1370 1254 revocare
1398 1188 1518 1252 laboro.

210 1292 354 1355 Tentabo
377 1299 481 1355 tamen
503 1291 562 1355 Dei
586 1291 782 1372 benignitate
806 1291 935 1355 adiutus
960 1301 1146 1374 utrunque·:
1166 1293 1275 1356 literas
1297 1293 1381 1355 euim
1398 1290 1518 1355 docebo

212 1393 255 1458 ad
276 1413 430 1474 omneque
452 1395 579 1458 virtutis
598 1393 751 1473 otlicium,
779 1395 883 1475 quoad
906 1393 973 1458 lieri
997 1395 1123 1476 poterit,
1144 1394 1317 1458 instituam.
1357 1391 1517 1476 Oppidum

211 1495 287 1559 mihi
308 1495 464 1559 delectum
486 1495 586 1558 estin
610 1494 716 1559 media
736 1495 876 1560 inferiori
900 1495 1032 1560 Lusatia
1053 1494 1225 1559 marchioni
1240 1494 1516 1576 Brandeburgensi

210 1598 400 1670 subiectum,
425 1598 597 1671 frumento,
625 1597 713 1680 pisce
734 1616 890 1678 carneque
912 1596 1078 1660 abundans
1100 1605 1146 1675 et,
1170 1595 1254 1678 quod
1275 1597 1351 1660 mihi
1372 1595 1517 1677 inprimis

210 1699 324 1782 placet,
346 1699 426 1763 coeli
449 1700 601 1782 temperie
620 1699 868 1764 saluberrimum.
912 1699 980 1763 Huc
1002 1699 1154 1763 advolant
1179 1699 1311 1763 iuvenes
1338 1707 1370 1761 et
1396 1697 1515 1762 adoles·

211 1811 319 1866 centes
345 1803 385 1865 ad
413 1804 546 1866 fructum
574 1801 768 1882 ingeniorum
800 1820 925 1864 suorum
954 1800 1198 1883 decerpendum.
1241 1800 1387 1866 Scholam
1411 1806 1515 1863 alutem

212 1905 342 1967 latinam
364 1912 396 1966 et
418 1902 646 1980 Christianam,
668 1902 728 1966 nisi
752 1912 783 1965 tu
806 1901 996 1982 dissentias,
1019 1913 1162 1967 vocatum
1185 1903 1223 1968 iri
1244 1903 1387 1981 decrevi,
1409 1910 1443 1964 ut
1462 1921 1516 1965 ora

209 2007 391 2070 latrantium
414 2025 526 2069 canum
548 2005 709 2070 obstruere
731 2006 865 2070 valeam.
907 2005 1041 2087 Siquid
1064 2005 1162 2070 habes
1184 2005 1234 2070 vel
1257 2005 1375 2070 nornini
1400 2004 1450 2067 vel
1472 2003 1516 2067 rei

209 2108 453 2187 conducibilius,
487 2106 519 2170 id
549 2126 669 2171 mecum
697 2110 901 2171 communica.
945 2107 1134 2190 Salutabuqt
1161 2115 1192 2172 te
1218 2108 1339 2189 aliquot
1366 2107 1516 2170 invenere

211 2231 228 2275 e
255 2211 387 2276 Colonia
422 2211 463 2274 nd
491 2229 540 2273 me
570 2217 784 2292 properantes.
827 2209 883 2274 Eis
916 2209 1109 2274 committere
1141 2210 1250 2274 literas
1282 2217 1347 2272 tuto
1381 2208 1512 2292 poteris:

211 2313 360 2377 rurandato
380 2312 463 2375 eninr
483 2332 552 2374 meo
573 2320 604 2375 te
625 2311 769 2375 adibunt.
814 2310 891 2376 Vale
913 2311 1055 2374 feliciter.

356 2415 444 2478 Datis
466 2413 615 2478 Cotbusio
638 2411 789 2478 Calendis
810 2413 950 2476 ianuarii
973 2432 1056 2478 anno
1078 2412 1195 2478 Christi
1216 2411 1374 2476 MDXllll

938 2515 1097 2579 lohannes
1118 2515 1416 2597 Aesttoampianus2

208 2621 413 2685 Phaclrum¹¹³
429 2619 681 2698 Vuitembergae,
703 2617 889 2682 Ecbanum⁴
904 2618 1038 2682 Hessum
1053 2616 1299 2683 Francolbrdiae
1320 2625 1372 2681 tuo
1390 2616 1516 2681 nomine

209 2722 356 2802 salutavi,
378 2723 481 2786 saluta
501 2740 626 2802 quoque
647 2726 679 2784 tu
708 2719 959 2804 Erpbordieuses
980 2725 1106 2783 nostrae
1128 2721 1260 2786 tarinae.

280 2865 355 2911 (ledr.
385 2861 412 2915 ll
435 2865 459 2909 iu
482 2861 594 2909 Libellus
609 2855 614 2922 Ι
630 2863 706 2921 aller,
735 2861 853 2922 epistolas
868 2857 873 2922 Ι
888 2863 1056 2922 complectens
1083 2862 1180 2909 Irbbnni
1202 2857 1205 2923 Ι
1227 2869 1252 2909 et
1280 2863 1384 2910 aliorum
1408 2877 1515 2922 quorun·

209 2937 266 2982 dam
283 2931 287 2996 Ι
303 2934 499 2982 doctissimorum
519 2934 628 2980 virorum
644 2928 648 2994 Ι
664 2949 710 2979 nec
732 2948 782 2978 non
802 2947 887 2978 versus
914 2933 977 2978 varii
995 2927 998 2992 Ι
1014 2933 1111 2990 gerrcris
1134 2937 1210 2993 atque
1232 2949 1261 2980 ar
1276 2927 1280 2994 Ι
1296 2933 1408 2992 sumenti
1428 2968 1432 2979 .
1455 2967 1461 2980 .
1484 2969 1489 2981 .
1508 2968 1514 2978 .

210 3005 421 3066 Exprimebantur
446 3005 506 3049 baeu
523 2999 527 3064 Ι
544 3004 645 3064 lipsiae
667 3004 694 3050 in
719 3003 819 3050 cilicina
835 2997 839 3064 Ι
855 3017 936 3062 papae
955 3005 1002 3050 An.
1026 2997 1029 3062 Ι
1051 3003 1084 3048 ll.
1102 3003 1131 3049 1),
1148 3004 1176 3050 L.
1189 3003 1242 3049 Vll.
1274 3003 1299 3050 8ι
1323 3005 1364 3050 sol.
1379 3003 1514 3052 le-lir.

210 3077 236 3133 ’2)
256 3076 352 3124 b.Karl
370 3076 422 3121 und
442 3075 559 3121 Wilhelm
580 3075 672 3134 Krafft,
700 3073 783 3120 Briese
803 3073 855 3119 und
875 3074 1041 3120 Docutmente.
1078 3075 1101 3121 S.
1120 3074 1178 3120 14³.

279 3192 291 3219 ⁸
310 3203 444 3259 utrumque
463 3197 488 3243 in
507 3196 533 3242 2.
605 3179 680 3242 ''th
706 3195 781 3242 Wurte
801 3211 846 3241 ron
863 3196 917 3241 bier
934 3195 971 3242 bie
989 3195 1084 3242 lamnae
1105 3195 1184 3247 r'eblcrr
1205 3193 1275 3243 102.

210 3428 292 3496 345.
315 3430 359 3496 11.
377 3448 422 3495 nn
444 3429 632 3499 Sclualbus.
1006 3425 1139 3511 (uolua
1160 3429 1269 3506 1514).
1300 3427 1440 3494 lurruar
1461 3429 1513 3494 18.

279 3553 340 3602 utun
359 3555 471 3601 versiebt
488 3554 538 3600 deu
556 3554 676 3601 Schalbus
694 3554 740 3600 mit
757 3553 895 3614 Austriigen
913 3568 943 3599 zu
964 3553 1242 3614 Biluberbssorguugeu.

290 3652 430 3716 Literato
449 3650 631 3731 disertoque
652 3650 848 3715 Sobalbo5
869 3670 927 3714 suo

290 3755 322 3818 S.
364 3753 440 3835 Egit
460 3761 562 3817 tecum
579 3751 746 3817 Tiloniusi
768 3751 1050 3817 deConstautino⁷
1071 3753 1245 3838 Capnionis
1261 3757 1369 3821 nostri.
1412 3757 1461 3821 lte
1482 3766 1516 3820 nt

208 3861 336 3938 laceret,
356 3854 507 3921 mandavi
558 3855 755 3920 Pollicebare
776 3863 858 3932 tum,
884 3875 945 3938 que
966 3863 1020 3920 tua
1042 3863 1090 3920 est
1110 3857 1264 3938 facilites,
1286 3878 1348 3924 uon
1369 3860 1514 3924 venalem

208 4013 404 4022 -.—.-———

234 4113 239 4121 ’
273 4099 283 4141 ¹
305 4103 370 4176 Vgl.
389 4103 436 4158 Br.
449 4103 507 4157 299
526 4103 553 4157 S.
564 4104 624 4157 385
647 4104 726 4160 elnm.
739 4103 764 4156 3.

267 4180 411 4251 ‘²Sobius,
431 4183 538 4238 Borner
554 4185 610 4238 und
622 4184 764 4239 Mosellam
806 4183 862 4255 Vgl
892 4183 992 4256 Krafft‚
1013 4182 1106 4237 Bricl'e
1119 4185 1174 4237 und
1188 4183 1371 4239 Documento.
1403 4188 1428 4241 S.
1446 4187 1511 4243 141.

267 4259 281 4303 ³
303 4263 358 4335 Vgt
387 4263 503 4318 Br.155
527 4263 622 4318 8226
644 4265 764 4320 annu.

266 4341 368 4399 tuno
390 4344 429 4397 im
450 4343 576 4398 Sommer
600 4345 685 4398 1513.

269 4421 284 4464 5
304 4423 365 4496 vgt.
385 4424 501 4478 Becco
522 4423 548 4480 S.
564 4425 619 4478 381
644 4424 760 4481 Amne

269 4502 283 4544 ⁶
305 4503 549 4560 Wahrscheinlieh
569 4506 634 4560 Tilo
655 4524 708 4559 von
730 4506 874 4561 Eiscnach,
916 4507 980 4581 ugr,
1003 4505 1115 4561 bauto
1136 4505 1161 4560 S.
1175 4505 1237 4558 322·
1255 4504 1335 4561 Auru.
1349 4507 1372 4564 5.

271 4583 366 4660 7ng
387 4585 505 4644 Budua
531 4586 628 4644 sest
653 4587 735 4642 Auru.
748 4587 774 4643 3.
