3625 5192
291 294 325 351 72
664 294 923 367 Geschiehtsqusllen
943 298 992 352 der
1010 296 1086 352 Pron.
1104 296 1228 354 Saebsen.

290 448 441 528 cendunt,
468 446 526 539 sed
550 453 583 511 ut
602 448 793 530 pecuniosus
813 465 923 511 aurum
945 447 990 511 ita
1014 447 1211 512 continenter
1231 464 1343 511 cavum
1365 445 1521 510 murinum
1542 443 1597 509 ob-

292 558 428 616 servant.
469 548 545 613 Tibi
565 549 691 633 culpam
711 550 847 633 imputes
870 568 1000 614 neeesse
1021 555 1078 629 est,
1099 548 1181 629 quod
1204 569 1266 613 non
1287 547 1470 633 promiseris
1490 546 1596 633 explo-

291 659 435 717 ratorem.
475 650 585 717 Solent
605 651 690 717 enim
703 652 812 733 magni
824 650 943 715 domini
966 650 1088 733 legatos
1108 650 1242 730 mittere,
1263 650 1317 732 qui
1345 648 1516 714 adventum
1528 668 1597 733 pre·

291 752 408 818 dicant.
450 753 566 819 Credo⁸
586 773 649 817 non
669 754 749 818 satis
769 754 831 818 ocii
852 753 951 817 fuisse
972 752 1039 817 tibi.
1082 751 1170 833 Mihi,
1191 751 1275 834 quod
1296 750 1457 817 subtristis
1470 751 1598 833 abieris,

291 874 369 920 sane
384 855 547 921 molestum
569 864 625 920 est.
666 857 777 941 Spero,
799 855 936 921 tristicia
955 861 1093 920 vertetur
1114 854 1147 919 in
1168 852 1329 937 gaudium,
1351 854 1405 919 ubi
1428 856 1596 921 reveneris.

291 957 374 1021 Nam
397 964 427 1022 te
448 956 541 1020 rebus
561 954 709 1022 iucundis
730 966 762 1023 et
778 956 869 1021 novis
890 975 911 1020 a
931 976 1052 1021 merore
1073 955 1234 1021 recreabo.
1276 954 1372 1029 Vale,
1395 955 1437 1019 mi
1459 955 1598 1022 Urbane.

371 1058 421 1122 Ex
439 1058 553 1125 edibus
575 1060 693 1123 nostris
714 1059 746 1124 in
768 1058 991 1123 anniversaria
1009 1057 1077 1122 divi
1099 1056 1241 1122 Mauritii
1262 1058 1422 1124 memoria.

362 1168 542 1215 liandschriitl,
561 1166 626 1215 1³52
645 1170 687 1219 t'ol.
698 1166 857 1217 scr-son
877 1165 938 1226 (aad
956 1184 1028 1226 mear,
1048 1167 1082 1213 da
1101 1168 1141 1213 die
1160 1167 1324 1227 Heerulrclosjn
1341 1168 1400 1215 armi
1418 1168 1544 1215 Narniae-m
1563 1166 1599 1214 52

292 1241 346 1297 lant,
365 1234 436 1299 52⁴.)
473 1238 548 1286 Gedr.
569 1239 592 1286 b.
612 1238 653 1285 Tz.
676 1239 699 1285 S.
710 1239 742 1284 le
763 1234 836 1298 (Hier
854 1239 990 1299 fdlscblieb
1018 1240 1056 1285 als
1080 1238 1123 1286 Nc.
1143 1235 1176 1283 51
1194 1238 1238 1284 der·
1260 1238 1423 1299 llaraclscon'fl
1448 1236 1598 1300 bezeichnen.)

297 1310 345 1355 l'on
363 1309 408 1355 uer
424 1308 527 1354 Adi-esse
547 1308 683 1368 abpeaelrcn,
704 1309 854 1368 nollenndip.

363 1394 375 1421 ²
394 1401 433 1448 Ta.
454 1400 542 1449 Credo.

845 1468 1003 1475 ..—..--⁶—..
1023 1468 1045 1475 .-

295 1539 354 1608 so.
377 1537 420 1603 ll.
443 1555 489 1603 arr
512 1535 647 1608 Urban.
1023 1536 1399 1625 (sotnalnos-loot.
1431 1536 1517 1603 lien.
1530 1535 1598 1622 21.)

364 1649 425 1695 blut.
447 1649 517 1708 hod‘t,
537 1649 592 1694 dass
611 1649 709 1695 Urbnus
727 1650 779 1696 Abt
798 1650 945 1703 (Duronius)
965 1650 1024 1696 bald
1042 1649 1167 1697 Vernunlt
1190 1649 1332 1695 unnehmen
1357 1648 1408 1694 und
1426 1648 1495 1695 nieht
1513 1650 1598 1708 liingor

294 1718 372 1765 drrrcir
391 1719 479 1765 seinen
499 1720 643 1766 schlechteu
664 1719 777 1779 Umgang
797 1722 900 1767 Anstoss
919 1735 1022 1779 umagen
1043 1720 1133 1766 warde.

374 1804 438 1867 Suo
449 1803 586 1867 Henrico
599 1802 772 1885 Urbano,
794 1803 1107 1870 economotidissimo
1120 1802 1263 1869 etamieo
1275 1801 1416 1878 colendo,
1439 1802 1599 1868 Mutienus

294 1904 402 1970 Rufus.

374 2007 489 2073 Salvus
509 2008 563 2073 sis.
605 2008 724 2074 Scribit
742 2007 784 2074 ad
796 2008 1011 2073 Chromatium
1032 2008 1253 2091 Hieronymus,
1275 2009 1320 2072 uti
1341 2008 1459 2091 legitur
1477 2008 1509 2071 in
1532 2026 1601 2090 pre·

294 2110 413 2175 latione
443 2109 724 2193 Paralipomenon:
758 2110 929 2192 „Mihimet
961 2112 1024 2194 ipsi
1059 2112 1148 2176 iuxta
1176 2111 1373 2177 Hismeniam
1408 2130 1541 2190 canone,
1572 2110 1599 2175 si

294 2211 491 2275 auresaurde
512 2218 585 2275 sunt
606 2215 801 2277 ceterorum“
823 2213 1005 2278 Hismenias
1026 2212 1080 2278 ille
1103 2214 1156 2295 qui
1178 2212 1263 2278 l'uit?
1304 2212 1433 2277 Urbane
1444 2213 1496 2290 mi,
1518 2210 1600 2277 'l'he-

294 2313 397 2377 banus
419 2312 486 2385 suit,
509 2332 572 2377 non
593 2313 743 2379 obscurus
764 2315 892 2396 tibicen,
914 2315 1127 2397 Antigenidis,
1148 2314 1188 2379 de
1210 2334 1272 2397 quo
1287 2314 1433 2380 Valerius
1444 2312 1601 2380 Maximus

294 2414 439 2496 loquitur,
459 2414 643 2497 discipulus.
684 2415 717 2481 Is
743 2416 851 2482 dicere
877 2417 1001 2483 solebat
1022 2417 1084 2483 sibi
1105 2416 1281 2483 canendum
1308 2419 1407 2481 essel.
1450 2416 1537 2481 Idem
1568 2426 1600 2481 tu

294 2516 410 2595 licias,
430 2516 506 2598 quia
526 2524 619 2602 pater
638 2523 710 2583 tuns
729 2518 834 2583 surdis
853 2528 902 2585 est
918 2520 1056 2585 auribus.
1098 2520 1132 2585 Si
1152 2520 1235 2585 enirn
1259 2525 1290 2583 te
1311 2517 1447 2593 audiret,
1470 2518 1602 2583 saltaret

295 2619 479 2683 concinnius
500 2620 542 2682 ad
563 2618 662 2701 lyram
690 2622 867 2702 gravitatis.
911 2622 1030 2686 Vellem
1056 2622 1165 2702 sciret,
1198 2620 1274 2704 quid
1301 2620 1458 2703 significet
1482 2622 1601 2686 dictum

295 2718 373 2785 illud
395 2726 501 2785 vetus:
523 2722 577 2802 „Si
600 2723 658 2787 tibi
681 2742 740 2787 nou
763 2743 830 2787 sum
853 2730 989 2801 senator,
1011 2730 1044 2787 tu
1066 2744 1128 2788 uon
1150 2722 1213 2787 eris
1242 2722 1320 2786 nribi
1350 2721 1488 2788 consul.“
1538 2722 1601 2787 Sed

295 2824 420 2887 tbrtuna
439 2842 498 2887 sua
518 2830 661 2907 tempora
683 2825 754 2907 lege
773 2826 865 2908 gerit.
909 2826 942 2889 Si
965 2834 1048 2902 ruet,
1075 2826 1124 2890 eui
1146 2844 1208 2889 non
1230 2826 1290 2889 erit
1312 2823 1463 2889 ridiculus
1487 2824 1602 2889 l'rustra

294 2936 494 2989 antecurrente
514 2925 570 2990 vili
592 2925 685 2991 turba
704 2927 947 2993 combibonum'i
989 2927 1076 3008 Non,
1096 2946 1202 3011 spero,
1224 2926 1280 2991 diu
1299 2934 1344 3007 te,
1368 2926 1509 3005 Urbane,
1531 2926 1600 2990 lati·

295 3026 385 3106 gabit
405 3025 541 3093 adversa
561 3029 703 3109 tortuna,
733 3029 901 3113 prudentia
923 3036 1052 3112 superat
1079 3030 1313 3094 temeritatem..
1339 3028 1433 3095 Nunc
1459 3028 1601 3094 (libamus

296 3130 380 3193 bona
400 3129 507 3196 verba.
536 3130 630 3195 Venit
641 3131 758 3196 Christi
777 3132 901 3197 natalis.
945 3130 1239 3216 Uranturpiatura,
1261 3150 1432 3214 precemur.
1466 3130 1603 3196 Favebit

295 3230 382 3295 Deus
403 3231 548 3315 precibus
568 3234 714 3316 superbis
735 3234 879 3317 patribus
899 3235 1058 3299 resistens.

485 3358 558 3439 lpse
579 3358 662 3422 enim
683 3358 807 3441 genitor
828 3376 940 3437 rerum,
963 3356 1138 3425 moderator
1160 3358 1301 3443 Olympi,

444 3458 527 3523 Dum
549 3466 671 3542 peteret
690 3468 799 3535 terras,
820 3479 881 3525 uon
903 3460 970 3525 alta
992 3460 1113 3543 palatin
1133 3460 1239 3539 Rome,

444 3563 503 3627 Ast
527 3559 607 3625 adiit
626 3561 743 3627 servile
763 3581 864 3643 genus
885 3562 1107 3643 stabulumque
1129 3562 1276 3646 pudicum

376 3686 484 3750 Virtus
503 3704 565 3750 non
584 3684 738 3766 superbit,
766 3704 827 3750 non
849 3693 897 3752 est
919 3686 1022 3767 ebria,
1048 3706 1111 3751 non
1135 3684 1273 3769 despicit
1300 3686 1438 3767 equales.
1488 3684 1601 3751 Errare

293 3808 355 3852 non
379 3806 543 3871 possumus
564 3787 643 3851 duee
659 3786 798 3864 Christo,
828 3790 862 3853 in
882 3788 970 3854 euius
994 3789 1109 3853 militia
1136 3788 1227 3852 bonis
1249 3788 1401 3870 auspiciis
1422 3787 1602 3853 Bernardus

294 3890 443 3973 princeps
473 3889 534 3953 t'nit
565 3898 596 3953 et
625 3889 767 3972 signiter.
820 3895 971 3973 Superest
991 3888 1193 3955 desiderium.
1241 3888 1377 3953 'lantum
1400 3889 1482 3971 abbe
1505 3891 1603 3956 nostri

294 3991 445 4073 temporis
464 3991 746 4073 degeneraverunt.
789 3993 875 4058 Vale.

376 4092 423 4155 Ex
445 4093 550 4157 insula
565 4093 682 4176 quietis
701 4095 935 4161 l'aventeVesta
955 4092 1081 4179 preside
1096 4092 1282 4159 Decembris
1296 4092 1349 4157 die
1360 4092 1481 4159 Tbome
1494 4094 1602 4177 legati.

364 4202 546 4251 Handsclrriitl.
564 4203 585 4249 l*
596 4203 626 4252 61
647 4206 689 4252 iol.
698 4205 763 4253 sev.

357 4364 368 4405 ¹
390 4367 453 4423 Lib.
465 4369 516 4423 Ill.
538 4367 749 4444 cennmugi.
770 4369 955 4441 Antigenidas
975 4369 1079 4424 tibicen
1100 4369 1237 4441 discipulo
1267 4388 1317 4425 suo
1339 4370 1430 4441 nrangni
1454 4370 1604 4441 proiectus,

295 4448 462 4585 {pduplagirppp
484 4450 605 4506 feliciter
628 4451 732 4523 populo
752 4468 782 4505 se
808 4450 974 4522 adprobanti
1000 4450 1108 4506 eunetis
1129 4449 1306 4507 audientibus
1327 4450 1397 4509 dixit
1422 4450 1515 4530 „mihi
1536 4468 1605 4509 eane
