3625 5192
313 334 365 389 lou
693 335 953 405 Geschichlsqnellen
972 336 1021 391 der
1039 334 1114 391 Pror.
1134 334 1257 391 Sachsen.

313 490 419 551 mento
440 504 522 551 ausa
542 492 651 569 petere
671 490 728 551 est.
771 486 907 570 Arrepto
929 485 1013 551 enim
1037 485 1139 553 cribro
1161 484 1302 567 „Vesta“
1325 483 1437 567 inquit,
1458 484 1618 566 ,sisacris

311 588 501 653 caucasias
527 607 652 670 semper
681 588 809 654 admovi
835 608 963 669 manus,
993 588 1094 657 effice,
1125 594 1160 652 ut
1185 588 1267 653 hane
1297 587 1439 652 hauriam
1468 588 1617 653 e'l'ibcri

310 691 512 772 aquametiu
534 690 625 755 edem
647 697 732 754 tuam
753 690 940 773 perferam‘.
981 690 1427 773 Ratavotalbereprecantis.
1468 688 1615 757 Οιοιιίιιε1

310 791 392 855 libro
413 792 510 859 tercio
530 797 620 857 notat
641 792 822 858 miserabile
837 794 936 859 fatum
953 792 1118 859 cuiusdam
1128 793 1270 859 Minerva
1284 791 1460 859 sacerdotis
1472 792 1617 859 Vestalis.

311 893 422 960 Livius
443 894 476 959 in
497 894 593 959 XXll
614 894 730 959 dicit²r
760 895 856 974 „llue
872 894 1019 961 Vestales
1039 914 1077 959 eo
1098 914 1181 959 anno
1203 895 1332 979 Opimia
1351 904 1445 977 atque
1467 894 1617 961 Floronia

310 997 412 1074 stupri
432 1004 591 1080 comperte
612 997 714 1063 altera
731 996 791 1063 sub
812 1006 924 1077 terra²,
947 1005 981 1063 ut
1001 1016 1069 1063 mos
1093 1002 1155 1079 est,
1184 997 1227 1061 ad
1248 1004 1370 1080 portam
1391 996 1545 1063 Collinam
1564 1017 1616 1063 ue-

311 1106 383 1163 cuta
409 1100 525 1180 luerat,
552 1101 655 1166 altera
674 1100 804 1166 sibimet
823 1101 896 1184 ipsa
917 1107 1047 1166 mortem
1064 1100 1272 1167 consciverat.
1314 1099 1430 1165 Lucius
1451 1099 1616 1181 Cantilius,

310 1201 416 1267 scriba
437 1202 630 1283 pontificum,
650 1203 704 1286 qui
725 1222 795 1267 curn
804 1203 956 1269 Floronia
972 1210 1112 1285 stuprum
1129 1202 1255 1283 fecerat,
1278 1222 1298 1267 a
1320 1201 1468 1285 pontifice
1478 1202 1616 1267 maximo

310 1322 348 1369 co
370 1322 468 1387 usque
488 1305 590 1387 uirgis
611 1306 643 1369 iu
664 1306 792 1371 comitio
813 1324 904 1371 cesus
925 1313 1009 1384 erat,
1030 1313 1064 1370 ut
1083 1305 1165 1371 inter
1186 1306 1321 1371 verbera
1341 1304 1509 1387 expiraret.
1554 1303 1615 1369 Do-

310 1404 485 1471 micianus³
498 1426 569 1471 cum
581 1408 732 1473 Ocellatis
742 1407 910 1489 sororibus,
922 1407 996 1473 item
1004 1405 1164 1471 Varonille
1173 1406 1354 1471 Vestalibus
1365 1406 1497 1473 liberum
1507 1406 1616 1472 mortis

311 1508 506 1589 permisisset
526 1508 700 1590 arbitrium,
722 1518 982 1593 corruptoresque
1002 1528 1109 1575 earum
1133 1509 1316 1591 relegasset,
1336 1529 1409 1575 mox
1428 1508 1618 1585 Corneliam,

310 1609 467 1691 virginem
487 1613 675 1689 maximam,
697 1613 875 1679 absolutam
896 1611 988 1692 olim,
1010 1610 1126 1677 dehinc
1146 1612 1240 1693 longo
1261 1611 1426 1677 intervallo
1448 1612 1615 1695 repetitam

309 1716 405 1793 atque
434 1714 610 1778 convictam
635 1714 742 1779 defodi
770 1714 940 1798 imperavit
967 1720 1223 1797 stupratoresque
1257 1713 1327 1779 eius
1355 1715 1389 1779 in
1419 1714 1546 1779 comitio
1573 1713 1616 1779 ad

309 1832 418 1879 uocem
438 1815 520 1880 cedi.
560 1816 653 1880 Hanc
672 1836 783 1883 sevam
803 1823 835 1882 et
854 1824 992 1883 atrocem
1014 1816 1203 1883 coertionem
1215 1816 1337 1881 Plinius
1351 1815 1457 1881 Iunior
1475 1815 1617 1883 scribens

309 1917 352 1979 ad
377 1916 557 1983 Cornelium
583 1917 793 1984 Minutianum
827 1918 874 1985 sic
907 1920 1033 1985 raxam:
1072 1919 1173 2001 „Cum
1201 1918 1380 1985 Corneliam
1408 1917 1615 1983 Maximillam

309 2017 378 2095 (alii
399 2016 509 2102 legunt
519 2020 690 2085 maximam
705 2019 874 2097 Vestalem,
896 2020 956 2085 hoo
974 2026 1037 2100 est,
1059 2028 1093 2085 ut
1114 2040 1197 2085 nuuc
1219 2018 1384 2103 loquimur,
1405 2020 1615 2098 abbatissam)

308 2120 459 2187 defodere
486 2121 594 2188 vivam
622 2120 837 2206 concupisset,
869 2122 957 2205 utqui
991 2121 1141 2187 illustrari
1168 2121 1307 2187 seculum
1345 2140 1434 2187 suum
1461 2121 1615 2189 eiusmodi

308 2224 462 2306 exemplis
491 2224 713 2300 arbitraretur,
748 2224 909 2307 pontificis
935 2224 1067 2290 maximi
1100 2225 1167 2289 iure
1197 2228 1257 2290 'seu
1286 2225 1390 2307 potius
1420 2224 1617 2289 immanitate

309 2327 447 2406 tyranni,
466 2326 598 2393 licentia
618 2326 750 2406 domini,
770 2327 909 2408 reliquos
930 2326 1094 2410 pontifices
1117 2347 1179 2392 nou
1201 2326 1232 2391 iu
1246 2327 1375 2411 regiam,
1398 2324 1454 2392 sed
1477 2327 1615 2391 iuAlba-

307 2446 382 2492 nam
401 2428 511 2493 villam
533 2428 721 2495 consonavit
740 2428 933 2494 necminore
950 2429 1078 2511 scelere,
1099 2450 1193 2512 qnam
1209 2429 1294 2511 qnod
1309 2428 1417 2495 ulcisci
1439 2428 1616 2510 videbatur,

308 2529 471 2595 absentem
497 2529 736 2613 inauditamque
764 2532 929 2597 damnavit
957 2532 1085 2607 incesti,
1115 2552 1184 2599 cum
1207 2532 1276 2615 ipse
1298 2531 1364 2595 'Viti
1392 2532 1497 2596 f'ratris
1519 2531 1616 2595 filiam

308 2632 429 2697 incesto
450 2652 511 2697 uon
534 2633 699 2716 polluisset
718 2634 829 2715 solum,
849 2653 958 2699 verum
979 2634 1075 2700 etiarn
1094 2634 1273 2713 occidisset,
1292 2654 1366 2699 nam
1387 2632 1485 2699 vidua
1505 2634 1616 2698 abortu

309 2734 412 2817 periit.
453 2734 544 2799 Missi
566 2736 674 2800 statim
693 2735 871 2819 pontifices,
892 2738 945 2818 qui
958 2735 1181 2801 defodiendam
1201 2735 1440 2818 necandamque
1460 2742 1615 2803 curarent.

309 2836 370 2901 illa
390 2855 474 2901 nuuc
494 2835 537 2900 ad
558 2838 702 2919 Vestam,
729 2856 812 2902 nuuc
832 2836 874 2900 ad
897 2849 1019 2904 ceteros
1040 2838 1117 2903 deos
1139 2857 1252 2904 manns
1273 2837 1406 2905 tendens
1427 2838 1536 2917 multa,
1558 2837 1614 2903 sed

308 2938 368 3003 boc
395 2938 647 3021 frequentissime
672 2938 872 3005 clamitabat:
899 2940 979 3020 „lle
1000 2941 1098 3006 Cesar
1125 2942 1276 3006 incestam
1305 2946 1412 3025 putat,
1436 2958 1499 3023 qua
1523 2959 1615 3005 sacra

308 3040 445 3105 iaciente
464 3040 551 3120 vicit,
574 3041 811 3124 triumphavit.“
853 3041 1028 3107 Blandiens
1050 3042 1108 3107 heo
1131 3042 1329 3123 anirrideus,
1354 3062 1393 3109 ex
1415 3042 1532 3109 fiducia
1556 3062 1614 3107 sua

307 3160 349 3205 au
368 3161 408 3206 ex
429 3149 607 3226 contemptu
630 3143 798 3227 principis,
822 3142 939 3208 dixerit
960 3142 1091 3209 dubium
1113 3151 1170 3209 est.
1212 3144 1317 3225 Dixit,
1345 3144 1446 3210 donee
1471 3145 1512 3209 ad
1541 3134 1634 3228 sup!

309 3244 448 3326 plicium,
471 3245 631 3310 nescioau
652 3246 814 3325 innocens,
834 3254 919 3310 certe
942 3252 1090 3329 tanquam
1113 3248 1292 3329 innocensb,
1313 3247 1485 3334 ducta'est.
1528 3247 1611 3325 Quin

309 3346 406 3412 etiam
439 3366 511 3412 cunr
539 3348 572 3411 in
597 3346 677 3411 illud
704 3347 943 3413 subterraneum
969 3348 1148 3414 cubiculum
1174 3349 1390 3415 demitteretur
1416 3350 1613 3431 besissetqne

307 3448 514 3515 descendenti
536 3448 632 3528 stola,
658 3450 753 3513 vertit
773 3468 808 3513 se
827 3469 866 3514 ac
886 3449 1064 3535 recollegit,
1094 3464 1247 3533 cumquee
1268 3453 1299 3517 ei
1323 3452 1464 3517 carnifex
1486 3470 1611 3515 manum

307 3550 414 3631 daret,
443 3558 592 3617 aversata
612 3558 660 3617 est
680 3557 712 3615 et
734 3552 848 3617 resiliit
868 3552 1037 3635 fedumque
1059 3560 1236 3618 contactum
1255 3554 1346 3637 quasi
1368 3554 1462 3635 plane
1481 3572 1502 3615 a
1523 3561 1612 3618 casto

307 3674 438 3738 corpore
459 3673 600 3737 puroque
620 3653 795 3719 novissima
821 3655 990 3719 sanctitate
1019 3656 1155 3720 r·eiecit.“
1198 3656 1339 3725 Profecto
1369 3654 1519 3721 terribilis
1546 3662 1614 3721 erat

306 3755 541 3821 auiuradversio
562 3755 679 3819 uiciate
696 3754 843 3823 Vestalis.
887 3755 1000 3821 Vincta
1022 3757 1106 3821 eninr
1128 3756 1315 3823 offerebatur
1342 3759 1374 3823 in
1402 3755 1572 3841 sandapila
1594 3777 1614 3821 a

307 3857 551 3940 sandapilariis:
591 3856 781 3921 cadaverum
809 3857 1027 3940 portitoribus,
1068 3860 1341 3942 sepultoribusque
1379 3878 1435 3942 per
1472 3859 1610 3923 medium

377 3976 388 4001 ¹
407 3982 432 4026 1⁴¹
446 3989 550 4027 terram.
616 3964 630 4000 b
648 3981 674 4025 1⁶·
686 3994 786 4028 nocens.
856 3974 867 4000 ⁰
886 3982 912 4024 1⁸¹
927 3995 990 4027 curn.

370 4172 516 4230 ¹0rosius
535 4176 588 4242 111,
605 4176 673 4231 ab:
701 4176 783 4232 Anno
817 4184 909 4231 autem
944 4184 1007 4247 post
1048 4178 1122 4233 hunc
1158 4177 1343 4247 subsequente
1379 4176 1502 4231 Minucia
1534 4177 1611 4248 virgo

305 4256 418 4310 vestalis
437 4256 474 4310 cb
496 4256 644 4311 admissum
665 4258 801 4313 incestum
823 4258 954 4312 darnnata
976 4266 1017 4313 est
1036 4258 1154 4329 vivaque
1169 4258 1268 4313 obruta
1289 4257 1318 4311 in
1340 4275 1446 4328 earnpo,
1468 4258 1515 4329 qui
1537 4275 1611 4314 nune

307 4337 456 4391 sceleratus
474 4342 599 4391 vocatur.

368 4412 495 4485 2ΧΧΙΙ,
517 4416 563 4474 57,

367 4490 383 4537 ³
400 4495 512 4551 Sueten.
533 4496 711 4555 Domitianus
728 4498 756 4557 8.

369 4572 453 4651 lup.
469 4577 518 4651 IV,
533 4577 578 4636 11.
