3625 5192
675 342 763 397 Briele
781 344 900 397 Mullans
921 348 981 399 565.
1001 347 1060 398 566.
1212 303 1214 320 Ι
1469 346 1518 400 231

216 491 297 555 ratio
317 490 500 571 studiorum,
523 512 616 575 quarn
638 492 788 575 delegisti
808 500 840 557 ct
855 494 1025 559 assentarie
1041 501 1073 559 et
1086 499 1216 575 prestas.
1240 494 1418 559 Dictionem
1433 494 1520 562 illam

215 594 416 677 tripartitam,
438 614 531 675 qnam
555 601 586 658 tu
612 595 861 659 nudiustertius
883 596 915 659 ln
937 601 1008 659 cetu
1030 598 1174 680 patruml
1195 596 1236 659 de
1256 596 1383 661 sublimi
1398 598 1522 681 pulpito

215 696 363 775 habiusti,
387 716 448 759 non
470 696 529 760 tibi
551 696 689 761 sufficiat
710 716 804 761 uuam
827 704 949 761 tanturn
972 697 1080 763 horam
1099 698 1227 778 vixisse,
1249 699 1305 764 sed
1327 700 1434 763 formis
1452 720 1522 783 pro-

214 798 396 883 pagandam
423 818 507 878 cura,
536 799 586 863 vel
608 798 670 868 tuis
691 800 821 879 saltem,
848 820 978 881 quorum
1001 801 1183 865 innumero
1205 820 1288 881 snm,
1315 800 1521 883 spectandam

215 902 339 966 exhibe.
382 902 484 966 Nosse
505 902 612 983 cupio,
635 902 725 967 cuins
746 903 787 967 sit
806 902 862 965 illa
882 902 1006 984 questio
1028 903 1097 965 sine
1117 900 1260 965 authoris
1278 902 1366 967 edita
1385 902 1521 980 nomine,

215 1010 260 1067 tot
287 1004 411 1068 coronis
436 1004 527 1086 quasi
548 1004 700 1068 auctariis
721 1003 911 1085 quibusdam
933 1004 1101 1068 saburrala
1157 1004 1226 1085 Ego
1248 1025 1310 1069 non
1332 1004 1468 1069 libenter
1489 1006 1520 1068 in

215 1105 308 1170 istam
330 1107 500 1191 palestram
522 1106 679 1171 descendo
710 1106 830 1171 invidie
862 1114 1019 1186 metuens,
1048 1108 1074 1170 si
1096 1112 1202 1171 mutan
1223 1113 1271 1170 est
1292 1108 1376 1186 tua,2
1397 1104 1520 1170 audebo

167 1210 171 1216 '
215 1208 332 1273 amoris
355 1227 429 1291 ergo
451 1208 621 1291 disputare.
658 1209 799 1273 Tametsi
824 1228 874 1274 me
895 1208 969 1271 novi
991 1215 1023 1273 et
1044 1208 1175 1272 arduum
1194 1207 1348 1272 habeatnr
1364 1209 1397 1270 in
1417 1214 1522 1272 vestra

206 1309 396 1375 sedentaria
428 1302 670 1375 conflictacione'
695 1310 812 1375 audere
843 1308 997 1393 profiteri,
1028 1309 1111 1391 quod
1140 1310 1270 1401 sentias.
1300 1309 1459 1373 -Ridctur
1488 1308 1520 1371 in

214 1412 321 1477 aliena
341 1412 499 1495 gladiator
520 1412 646 1478 harena.
684 1412 798 1477 Verum
820 1414 915 1477 amici
937 1432 1035 1477 causa
1055 1412 1133 1476 libet
1153 1412 1298 1495 ineptire.
1330 1412 1399 1489 Qua
1419 1412 1522 1493 magis

215 1524 288 1581 sunt
316 1515 443 1599 propria
471 1516 586 1580 nostris
606 1516 739 1599 optatis,
766 1517 844 1579 scito
866 1515 1030 1578 Erasmnm
1052 1514 1178 1578 Basilee
1197 1513 1403 1597 Hieronymi3
1424 1532 1522 1596 opera

216 1616 367 1701 preclaris
380 1616 643 1681 annolacionihus
655 1617 837 1698 illustrasse,
850 1619 976 1681 auxisse
989 1616 1188 1696 Proverbia,⁴
1198 1615 1350 1680 dilatasse
1359 1614 1522 1680 Morian1.⁵

215 1720 293 1785 ltcrn
308 1720 484 1785 (lalathna6
504 1719 638 1783 Calaber
659 1720 787 1801 scripsit
801 1718 899 1783 Rome
920 1718 1135 1783 detensionern
1157 1738 1214 1801 pro
1227 1718 1390 1802 Capnione
1407 1724 1521 1781 nostro.

215 1821 369 1905 Repertus
394 1830 443 1887 est
470 1822 592 1903 integer
619 1829 651 1886 et
671 1792 857 1904 exlprinritur·
877 1829 1004 1904 sumptu
1026 1827 1058 1886 et
1079 1820 1231 1903 impensis
1254 1840 1336 1903 pape
1358 1819 1523 1884 Cornelius

215 1924 376 1988 'Facitne⁷
417 1924 528 1989 Habeo
550 1923 653 1989 adhuc
676 1925 765 2005 plura
786 1924 935 1987 similium
957 1922 1142 1986 deliciarum
1163 1921 1239 2003 tibi,
1260 1929 1429 2004 antequam
1451 1940 1520 1985 curn

214 2026 467 2110 manipularibus
489 2027 551 2091 tuis
573 2026 730 2107 discedas,
753 2025 985 2108 patefacienda.
1029 2024 1118 2089 Vale.

1225 2122 1441 2185 blutianus.

285 2234 465 2282 Handaclrriltl.
485 2236 545 2281 boll.
568 2234 636 2281 Corn.
656 2232 721 2282 bion.
743 2235 795 2281 Vol.
814 2234 881 2281 Vlll.
904 2248 944 2293 ep.
961 2203 1002 2281 ab.
1032 2232 1181 2291 dotoompla.

278 2520 290 2563 1
309 2524 368 2579 Dor
387 2488 512 2579 liothaer
533 2522 710 2594 augustinos.

278 2601 291 2643 ²
314 2606 409 2676 Lange
431 2604 510 2659 stand
533 2620 582 2659 vor
603 2602 651 2659 der
673 2602 834 2659 Promotion
856 2620 918 2655 zum
940 2600 1124 2654 Lizenziaten.
1172 2596 1280 2652 Mutiau
1305 2596 1403 2668 glaubt
1430 2597 1524 2664 dalrcr,

216 2688 279 2741 dass
298 2686 342 2740 die
363 2684 558 2755 ausgestellteu
581 2684 692 2737 Theseu
715 2712 750 2722 -
773 2700 819 2736 unr
842 2682 936 2736 solche
956 2680 1066 2734 scheint
1085 2696 1115 2733 es
1133 2678 1192 2732 sich
1212 2696 1245 2731 zu
1266 2677 1387 2731 haudclu
1406 2707 1446 2717 -·
1468 2694 1522 2731 von

216 2768 314 2837 Lange
334 2766 494 2819 herriihrcn.
543 2764 695 2819 Viollciclrt
722 2764 793 2817 arreh
815 2763 875 2830 sind
897 2780 927 2815 es
947 2761 992 2815 die
1015 2760 1139 2826 Theseu,
1170 2758 1273 2812 welche
1295 2757 1524 2811 Bartholomaeus

215 2846 370 2902 Bernhardi
396 2864 445 2900 aus
470 2844 619 2899 Feldlrirch
646 2844 717 2898 nach
744 2843 863 2897 Lulborr
891 2840 1045 2896 Geduukcn
1076 2840 1146 2893 iiber
1174 2839 1222 2892 des
1244 2838 1394 2892 Meuschen
1416 2837 1522 2892 quer-

218 2930 328 2999 miigen,
348 2943 398 2981 eus
422 2926 521 2996 cigneo
544 2924 663 2979 Kriiflcn
686 2924 785 2979 (lothes
798 2922 907 2977 Gcbotc
927 2940 960 2974 zu
981 2919 1109 2987 eri'rillen,
1129 2917 1379 2973 zusammeustellle
1400 2918 1456 2971 und
1477 2918 1523 2971 be·

215 3008 280 3062 huss
306 3008 382 3062 ciuer
409 3006 588 3076 Disputatiou
617 3004 845 3059 verllli'eul-liehte.
896 3001 1016 3055 Precisis
1042 3000 1131 3053 titulis
1157 2999 1193 3051 ist
1219 2998 1263 3051 eiu
1286 2997 1394 3051 solebas
1414 2997 1523 3051 Druck-

216 3088 288 3143 blatt
308 3106 361 3142 von
383 3085 517 3140 Arnsrlorf
535 3086 605 3141 nach
621 3084 716 3139 Erfurt
735 3083 882 3156 gcscblekt
902 3083 1022 3137 worden.
1062 3079 1127 3151 Vgl.
1150 3077 1392 3132 LuthersWerlre.
1423 3077 1523 3149 Hrsgg.

215 3186 269 3223 von
298 3168 413 3223 Knaake
441 3166 468 3221 S.
491 3163 677 3220 142-151:
714 3164 847 3229 (lunatio
880 3164 914 3216 de
948 3162 1053 3215 viribus
1082 3168 1110 3215 et
1140 3158 1282 3212 voluntale
1313 3157 1433 3212 bominis
1464 3158 1523 3211 sine

215 3249 305 3321 gratia
325 3248 465 3319 disputata
486 3246 571 3301 1516.

275 3324 337 3385 38.
358 3327 522 3398 Hieronymi
541 3344 655 3397 operum
677 3326 711 3379 al*
736 3342 809 3378 anno
833 3323 911 3377 1516
924 3320 1045 3374 -1518
1066 3320 1143 3390 typis
1165 3334 1354 3389 expressorum
1381 3317 1450 3371 torni
1471 3316 1522 3371 IX.

214 3410 297 3465 Basel
317 3409 363 3464 bei
383 3408 501 3463 Froben.
542 3406 604 3478 Vgl
626 3406 732 3459 Pauzer
772 3404 846 3459 Anu.
868 3411 926 3475 typ.
937 3400 979 3457 v1
1012 3399 1170 3457 196160.

279 3486 378 3544 *von
402 3490 456 3543 deu
483 3486 634 3542 Proverbia
662 3502 716 3540 war
747 3484 823 3538 1515
851 3486 914 3539 eine
941 3482 1098 3537 vermehrte
1127 3478 1247 3550 Aullage
1277 3478 1322 3534 hei
1352 3477 1462 3533 Froben
1493 3477 1523 3531 iu

215 3570 298 3629 Basel
318 3570 489 3625 ersehienen.
531 3568 596 3639 Vgl.
619 3566 724 3621 Panzer
763 3566 835 3622 Anu.
857 3572 916 3635 typ.
931 3563 981 3620 VI.
1006 3560 1071 3615 194,
1094 3559 1160 3615 143.

276 3646 291 3689 ⁵
312 3650 377 3707 Des.
400 3649 506 3705 Erasmi
527 3648 590 3703 Rot.
610 3646 775 3701 Eneomium
799 3645 901 3701 Moriac
925 3661 987 3698 cum
1000 3640 1137 3697 Gerhardi
1152 3639 1247 3693 Listrii
1269 3637 1474 3693 commentariis
1495 3645 1524 3693 et

215 3732 278 3787 aliis
304 3728 501 3800 complusculis
528 3728 630 3783 libellis
657 3744 711 3781 non
741 3726 831 3780 minua
859 3724 975 3781 eruditis
1003 3740 1086 3792 (luam
1108 3720 1244 3775 festivis.
1269 3763 1276 3775 .
1299 3758 1306 3771 .
1347 3718 1473 3775 Besiloae
1494 3718 1523 3771 in

216 3813 278 3868 aed.
298 3810 379 3867 Frob.
402 3809 488 3863 1515.
531 3808 593 3879 vgl.
615 3808 729 3863 Panzer.
762 3805 834 3861 Anu.
855 3814 912 3876 lyp.
931 3802 979 3859 vl.
1003 3802 1068 3855 193.
1092 3802 1159 3855 139.

276 3888 289 3931 6

279 3888 543 4027 'gelbolfflizffi
566 3968 629 4022 libri
653 3966 777 4037 quinque
799 3965 906 4020 noviter·
927 3965 955 4018 in
970 3961 1121 4017 Germania
1143 3960 1248 4015 inventi
1269 3964 1353 4029 atque
1376 3976 1438 4011 cum
1460 3957 1523 4011 reli·
1553 3946 1564 3963 ⁹

216 4053 279 4125 quia
298 4052 357 4107 eius
377 4050 521 4122 operibus,
548 4066 619 4120 quae
642 4047 718 4118 prius
738 4047 843 4101 Romae
864 4044 1091 4110 inveniebantur,
1113 4040 1189 4096 editi.
1230 4037 1343 4094 Dicavit
1363 4037 1428 4092 Phil
1458 4036 1524 4092 Ber·

218 4134 315 4191 caldus
335 4132 427 4186 iunior
445 4130 604 4186 academiae
624 4128 765 4183 Romanae
785 4126 958 4197 praepositus
977 4122 1066 4178 Leoni
1076 4122 1111 4177 X.
1132 4127 1210 4192 pont.
1222 4120 1293 4175 Max.
1318 4118 1424 4173 Rornae
1436 4117 1523 4176 lore.

217 4214 280 4288 vgl.
301 4213 415 4268 Panzer.
448 4212 519 4267 Anu.
540 4208 690 4282 typvlll.
714 4206 779 4265 256.
803 4206 848 4262 98.
1301 4204 1305 4209 ’
