3625 5192
628 350 718 410 Brielc
735 349 856 411 Matiana
873 353 915 410 84.
935 352 976 410 35.
995 354 1037 409 86.
1448 352 1482 407 47

179 500 330 583 Habetis,
357 502 484 587 opinor,
512 503 627 587 pilulas
652 512 685 569 ct
702 505 824 569 odores.
867 505 976 585 Dabo,
1004 504 1029 568 si
1058 504 1176 587 placet,
1206 503 1415 587 pulvisculum
1443 524 1482 569 ex

180 604 342 688 iuniperis,
364 606 420 670 sed
442 606 565 690 sylvam
587 606 747 673 habitatis
788 608 902 672 Servet
923 627 979 672 vos
1001 613 1128 671 sanctus
1149 606 1329 670 Servatius.·

257 707 307 773 Ex
329 707 443 773 Gotba.
486 708 597 773 Idibus
617 709 649 773 X
670 710 780 774 menis.
821 710 905 776 Nam
930 709 1005 774 olim
1029 708 1161 772 Martius
1187 718 1256 771 erat
1282 708 1393 775 ordine
1421 711 1484 793 pri-

176 828 255 889 mns,
276 808 372 874 bodie
390 810 541 876 brumalis
560 818 610 876 est
630 811 700 876 dies
720 818 753 876 et
772 812 948 877 solsticium
962 811 1137 889 hibernum,
1158 816 1282 892 tempus
1302 829 1379 875 sane
1403 812 1483 896 peri-

176 910 326 977 culosum.
367 912 478 994 ltaque
496 913 602 993 Luna,
631 914 753 979 Lucina
780 920 953 996 sanctaque
974 913 1090 993 Lucia,
1116 910 1162 976 fer
1186 931 1288 995 opem.
1336 912 1483 994 lguosoe;

177 1014 312 1079 libenter
332 1015 380 1079 sie
401 1014 475 1079 ludo
495 1017 670 1097 etantiqua
681 1017 965 1100 novispermiscen.
1009 1015 1068 1079 Die
1079 1014 1207 1079 domino
1218 1014 1328 1079 abbati
1350 1016 1482 1079 salutent

176 1121 209 1179 et
234 1115 312 1179 offer
340 1135 443 1181 meum
469 1118 687 1183 ministerium.
736 1119 891 1183 Combure
914 1120 1021 1183 literas
1043 1124 1171 1201 propter
1198 1117 1338 1197 ineptias
1363 1119 1481 1202 passim

176 1216 441 1283 interseminatas.

246 1328 427 1376 Handaebrilbl.
447 1329 467 1375 Ρ
485 1329 528 1375 nt.
547 1330 587 1377 lot.
604 1330 663 1377 aar.

731 1398 830 1405 *ος--
843 1398 931 1405 ---—-

81 1419 85 1426 -
176 1475 236 1546 36.
257 1474 298 1542 lt.
312 1476 502 1545 anUrbau.
572 1477 705 1562 (Gotho
724 1478 830 1549 lton.
860 1478 958 1545 llurn
979 1478 1071 1546 nach
1094 1479 1175 1545 dem
1195 1478 1247 1547 la.
1260 1479 1483 1563 llenember.)

246 1598 308 1648 ltus.
328 1602 414 1660 ergobt
432 1602 485 1648 sieb
495 1602 536 1647 bei
555 1600 793 1661 dchilcksonduug
813 1602 857 1649 der
874 1604 1009 1662 Prndigton
1030 1605 1101 1651 laun's
1115 1606 1138 1653 d.
1154 1606 1196 1653 (ir.
1217 1605 1242 1651 iu
1263 1606 1365 1652 toilweis
1386 1608 1481 1652 suborn-

176 1670 262 1716 hasten
282 1672 485 1729 Batnebtungon
503 1672 565 1718 iibor
583 1674 627 1718 slas
646 1673 746 1720 l'asten.
968 1674 972 1681 “

260 1770 448 1833 Honorando
463 1769 600 1835 Henrico
617 1770 790 1851 Urbano,
810 1770 961 1835 facundia
983 1772 1100 1855 insigni
1112 1792 1179 1854 suo,
1202 1772 1360 1837 blutianns
1376 1774 1481 1839 liuius.

259 1872 386 1936 Summe
414 1872 515 1953 Deus,
544 1890 640 1954 queso
666 1878 713 1953 te,
742 1878 776 1936 ut
803 1872 861 1938 des
887 1874 1021 1939 saltitem
1049 1874 1200 1940 Bernardi
1228 1876 1483 1941 assectatoribus.

176 1974 314 2041 Leonisl
341 1994 501 2040 sermones
530 1974 637 2038 multis
663 1976 704 2039 de
733 1976 838 2065 causis
869 1975 1006 2050 remitto,
1033 1996 1140 2041 verum
1162 1984 1295 2059 quatuor
1321 1978 1483 2060 potissime

176 2083 262 2155 sunt,
294 2083 327 2140 ut
356 2075 450 2141 fidem
479 2077 686 2160 promissione
714 2076 879 2141 astrictam
906 2078 992 2162 apud
1020 2083 1050 2142 te
1078 2077 1250 2144 dissolvam
1279 2085 1311 2145 et
1337 2080 1430 2145 simul
1450 2088 1485 2143 nt

175 2179 334 2261 presentis
356 2180 465 2243 ieiunii
486 2184 518 2242 et
538 2185 611 2261 post
626 2179 748 2242 venturi
773 2179 890 2243 natalis
913 2179 1022 2243 laudes
1045 2180 1180 2261 legendo
1198 2180 1330 2262 colligas
1351 2180 1483 2247 babeas-

176 2300 240 2362 que
257 2280 403 2345 solatium
431 2280 523 2344 buius
543 2287 647 2345 vestre
672 2279 866 2361 frugalitatis
893 2288 925 2345 et
946 2281 1051 2345 sobrie
1072 2282 1273 2365 parsimonie.
1315 2284 1484 2349 Predioant

177 2382 262 2445 enim
284 2383 316 2445 in
338 2388 472 2464 quatuor
500 2384 576 2446 anni
603 2389 745 2466 tempora
775 2384 895 2465 partita
916 2382 1047 2446 ieiunia:
1075 2384 1225 2465 brumale,
1248 2404 1387 2462 vernum,
1410 2388 1483 2452 esti-

176 2504 261 2564 vum,
284 2484 474 2549 autumnale.
515 2485 583 2549 Hec
605 2485 679 2549 olim
702 2484 832 2548 Iudaica
853 2484 950 2563 fuere,
979 2504 1062 2549 nunc
1083 2493 1210 2550 auctore
1240 2486 1368 2551 Urbano
1398 2488 1485 2553 facta

176 2594 252 2651 sont
272 2586 468 2664 Christiana,
497 2606 571 2651 nam
597 2588 656 2651 sub
680 2585 828 2651 Urbnn02
855 2586 1003 2669 pontifice
1029 2586 1169 2652 Romano
1196 2594 1265 2652 orta
1293 2590 1484 2671 coaluerunt,

176 2691 238 2752 etsi
260 2688 316 2752 alii
338 2687 439 2752 velint
456 2688 630 2752 Calistum³
651 2707 720 2753 esse
739 2694 908 2753 auctorem.
951 2687 1039 2753 Meus
1055 2690 1180 2755 artimus
1201 2710 1321 2774 anceps
1342 2690 1485 2773 trabitur,

175 2797 372 2854 ntroversurn
400 2789 539 2854 inclinet.
586 2790 662 2854 Sive
688 2790 841 2869 urbanus,
878 2788 946 2854 sive
976 2791 1110 2855 rusticus
1139 2792 1291 2873 institnit,
1325 2794 1486 2876 sapienter

177 2893 336 2957 consuluit
356 2892 493 2956 humane
515 2893 587 2956 vite.
629 2892 770 2957 Pertinet
791 2892 875 2955 eninr
897 2891 956 2955 hec
969 2891 1125 2957 sobrietas
1145 2892 1186 2958 ad
1203 2914 1320 2959 morum
1343 2895 1484 2979 regulam

177 3000 210 3060 et
239 2994 279 3058 ad
307 2996 418 3059 salutis
438 2994 602 3072 rationem,
624 2994 700 3076 qnia
719 2995 832 3058 melius
851 2993 994 3057 valemus
1011 2996 1207 3061 abstinentes
1228 3005 1340 3079 aputu
1363 3006 1394 3063 et
1415 2996 1486 3063 cibo

176 3103 210 3161 et
229 3097 385 3161 acutiores
407 3115 515 3160 sumus
540 3102 604 3161 tum
635 3104 667 3160 in
695 3096 838 3161 consiliis
863 3095 980 3160 dandis
1003 3102 1068 3159 tum
1092 3096 1125 3161 in
1142 3097 1412 3164 lucubrationibus
1433 3100 1483 3163 bo-

175 3206 338 3262 nestnrum
364 3199 489 3262 artinur.
538 3198 604 3262 lloc
632 3198 848 3281 experimento
869 3195 980 3277 didici,
1002 3197 1034 3261 id
1055 3200 1158 3282 ipsum
1178 3199 1242 3265 Leo
1262 3200 1374 3265 latius⁸
1395 3220 1484 3266 enar-

175 3302 273 3367 rabit.
314 3300 393 3383 Ego,
417 3309 450 3365 ut
471 3301 633 3385 paulisper
654 3302 840 3365 interseris
860 3301 953 3379 incer,
976 3300 1047 3364 dico
1063 3304 1209 3365 saturnumb
1227 3302 1393 3367 ieiunandi
1416 3322 1486 3368 osse

175 3403 363 3470 avariciam.
405 3403 488 3467 Nam
506 3404 678 3483 frumenta,
707 3402 828 3481 vinum,
856 3402 1068 3484 gallinaceos,
1088 3422 1216 3468 anseres
1244 3404 1363 3487 pagani
1392 3405 1485 3469 absu-

176 3512 301 3571 merent
329 3505 471 3587 nibilqne
498 3511 675 3589 prostarent
705 3504 814 3568 irrasis
834 3504 952 3569 Christi
981 3503 1145 3585 militibus,
1164 3506 1226 3569 nisi
1250 3506 1398 3587 religioso
1419 3526 1483 3571 mn-

180 3614 362 3673 cerarentnr
382 3606 559 3672 interdicto.
600 3606 670 3670 Huc
691 3605 784 3686 adde,
804 3605 888 3688 qnod
909 3605 1017 3690 cupidi
1039 3606 1171 3672 libenter
1193 3607 1344 3681 ieiunant,
1365 3615 1399 3673 ut
1420 3610 1485 3673 suis

175 3718 322 3795 pareant.
370 3710 454 3775 luter
478 3729 588 3775 omnes
614 3708 812 3792 pontificales
839 3708 1026 3773 sannionese
1048 3708 1106 3773 beo
1133 3710 1225 3773 unice
1253 3710 1359 3794 placet
1378 3729 1486 3775 avaro.

176 3810 243 3879 Sed
270 3811 360 3893 audi,
388 3832 451 3893 qua
477 3812 592 3876 luerint
613 3813 749 3875 maiores
774 3810 872 3875 nostri
900 3811 1085 3893 prudentia,
1110 3817 1144 3875 nt
1164 3819 1362 3877 occurrerent
1382 3814 1488 3877 taliter

177 3914 425 3980 abstinentibus.
466 3912 667 3979 Addiderunt
683 3913 811 3978 ieiuniis
822 3913 1094 3997 elemosynarum‘l
1114 3914 1305 3996 largitatem,
1327 3922 1361 3978 ut
1382 3914 1488 3978 dives⁰

177 4017 262 4083 sciat
285 4034 396 4099 parurn
411 4034 446 4080 se
462 4013 613 4100 proficere
625 4016 806 4097 ieiunando,
830 4015 891 4079 nisi
909 4022 940 4079 et
954 4015 1193 4098 suadispenset.
1235 4016 1340 4095 Quare
1361 4016 1488 4099 signavi

251 4134 315 4185 a'I'z
332 4138 415 4187 latins.
470 4122 536 4185 ”Ta
554 4153 665 4185 caussam
718 4132 784 4184 ⁰ra
804 4138 969 4198 pontificialos
988 4139 1138 4185 sanctiones.
1183 4123 1248 4187 (Ἤ
1266 4143 1481 4200 eleemosynarnm

207 4212 241 4257 Ta
260 4210 342 4256 durna.

241 4421 252 4463 ¹
275 4424 339 4495 Vgl.
362 4424 407 4478 Br.
429 4424 477 4482 35.

239 4502 253 4545 ²
275 4506 370 4560 Urban
393 4505 416 4562 l.
437 4505 495 4558 223
506 4534 539 4544 -
552 4504 620 4557 230.

239 4581 254 4625 3
276 4586 372 4640 Kalixt
393 4586 415 4643 Ι.
437 4583 616 4644 218-223,
