3625 5192
325 354 360 413 82
695 350 957 428 doschicbtaquelleu
977 356 1026 416 der
1046 350 1120 417 Pron.
1139 354 1262 417 Saclrseu.

325 518 425 575 tatum
462 509 610 575 abbatem
645 510 902 576 sacratissimum.
957 511 1106 576 Gratulor
1140 512 1203 595 piis
1233 510 1388 576 tironibus
1419 508 1631 597 suspicabaris

326 613 429 677 latina
452 612 557 675 studia
584 610 643 675 sub
668 612 833 693 magistro,
866 621 899 676 ut
927 632 1023 697 parce
1045 614 1189 695 laudens,
1217 614 1441 679 literatissimo.
1483 613 1632 678 Gratulor

326 716 402 781 item
424 723 476 779 tue
501 714 647 792 bonitati,
666 715 718 779 cui
738 713 910 780 fidissimus
930 716 1036 780 socius
1056 714 1195 781 accedet.
1236 715 1308 779 Non
1329 716 1412 780 enim
1435 715 1466 778 iu
1489 715 1632 780 oratione

327 824 447 882 tantum
468 818 570 882 latina
590 817 701 901 pollet,
728 816 785 881 scd
812 816 909 881 etiarn
939 817 1123 901 integritate
1150 836 1267 882 morum
1290 816 1551 882 commendabilis
1573 822 1630 882 est.

328 920 426 984 Stilus
448 920 610 1001 utriusque
629 927 767 985 vestrum
787 919 910 983 nitidus
931 916 980 984 csl
1006 926 1038 985 ct
1058 919 1182 984 sobrius
1210 925 1241 983 et
1261 937 1325 983 una
1347 936 1417 983 cum
1438 919 1502 983 vite
1523 918 1632 999 regula

328 1022 407 1087 mire
426 1021 580 1103 congruit
623 1022 762 1086 Valeant
785 1021 911 1086 barbari
939 1028 971 1085 ct
991 1022 1074 1086 inter
1096 1020 1246 1085 barbaros
1267 1019 1487 1103 superbientes
1508 1025 1540 1083 et
1560 1038 1631 1084 con-

327 1124 477 1204 tensiosi,
498 1124 551 1205 qni
573 1123 668 1202 mibi,
691 1143 783 1205 quem
806 1123 899 1187 unice
922 1124 1023 1188 vereri
1050 1130 1082 1185 et
1102 1122 1204 1187 colere
1227 1119 1407 1201 deberent,a
1435 1121 1630 1185 stomachum

327 1226 457 1291 fuciunt.
504 1225 662 1291 Cuttiuieb
693 1224 830 1307 gliscunt
861 1244 1021 1291 sermones
1057 1224 1290 1303 contumeliosi,
1324 1224 1481 1307 minaces,
1513 1224 1630 1288 acerbi.

327 1328 465 1393 Tantum
485 1327 586 1409 abest,
607 1334 641 1392 ut
662 1326 804 1393 blutiano
825 1328 1040 1393 concanonico
1060 1325 1243 1409 glorientur,
1263 1334 1298 1389 ut
1318 1326 1414 1389 ctiam
1437 1344 1485 1389 me
1507 1325 1633 1406 longius

327 1430 440 1495 abesse
460 1430 600 1513 cupiant.
642 1428 706 1494 Sed
727 1430 842 1511 velint,
862 1429 976 1510 uoliut,
1002 1428 1146 1495 indoctos
1165 1428 1281 1509 odisse,
1302 1428 1362 1491 nisi
1384 1432 1504 1491 tautum
1526 1447 1632 1493 amore

329 1534 428 1618 pacis,
453 1532 564 1597 doctos
595 1551 704 1597 amore
735 1551 895 1614 nunquam
918 1532 1072 1596 desinam.
1115 1530 1209 1611 Vale,
1242 1528 1405 1593 carissime
1433 1536 1539 1613 pater,
1570 1530 1633 1595 inro

327 1636 433 1714 frater,
454 1636 517 1697 imo
538 1641 629 1718 pater
649 1641 682 1698 et
702 1633 806 1698 irater.
847 1634 929 1699 Vale
950 1640 982 1699 et
1001 1633 1099 1697 salve.
1142 1632 1190 1695 Ex
1206 1632 1319 1697 (lotha.

400 1757 582 1805 Haudscbrit'tl.
602 1758 622 1803 F
641 1758 671 1804 41
695 1756 906 1805 sol.26v-27r.
943 1757 1019 1803 Gedr.
1038 1756 1063 1803 b.
1085 1756 1119 1802 Ta
1137 1756 1160 1804 S.
1170 1754 1279 1802 40-41
1301 1770 1347 1801 rou
1366 1754 1474 1801 Valeant
1488 1754 1589 1801 barbari
1598 1754 1634 1800 bia

327 1834 353 1877 st
371 1830 475 1876 fratem·

397 1914 410 1942 ⁸
428 1922 460 1967 Ta
478 1920 595 1967 debeant.
673 1903 685 1939 ¹³
703 1919 737 1964 Ta
756 1918 892 1977 Quottidie.

328 2054 387 2127 22.
409 2054 453 2127 ll.
469 2072 515 2122 an
530 2054 665 2126 Urban.
880 2044 1082 2052 Q
1174 2054 1306 2139 (Gotho
1328 2056 1432 2127 lbos.
1474 2053 1633 2140 Hcrbst.)

396 2179 458 2228 unt.
485 2179 562 2226 bittet
589 2178 677 2225 saineu
699 2178 814 2240 Ριοιιιιᾱ,
842 2178 898 2225 dem
918 2178 1032 2239 Spalstin
1057 2179 1100 2225 ciu
1125 2183 1209 2225 trsuor
1226 2180 1377 2227 Boscbiitaer
1400 2180 1449 2225 und
1478 2178 1634 2237 l'ertcidigar

327 2249 629 2367 ἕὲξιοιιῃέιίιίιῐιιςιιιιὲιὴιηιιιιᾱ
651 2249 812 2297 Unvaruuut't
831 2264 863 2295 au
882 2248 936 2296 sain
957 2248 1007 2296 und
1025 2250 1350 2309 proplrczoitGaorgeutlral
1369 2264 1470 2310 grosseu
1483 2250 1563 2297 llulun
1582 2264 1632 2295 rou

409 2416 648 2482 Humanissimo
664 2416 801 2481 Heurico
818 2416 993 2497 Urbano,
1015 2416 1173 2482 Musarum
1193 2424 1335 2502 patrono,
1357 2416 1632 2483 Mutiauuslluius.

411 2519 443 2583 S.
486 2518 590 2583 'Fuere
620 2518 766 2583 clientem
789 2518 1005 2600 Spoletinum,
1035 2525 1167 2602 patrone
1195 2519 1397 2583 venerabilis.
1450 2518 1544 2603 Apud
1576 2538 1634 2584 nos

328 2620 453 2686 invidia
474 2619 567 2684 dicit:
590 2618 785 2700 „cenobium
806 2619 1021 2701 Georgianum
1043 2625 1168 2704 poetam
1190 2621 1351 2687 assumit.“
1392 2620 1547 2704 Repugna
1565 2620 1633 2685 bar·

327 2723 423 2788 baris.
466 2720 554 2785 Nihil
576 2721 660 2787 euim
681 2721 813 2786 audient
834 2722 889 2797 tui,
912 2721 996 2804 quod
1016 2741 1078 2787 nou
1101 2722 1143 2786 sit
1164 2728 1196 2787 ct
1218 2722 1280 2807 piis
1301 2723 1440 2789 moribus
1461 2730 1493 2787 et
1505 2722 1634 2787 rudibus

327 2824 495 2907 discipulis
515 2824 717 2889 conveniens.
758 2823 879 2908 Accipe
899 2823 1086 2888 vaticinium
1106 2843 1224 2889 meum:
1254 2824 1396 2890 Vestrum
1417 2825 1544 2908 insigne
1561 2845 1635 2891 con·

327 2926 518 2992 venticulum
540 2926 623 2991 iuter
633 2926 810 2991 clarissima
821 2925 992 2991 Germanic
1013 2926 1148 2991 cenobia
1167 2925 1303 3007 fulgebit
1314 2927 1400 2991 lama
1411 2927 1633 2993 doctrinarum.

329 3028 438 3110 ltaque
459 3033 524 3108 sta,
553 3047 676 3111 precor,
702 3048 759 3111 pro
780 3028 970 3093 latinissimc
998 3029 1125 3093 doctore
1146 3034 1257 3093 contra
1283 3027 1409 3094 invidos
1434 3036 1497 3093 tam
1524 3029 1634 3095 doctos

326 3148 421 3212 quam
443 3130 613 3214 imperitos.
655 3130 735 3195 Sunt
755 3131 839 3194 enim
861 3130 1015 3211 nonnulli,
1033 3130 1096 3211 qui,
1117 3130 1202 3213 quod
1225 3130 1287 3214 ipsi
1310 3132 1464 3211 nesciunt,
1486 3152 1542 3215 per
1562 3152 1634 3195 cou-

328 3232 489 3297 tumeliam
513 3230 679 3316 appellent
699 3232 855 3315 poeticam
877 3233 977 3298 etsie
1002 3232 1133 3296 meliora
1153 3232 1297 3298 mordent
1317 3235 1505 3317 opprobriis.
1549 3235 1634 3297 Deus

326 3334 513 3399 immortalis
532 3334 640 3414 iaciat,
661 3341 695 3398 ut
715 3353 774 3399 evo
795 3334 975 3416 longiturna
997 3334 1109 3399 l'ruare.

398 3457 579 3505 Hsndscbrit'tl.
598 3458 619 3503 1¹*
642 3458 670 3504 ll
691 3458 732 3504 iol.
745 3458 802 3506 liu.
840 3458 916 3505 Gadr.
934 3458 959 3507 b.
978 3458 1012 3505 Ta
1030 3459 1053 3507 S.
1065 3458 1177 3507 27-28
1200 3458 1279 3506 l'ollut.
1316 3468 1324 3481 ⁴

880 3583 1081 3592 —-—.--...-.—

330 3664 386 3732 aa.
410 3664 455 3736 il.
476 3681 522 3730 ιιιι
544 3663 678 3737 Urban.
1032 3662 1165 3752 (octus
1187 3664 1288 3734 1505.
1327 3662 1428 3731 Eudc
1450 3662 1632 3751 October.)

397 3789 460 3838 blut.
486 3789 591 3849 belrlagt
613 3804 652 3850 es,
679 3790 735 3836 doru
754 3789 841 3836 Urban
860 3788 920 3836 kain
940 3788 1152 3849 Gcgungescbcnk
1177 3788 1282 3835 macheu
1307 3803 1337 3834 au
1361 3789 1476 3847 lsiirrneu,
1504 3788 1567 3835 docb
1592 3788 1632 3835 be·

326 3861 411 3920 ruhigt
428 3860 472 3906 lbu
491 3860 537 3907 dor
551 3860 681 3920 (lednnke,
700 3860 756 3905 dass
777 3859 817 3905 dia
836 3860 1019 3906 l'roruudsclrslt
1032 3860 1061 3919 jn
1080 3874 1120 3905 um
1141 3859 1209 3905 ihrer
1228 3858 1306 3905 solbat
1324 3858 1415 3919 willon,
1434 3859 1504 3905 nicht
1522 3862 1633 3907 iusserat

326 3931 437 3979 Vortoilo
458 3944 559 3990 wagan,
584 3944 615 3976 au
635 3930 764 3977 erstrsbca
788 3930 831 3977 sei.
868 3930 903 3976 Er
921 3929 1003 3991 wisse,
1037 3928 1093 3975 dass
1112 3929 1165 3976 scin
1185 3928 1286 3976 Frourud
1309 3928 1390 3975 hiorin
1413 3928 1459 3975 mit
1486 3928 1537 3976 ilum
1562 3928 1633 3977 iiber·

326 4001 474 4049 einstimrno.

408 4082 596 4149 Venerando
621 4084 705 4167 patri
729 4083 866 4149 ilenrico
886 4082 1064 4162 Urbano,
1091 4082 1236 4164 epitropo
1263 4083 1580 4166 circumspectissimo
1602 4090 1633 4149 et

327 4187 538 4269 integerrimo.

407 4288 523 4353 Salvus
543 4287 597 4361 sis,
622 4286 779 4351 Urbane
799 4286 1005 4367 charissime,
1026 4285 1109 4349 addo
1130 4305 1188 4351 nec
1211 4286 1375 4367 immerito,
1397 4286 1630 4354 humanissime.

328 4391 371 4456 Ut
389 4397 515 4472 gratum
536 4388 633 4453 habui
661 4406 773 4452 munus
794 4394 896 4467 tuum,
928 4388 973 4452 ita
1000 4387 1101 4451 dolori
1123 4388 1201 4453 mibi
1222 4388 1294 4465 luit,
1321 4389 1406 4471 quod
1427 4392 1563 4471 gratiam
1586 4410 1632 4455 re·

326 4494 407 4557 ferre
430 4511 493 4556 non
517 4490 614 4575 potui.
657 4490 739 4555 Nam
768 4496 874 4571 preter
901 4489 960 4553 bas
987 4489 1111 4555 steriles
1139 4490 1247 4555 literas
1276 4491 1355 4555 nibil
1383 4510 1508 4573 possum
1537 4491 1578 4556 ad
1601 4497 1632 4556 te

327 4593 459 4675 mittere,
478 4592 562 4674 quod
582 4591 785 4675 gratissimi
804 4591 1091 4675 tcstiruouiuurpre
1112 4611 1147 4657 se
1168 4594 1258 4658 ierat.
1299 4593 1343 4657 At
1362 4594 1467 4658 l'orsan
1489 4592 1521 4657 in
1543 4611 1583 4658 ca
1597 4611 1633 4657 cs
