3625 5192
708 364 797 423 Briele
815 364 935 422 Matiana
949 366 990 421 62.
1461 362 1496 417 83

194 514 325 595 artium,
354 536 405 581 me
427 514 559 599 primum
581 516 679 601 pilum
701 497 998 593 iuter'auxiliarios,
1019 515 1190 581 secuudum
1215 515 1331 581 latiuas
1358 513 1500 595 legiones

196 619 331 684 ducente
353 638 487 700 magnus
504 620 567 684 eris
588 626 726 685 assertor
740 626 772 685 et
787 619 1049 684 idoneusvindex
1066 624 1175 683 eontra
1188 618 1346 689 barbaros,
1370 636 1500 699 quomru

197 722 426 805 conspirationi
447 721 564 803 singuli
591 740 700 786 sumus
725 722 881 805 impares,
911 721 1069 786 coniuncti
1092 740 1167 786 vero
1193 720 1346 785 stabimus
1371 719 1404 784 in
1430 720 1501 783 acie

194 824 329 888 viriliter
358 831 390 888 et
418 823 552 889 sublatis
581 825 686 907 signis
716 822 950 907 praeliabimur.
999 821 1183 888 Durandum
1216 828 1264 887 cst
1291 820 1390 902 enim,
1425 820 1501 903 quia

195 926 292 991 semel
318 924 393 989 huic
413 925 547 990 militiae
568 945 681 996 nomen
708 925 853 990 dedimus
880 932 914 991 et
937 923 1090 991 foederati
1117 944 1224 989 sumus
1251 923 1344 1006 quasi
1371 922 1501 987 militari

195 1026 413 1108 iureiurando,
442 1047 482 1091 ne
503 1028 531 1091 si
552 1027 706 1093 inclinata
727 1028 798 1093 acie
819 1035 928 1093 uestra
949 1028 1097 1107 brachiu,
1117 1046 1229 1092 munus
1256 1034 1288 1092 ct
1313 1044 1402 1090 arma
1429 1026 1500 1089 snb-

194 1130 382 1210 miserimus,
403 1135 545 1194 extrema
555 1129 709 1213 patienda
720 1131 784 1195 sint
795 1131 887 1195 nobis
898 1137 930 1196 et
942 1149 991 1195 res
1005 1129 1114 1209 latina,
1138 1148 1233 1211 quam
1246 1127 1500 1211 prudentissimi·

196 1239 301 1296 nostro
323 1230 450 1296 saeculo
471 1232 513 1295 ab
528 1232 668 1313 interitu,
689 1232 790 1313 clade,
812 1232 904 1296 ruina
925 1239 956 1297 et
969 1232 1181 1297 intemeciro'J
1205 1230 1408 1295 barbarorum
1427 1230 1501 1295 odio

195 1333 413 1414 vindicarunt,
437 1352 521 1398 nunc
543 1333 670 1397 tandem
692 1334 804 1399 iterum
826 1333 977 1417 prolapsu
1005 1333 1130 1418 penitus
1154 1333 1357 1414 extinguatur
1384 1332 1500 1415 proles-

196 1435 320 1500 soribus
339 1435 405 1500 suis
427 1435 613 1516 subiugum
636 1436 741 1501 missis
753 1436 802 1500 vel
814 1436 996 1500 interfectis.
1038 1435 1264 1518 sedquoniam
1286 1440 1317 1499 te
1340 1440 1500 1499 strenuum

196 1538 263 1602 fore
284 1535 407 1603 confido
428 1536 518 1601 libris
541 1538 641 1602 variis
662 1546 694 1602 et
712 1537 894 1603 lectissimis
915 1538 1116 1618 instructum,
1144 1536 1292 1602 liberales
1312 1534 1501 1619 disciplinas

198 1647 262 1704 tam
294 1639 409 1719 cupide
434 1659 529 1721 quam
564 1639 812 1705 laboriosissime
844 1646 1058 1717 exercentem,
1095 1638 1204 1703 divino
1236 1657 1358 1721 qnoque
1392 1638 1500 1719 vigore

197 1741 295 1805 auimi
316 1739 486 1824 pollentem
508 1748 539 1806 et
557 1740 736 1825 praeditum
757 1742 913 1825 singulari
927 1741 1364 1823 diligentiaatquescieutiu,
1387 1742 1500 1823 partim

198 1844 341 1907 amicitia
359 1841 531 1923 adductus,
559 1843 675 1927 partim
705 1849 893 1927 provocatus
919 1843 1119 1925 antiquitatis
1142 1843 1306 1908 honestate
1334 1848 1365 1907 et
1390 1846 1501 1907 merito

197 1944 293 2008 studii
315 1944 551 2024 iucundissimi,
578 1946 638 2009 etsi
665 1964 727 2009 non
754 1946 935 2028 quaestuosi
962 1945 1040 2013 vitio
1065 1954 1237 2029 temporum
1260 1950 1291 2009 et
1312 1944 1502 2027 ignorantia,

197 2046 343 2110 constitui
365 2045 442 2109 dere
465 2048 663 2131 praescripta
683 2054 834 2129 tauquam
856 2066 997 2111 normam
1018 2046 1128 2131 optimi
1151 2047 1312 2131 tyrocinii,
1343 2055 1377 2110 ut
1398 2046 1503 2131 posita

199 2148 297 2212 barba
325 2154 513 2233 sumptaque
534 2148 617 2213 virili
641 2156 716 2233 toga
737 2169 799 2214 non
820 2168 890 2214 curn
913 2148 1069 2233 imperitis
1093 2148 1226 2231 leguleis
1253 2150 1502 2213 sacratissimum

198 2251 247 2314 ius
273 2251 387 2328 adeas,
411 2249 468 2315 sed
494 2250 634 2331 ingenua
658 2260 689 2315 ct
715 2252 821 2333 prisca
838 2251 983 2315 doctrina
1003 2251 1084 2316 duce
1111 2251 1188 2315 iuris
1209 2271 1279 2315 cum
1306 2252 1411 2315 civilis
1437 2258 1502 2315 tum

198 2352 353 2436 pontificii
374 2352 625 2417 consultissimus
648 2359 742 2435 atque
765 2353 851 2419 utilis
870 2360 902 2417 et
923 2352 1026 2417 clarus
1050 2354 1175 2437 patriae
1190 2353 1271 2417 civis
1286 2354 1386 2417 crccri
1408 2358 1503 2433 atque

198 2454 321 2517 institui
343 2454 455 2535 possis.
497 2453 570 2517 Heri
593 2455 725 2539 concepi
755 2456 877 2536 literas,
903 2456 1018 2537 quibus
1044 2474 1171 2537 agerem
1198 2456 1319 2535 gratias
1347 2475 1402 2539 pro
1428 2454 1503 2517 dato

197 2554 402 2638 Triumphol
444 2555 533 2620 Mitto
555 2555 685 2620 easdem
715 2575 895 2639 quanquam
925 2558 1019 2621 rudes
1041 2564 1073 2621 et
1099 2557 1318 2621 trrruultrrosius
1346 2560 1503 2632 exaratas,

198 2676 272 2721 nam
293 2656 400 2721 subita
420 2657 584 2742 conceptio
605 2658 679 2723 talis
699 2664 748 2722 est
768 2666 799 2721 ct
820 2658 1000 2725 abortivum
1021 2660 1163 2723 imitatur
1181 2666 1319 2741 partum,
1348 2658 1452 2739 qualis
1473 2664 1504 2720 et

200 2777 351 2842 praesens
374 2751 504 2842 scriptio
524 2766 588 2824 tum
610 2760 766 2825 subitario
787 2767 851 2824 tum
873 2761 1032 2845 impolita,
1058 2761 1116 2826 sed
1138 2762 1233 2844 plena
1253 2760 1502 2825 benevolentius.

200 2862 272 2925 Non
293 2862 382 2945 potui
402 2867 474 2927 suta
495 2881 634 2936 resuere,
664 2870 752 2927 texta
771 2869 913 2927 retexere
935 2868 966 2927 et
988 2863 1033 2927 uti
1060 2862 1142 2927 libra
1167 2869 1199 2926 et
1220 2862 1348 2927 lucerna
1376 2868 1504 2945 propter

199 2964 551 3047 temporisangnstiam.
582 2964 693 3047 ltaque
704 2984 806 3047 nugas
822 2970 853 3028 ct
863 2965 963 3029 silvas
975 2984 1012 3029 eo
1024 2963 1113 3045 legas
1133 2964 1249 3045 animo,
1270 2983 1331 3045 quo
1343 2964 1505 3028 mittimus.

200 3064 305 3129 Etiam
319 3065 422 3130 silvae
440 3073 514 3130 sunt
532 3066 798 3147 cousuledignae.
840 3066 946 3131 Etiam
957 3086 1062 3149 nugae
1074 3066 1133 3132 riri
1145 3066 1294 3130 doctioris
1305 3065 1429 3130 laudem
1441 3084 1504 3130 me-

200 3174 314 3231 rentur.
355 3166 440 3245 Quin
462 3174 494 3231 et
514 3169 617 3232 amico
639 3187 752 3233 munus
772 3176 876 3249 tenue,
896 3168 981 3249 quod
1002 3170 1058 3233 dat
1079 3168 1298 3241 amicissimus,
1319 3174 1351 3231 et
1372 3166 1507 3231 libenter

200 3270 301 3353 aspici
322 3275 354 3335 et
373 3268 646 3334 commendatione
667 3270 795 3354 probari
816 3270 921 3335 debet.
963 3270 1099 3335 Tantum
1121 3292 1185 3353 oro,
1205 3276 1239 3335 ut
1254 3288 1370 3334 caveas
1391 3270 1506 3334 securi-

159 3398 163 3403 ’
200 3372 259 3435 tati
279 3376 312 3434 et
332 3371 513 3455 supprimas
533 3371 634 3436 effusa
644 3373 854 3456 potiusquam
866 3373 995 3457 scripta.
1036 3373 1129 3437 Nosti
1148 3373 1243 3448 euim,
1264 3392 1357 3455 quam
1378 3371 1507 3436 diceres

202 3474 275 3554 sint,
295 3491 390 3554 quom
412 3473 576 3538 mordaces
596 3474 728 3554 bestiae,
749 3475 864 3556 quibus
884 3476 996 3555 ignota
1015 3473 1150 3539 ridicula
1170 3474 1325 3540 videnlur.
1363 3474 1428 3538 Hae
1449 3494 1506 3537 suo

201 3574 268 3638 iure
289 3592 437 3657 moreque
457 3575 644 3657 gmnniant,
666 3584 815 3657 coartent,
836 3575 1049 3657 ronchiseent,
1077 3577 1218 3657 rudontr,
1241 3576 1413 3657 blaterent,
1441 3576 1507 3640 bal-

202 3676 326 3741 butiant
353 3677 436 3741 asini
458 3678 525 3743 suis
553 3678 698 3743 barbaris
721 3678 929 3761 compedibus
954 3678 1138 3762 compediti,
1168 3679 1235 3743 suis
1260 3678 1379 3762 ineptis
1404 3676 1506 3743 valra-

201 3779 316 3843 mentis
343 3779 525 3861 illaqueati,
553 3780 619 3845 suis
644 3779 904 3864 persuasionibus
936 3779 1039 3845 inflati
1075 3786 1106 3843 ct
1136 3786 1301 3845 tumentes.
1350 3780 1415 3843 Nos
1440 3779 1507 3843 iure

202 3898 350 3962 moreque
371 3887 512 3947 veterum
536 3882 665 3947 minime
686 3882 857 3947 trivialiter
876 3881 1062 3946 incedamus
1079 3881 1293 3962 admoventes,
1315 3881 1419 3963 quoad
1439 3879 1507 3945 fieri

110 4031 115 4039 .
203 3983 292 4063 licet,
322 3984 391 4048 oril
410 3983 548 4067 digitum
568 3986 747 4050 salutarem.
795 3984 866 4049 Non
896 3985 980 4049 enim
1012 3984 1165 4048 Heracliti
1191 4002 1311 4063 sumus,
1339 3990 1373 4047 ut
1401 3981 1508 4047 llenda

202 4085 294 4149 nobis
315 4085 499 4166 videantur,
521 4106 603 4169 quae
624 4106 687 4151 non
708 4087 807 4151 solum
830 4084 1041 4170 despicienda
1062 4092 1148 4166 suut,
1174 4085 1231 4151 scd
1253 4086 1349 4151 ctiam
1373 4070 1508 4149 coutem-

271 4239 336 4290 “Tz
353 4245 562 4307 praedeutiasimi.
636 4230 699 4291 '“l'z
717 4245 881 4293 interneciuo.
953 4238 1058 4292 elt'sblt
1079 4245 1102 4293 b.
1123 4246 1163 4293 Tr.
1234 4228 1322 4291 ibib.
1341 4260 1398 4291 nor.
1418 4259 1469 4299 ore,

267 4517 543 4577 ¹Wabrscbeinliclr
567 4521 616 4577 der
645 4520 721 4577 1605
748 4522 927 4579 erscbienene
955 4522 1126 4595 Triumphus
1150 4522 1267 4580 Veneris
1299 4522 1347 4578 des
1374 4522 1509 4579 Heinrich

203 4610 292 4667 Bebel
310 4610 442 4683 gemeiut

1274 4712 1310 4767 6*
