3625 5192
682 371 771 426 Briefe
790 372 909 427 Mutians
924 373 983 427 620.
1430 372 1482 426 299

176 537 269 583 renos
293 539 331 583 ex
359 522 537 590 sacerdotio
559 523 699 604 Wyrano
726 541 824 606 opera
851 521 996 603 generosi
1023 521 1268 586 Greliendorferi
1298 528 1330 588 et
1361 521 1481 588 domini

176 621 368 687 cancellarii.
413 623 499 699 Vale,
521 623 707 688 charissime
726 624 832 703 irater,
853 630 886 686 et
906 623 998 688 nobis
1019 624 1165 688 rescribe.

256 722 372 788 Datum
395 724 539 791 Erlordie
559 726 719 791 dominica
738 725 912 791 invocavit.
953 725 1045 790 Anno
1065 724 1267 789 MDXXllll.

1007 827 1201 894 Hauricus
1222 828 1402 894 Urbanus

1142 937 1223 994 tuna.

248 1052 388 1113 liotbqpurplr
406 1055 451 1100 cler
471 1055 568 1100 Blauto·
589 1055 872 1102 l'm'raaiattabibtlouak
895 1055 941 1102 suh
964 1055 994 1102 (i.
1013 1055 1033 1101 l.
1059 1053 1100 1102 ³1.
1122 1055 1163 1101 l'ol.
1183 1052 1224 1100 82.
1262 1055 1338 1102 allaim
1358 1054 1483 1114 Abmrlrrr'st

179 1124 296 1168 rerdoubc
317 1125 356 1170 ica
375 1125 419 1170 der
438 1125 631 1172 blandratum
651 1127 694 1172 deu
713 1127 792 1172 lla-aa
813 1126 937 1186 Professor
957 1125 1074 1172 Crocodilus
1094 1125 1119 1172 iu
1140 1124 1273 1185 Elbcrseld.

580 1318 681 1378 Beilage
699 1313 724 1365 2.
754 1317 837 1380 (Siehc
857 1320 957 1366 Anm.'t'
977 1320 1000 1371 S.
1012 1313 1082 1382 297.)

993 1427 1127 1492 Erfurt
1148 1427 1237 1492 1524.
1268 1423 1354 1489 Maru
1375 1426 1402 1490 7.

259 1541 399 1623 Egregie
420 1541 488 1605 viro
511 1541 648 1624 Georgia
670 1542 902 1625 Spalatino,
923 1543 1013 1606 fratri
1035 1563 1091 1608 suo
1112 1541 1307 1606 charissimo.

260 1644 321 1708 Dei
334 1645 480 1726 gratiam.
523 1643 662 1708 Reddita
682 1655 730 1710 est
751 1645 830 1708 milri
850 1645 987 1729 epistola
1009 1652 1072 1724 tna,
1094 1643 1279 1708 charissime
1290 1645 1394 1717 frater,
1416 1641 1484 1707 beri

178 1745 338 1810 dominica
360 1745 473 1810 Letare
494 1746 536 1810 ad
559 1745 666 1810 boram
688 1747 858 1811 secundum
884 1746 1175 1830 postmeridianam.
1219 1747 1255 1808 Si
1276 1745 1388 1809 luisset
1401 1730 1485 1810 'tem-

179 1848 286 1932 porius
302 1847 437 1930 reddita,
458 1849 500 1911 ad
523 1849 582 1912 iter
603 1868 653 1913 me
674 1849 894 1914 accinxissem.
938 1848 1096 1912 Hodierno
1117 1866 1209 1910 urane
1230 1847 1358 1912 omuino
1379 1845 1485 1910 decre-

178 1959 244 2014 tum
265 1957 334 2016 erat
351 1950 518 2033 proticisci,
538 1950 593 2015 sed
616 1951 781 2016 continens
792 1952 902 2034 pluvia
924 1950 1004 2017 adeo
1026 1948 1196 2016 madefecit
1216 1956 1341 2028 terram,
1362 1955 1396 2012 ut
1417 1968 1486 2032 pro-

178 2053 312 2135 positum
331 2055 486 2120 mutarim.
520 2053 589 2117 Huc
603 2053 696 2132 adde,
719 2053 804 2134 quod
816 2054 998 2118 nesciebam
1014 2053 1118 2118 adhuc
1133 2057 1163 2116 te
1177 2051 1272 2116 isthic
1282 2069 1361 2114 esse.
1383 2051 1486 2134 Supra

179 2154 306 2220 modum
333 2158 427 2239 cupio
455 2163 485 2220 te
514 2155 623 2220 videre
650 2162 682 2219 et
708 2155 827 2236 alloqui
854 2155 895 2220 de
924 2156 1038 2221 multis.
1086 2153 1234 2238 lnprimis
1264 2152 1427 2218 consulere
1455 2165 1486 2218 te

177 2256 341 2337 volebam,
362 2277 436 2322 num
458 2277 583 2340 semper
604 2257 794 2322 manendum
816 2258 892 2322 milri
909 2277 1046 2344 censeas
1068 2257 1150 2320 inter
1170 2265 1234 2320 tam
1258 2255 1402 2337 bibaces,
1423 2255 1486 2320 dis

179 2361 298 2425 solutos
321 2369 352 2424 et
377 2367 440 2424 tam
468 2359 647 2424 inordinate
674 2359 874 2425 ambulantes
900 2362 1020 2425 l'rutres.
1062 2359 1238 2443 Sperabam
1260 2360 1323 2422 ianr
1346 2359 1411 2422 lore
1432 2357 1486 2422 de·

179 2471 297 2526 cretum
321 2482 377 2544 per
399 2463 560 2546 principes
579 2463 780 2543 Nornbergc,
806 2471 839 2528 nt
859 2461 1101 2544 cuique'liceret
1120 2461 1200 2526 citra
1218 2466 1323 2525 notam
1346 2460 1486 2534 inlamie

180 2565 290 2647 egredi
311 2565 546 2629 monasterinm.
591 2565 656 2629 Sed
681 2566 776 2629 audio
804 2565 885 2629 nibil
911 2565 1016 2630 adbuc
1040 2563 1203 2647 principes
1231 2563 1306 2628 boni
1328 2563 1487 2642 statuisse,

180 2667 236 2730 sed
249 2666 488 2750 privatiorebus
509 2667 668 2730 studuisse
691 2675 723 2730 et
743 2668 906 2732 discordes
927 2668 1009 2731 inter
1028 2686 1062 2730 se
1084 2685 1155 2730 esse
1177 2671 1208 2730 et
1227 2666 1267 2730 ob
1289 2665 1322 2729 id
1344 2664 1487 2730 illustris·

179 2770 292 2832 simum
314 2770 489 2852 principem
511 2768 677 2833 electorem
699 2769 895 2833 Fridericum
917 2789 986 2834 cum
1009 2767 1231 2848 indignatione
1258 2767 1346 2831 illinc
1371 2767 1488 2832 disces-

180 2872 269 2936 sisse.
311 2870 403 2948 Quod
424 2879 525 2935 utrum
547 2890 653 2935 rernm
675 2872 727 2951 sit,
748 2873 829 2935 scire
850 2872 943 2954 cupio
965 2879 997 2934 et
1019 2869 1141 2952 siquid
1164 2869 1252 2933 aluid
1273 2869 1381 2950 babes,
1404 2868 1486 2951 quod

181 2974 413 3038 communicare
435 2972 529 3037 liceat
540 2993 610 3037 curn
623 2973 772 3038 blotiano.
797 2974 901 3036 Literc
914 2992 1008 3055 super
1021 2975 1172 3055 pensione
1185 2981 1239 3036 tua
1250 2970 1488 3036 Hockir·cbiaua

181 3076 285 3140 adbuc
310 3077 441 3140 suntin
469 3096 553 3158 pago
574 3075 774 3140 Hockir·oben
803 3074 923 3140 incluse
952 3075 983 3138 in
1013 3073 1149 3156 quodam
1177 3093 1293 3137 mensa.
1342 3073 1405 3136 Eas
1428 3073 1486 3137 tibi

180 3180 314 3256 mittam,
336 3179 390 3242 nbi
413 3179 453 3242 ad
475 3177 674 3243 llockircbeu
697 3195 822 3241 venero.
864 3176 966 3253 Quam
988 3176 1112 3255 vellem,
1141 3183 1174 3239 nt
1195 3195 1265 3240 cnm
1288 3175 1383 3239 venia
1405 3173 1488 3256 prin-

181 3283 262 3365 cipis
283 3281 329 3345 tui
349 3281 410 3345 bue
431 3281 472 3344 ad
493 3300 550 3345 nos
570 3280 667 3344 semel
688 3281 823 3344 uenires.
871 3279 907 3342 Si
935 3277 1038 3342 adbuc
1068 3278 1189 3359 aliquot
1218 3277 1288 3342 dies
1308 3277 1380 3342 istic
1402 3295 1488 3338 man-

180 3403 272 3448 surus
296 3403 330 3447 es
359 3382 458 3446 etad
489 3402 547 3447 uos
578 3381 685 3445 uenire
712 3401 774 3444 non
801 3380 953 3459 volueris,
985 3381 1112 3444 reniam
1133 3399 1193 3461 ego
1214 3379 1256 3443 ad
1277 3385 1317 3442 te.
1359 3377 1489 3444 Cancel-

180 3485 367 3572 larirrs„vir
396 3487 560 3567 egregius,
588 3491 620 3548 et
641 3483 910 3562 Greicudorl'erus,
941 3482 1057 3546 nobilis
1086 3481 1278 3547 camerarius
1303 3480 1413 3544 lavent
1433 3480 1488 3544 ad-

181 3586 306 3652 modum
329 3587 470 3651 blotiano
498 3595 552 3651 tua
579 3585 662 3650 baud
696 3586 791 3649 dubie
818 3584 1103 3648 commendacione.
1146 3584 1299 3649 illiserunt
1320 3603 1421 3668 nuper
1442 3583 1489 3647 illi

181 3690 364 3771 pensionem
385 3691 515 3753 duorum
536 3707 690 3752 annorum
711 3689 752 3752 de
774 3687 951 3750 sacerdotio
973 3687 1120 3768 lllyrauo.
1163 3689 1242 3768 Age,
1263 3705 1370 3768 queso,
1393 3685 1491 3750 tantis

181 3792 259 3855 viris
279 3791 426 3874 gratiam.
470 3790 543 3853 Vidi
565 3809 666 3874 nuper
685 3789 817 3852 filiolum
839 3788 1006 3852 Leouardi.
1049 3787 1153 3852 Scitus
1175 3789 1314 3871 prolecto
1344 3807 1421 3870 puer
1442 3794 1490 3851 est

180 3892 375 3957 liniamentis
401 3893 496 3957 faciei
520 3893 625 3973 magis
650 3897 795 3974 tequam
818 3898 980 3974 parentem
1004 3909 1072 3952 meo
1099 3890 1225 3971 quidem
1248 3889 1361 3954 iuditio
1388 3909 1490 3972 repre-

182 4002 321 4059 sentans.
367 3993 509 4072 Adiuva,
537 4013 649 4075 queso,
677 3994 793 4057 bonum
821 3991 1036 4070 Leonardum,
1066 3998 1098 4054 ut
1130 3991 1296 4074 pristinum
1324 3991 1487 4055 servitium

181 4096 214 4160 in
241 4097 316 4160 aula
344 4096 478 4179 recipiat
505 4104 537 4159 et
564 4096 689 4159 hortare
716 4093 759 4156 ad
786 4093 999 4158 sobrietatem.
1042 4093 1125 4156 Nam
1147 4094 1236 4157 multi
1258 4092 1368 4156 dicunt
1389 4092 1488 4158 solam

181 4198 364 4262 ebrietatem
386 4197 430 4260 illi
453 4199 574 4276 obesse,
595 4217 657 4278 quo
680 4197 782 4260 urinas
800 4203 990 4278 promoveat.
1035 4194 1271 4274 Engelmannus
1292 4201 1398 4259 noster
1420 4195 1490 4257 mit-

182 4300 221 4362 tit
243 4300 301 4362 tibi
324 4301 433 4364 literas
453 4299 592 4364 inclusas
614 4308 647 4361 et
667 4296 883 4360 ornnnsculum
913 4295 1071 4378 quoddam
1098 4297 1171 4360 aliis
1199 4297 1299 4361 literis
1325 4297 1489 4361 inclusum.

181 4402 325 4484 Dignare
345 4401 504 4466 bominem
527 4419 676 4482 responso
698 4419 736 4462 cx
760 4399 865 4462 auimo
887 4405 918 4462 te
940 4404 1107 4460 amantem.
1149 4399 1285 4463 Venitne
1298 4399 1491 4480 Campegius

180 4505 400 4584 Nornbergam
422 4504 512 4567 vobis
534 4502 639 4566 adbuc
663 4501 728 4564 illic
748 4500 958 4566 existentibus
979 4507 1010 4563 et
1026 4500 1102 4580 quid
1125 4499 1223 4564 babes
1245 4501 1285 4564 de
1306 4501 1439 4564 lirasmo
1460 4508 1492 4564 et

182 4605 345 4670 Hutteuo'?
386 4604 479 4685 Vale,
507 4604 693 4668 charissime
719 4602 817 4667 l'rater
840 4608 872 4668 et
891 4602 943 4668 l'ac
963 4621 1013 4666 me
1035 4604 1216 4681 certiorem,
1238 4623 1279 4666 an
1301 4603 1361 4665 buc
1383 4601 1491 4668 venire
