3625 5192
699 341 788 398 Briolc
806 344 927 400 Matiana
947 344 1004 400 ΡΜ.
1456 342 1505 397 171
1579 366 1583 374 ·

236 510 352 574 gogum
373 497 545 587 conservet.
588 492 662 558 Scio
682 493 802 576 qnippe
828 512 889 559 nou
916 493 1030 559 deesse
1050 486 1169 557 victoni
1196 499 1229 557 et
1249 493 1415 572 vestitum,
1444 513 1506 557 nou

235 593 412 664 urercedetu
433 599 465 658 et
486 595 623 679 premia,
646 595 704 660 boc
724 603 786 670 est,
808 594 919 660 dotata
940 595 1107 670 beneficia,
1133 594 1227 660 modo
1248 594 1393 677 gradum,
1413 614 1506 676 quem

236 696 269 760 in
291 695 365 760 aula
386 696 563 782 principes·
583 697 674 778 quasi
697 696 820 763 theatro
842 697 1062 781 assignarunt,
1076 691 1194 763 ⁴allicio
1214 703 1247 762 et
1267 697 1508 780 perseverantia

236 806 354 864 tueare.
396 799 435 864 In
456 819 528 881 quo,
551 799 578 866 si
601 798 677 882 quid
699 799 913 865 molestiarum
924 801 1033 879 sentis,
1054 799 1087 865 id
1099 821 1191 866 omne
1200 801 1323 867 tbrtiter
1342 802 1505 866 terendum

236 919 359 968 censeo.
402 899 503 966 Nemo
525 902 665 968 lauream
688 909 824 968 meretur
844 909 876 967 et
900 909 1046 968 auratum
1067 921 1205 981 currum,
1228 896 1287 968 nisi
1310 903 1364 986 qai
1385 903 1508 968 lortiter

238 1004 355 1068 lecerit.
397 1001 480 1067 Aula
505 1023 666 1086 nunquam
696 1005 799 1068 caruit
823 1004 1047 1071 simultatibus.
1094 1004 1173 1082 Quis
1200 1011 1265 1069 tam
1277 1004 1506 1085 ‘stolidus-ut
1546 1041 1553 1052 ·

237 1124 343 1172 corum
373 1105 467 1174 cedat
499 1107 682 1188 insolentie,
716 1107 771 1188 qui
799 1107 1007 1174 humanitatis
1035 1107 1144 1172 studia
1170 1115 1202 1172 et
1228 1107 1302 1172 odio
1331 1108 1450 1172 babent
1474 1113 1507 1172 et

238 1199 383 1276 ludibrio.
434 1208 520 1274 Satis
546 1213 594 1272 est
619 1208 792 1290 gratiosum
819 1227 889 1274 esse
914 1209 1001 1293 apud
1028 1209 1165 1293 inclytos
1190 1209 1302 1290 daces,
1333 1210 1448 1292 quibus
1476 1218 1506 1275 te

237 1319 291 1376 tua
303 1311 416 1393 pietas,
439 1309 616 1392 integritas,
638 1309 829 1391 innocentia,
851 1311 974 1393 religio,
995 1311 1235 1377 continentiaet
1248 1311 1414 1376 literatura
1434 1332 1506 1379 cou-

239 1413 360 1478 ciliant.
401 1411 577 1494 Fingamus
598 1433 668 1478 esse
690 1412 863 1478 seniculum
886 1411 1063 1494 baidulum,
1083 1413 1307 1494 numismatum,
1327 1414 1386 1479 tibi
1409 1415 1507 1479 int'en-

197 1584 203 1594 ,
237 1535 313 1581 sum.
350 1517 398 1580 Au
412 1514 484 1580 bulo
496 1513 699 1580 maledicenti
711 1515 941 1581 rernalediees‘l
970 1515 1111 1581 Minime.
1143 1515 1508 1592 Quislaudaturverius,

236 1638 330 1700 quam
360 1619 411 1682 cni
441 1615 641 1681 maledicitur
669 1637 689 1680 a
717 1618 801 1682 malo
830 1619 906 1682 viro.
948 1619 1048 1684 Senes
1078 1617 1223 1684 delirant.
1266 1618 1399 1694 Etiamsi
1428 1620 1506 1685 l'atui

236 1723 299 1786 sint
319 1727 351 1784 et
373 1721 535 1798 immanes,
560 1723 665 1784 lamen
688 1725 817 1803 propter
837 1724 953 1784 etatem
975 1714 1106 1785 ferendi.
1148 1720 1220 1784 Non
1242 1721 1288 1784 sis
1308 1722 1456 1802 querulus
1477 1729 1509 1786 et

237 1821 373 1890 debilisb
394 1829 544 1905 tanquam
572 1841 668 1902 anns,
699 1841 760 1904 que
787 1821 942 1906 capellam
972 1822 1119 1907 perdidit.
1162 1823 1233 1899 Non
1260 1831 1310 1888 est
1338 1826 1509 1890 erumualin

238 1926 327 1991 labor
343 1925 466 1991 erudire
478 1924 667 1990 lectissimos
685 1923 836 1989 camillos.
879 1923 970 1988 Tolle
983 1924 1150 1990 erutiabile
1162 1925 1341 2006 suspirium.
1376 1926 1508 1992 Nobiles

238 2028 363 2106 cirrati,
384 2047 505 2092 surnmo
527 2027 596 2091 loco
618 2027 703 2101 nati,
726 2025 798 2108 alti,
827 2026 954 2092 edueati
976 2027 1103 2091 mollius
1120 2026 1306 2092 instituendi
1327 2035 1416 2108 sunt,
1446 2049 1507 2095 non

236 2131 441 2195 inclementer
462 2128 652 2212 castigandi.
695 2129 801 2211 Facis,
823 2147 919 2211 quam
941 2149 1000 2213 par
1020 2135 1077 2209 est,
1099 2129 1262 2210 curiosius,
1283 2129 1338 2212 qui
1356 2130 1508 2195 auriculis

240 2232 303 2298 illis
332 2231 551 2298 teneriusoulis
577 2250 658 2295 cana
689 2230 870 2320 maturitate
891 2231 1030 2313 grandia
1050 2231 1201 2319 inculcas.
1242 2232 1351 2312 Lacte,
1373 2233 1431 2298 boo
1451 2240 1509 2313 cst,

239 2335 407 2401 rnollioulis
433 2333 585 2400 institutis
610 2332 717 2398 alendi
751 2341 832 2398 sunt.
880 2333 977 2399 Novit
1002 2334 1162 2400 seniculus
1189 2328 1283 2419 (pace
1309 2341 1364 2399 tua
1389 2334 1508 2413 dicam)

240 2443 396 2502 territorum
416 2435 530 2500 filiolos
550 2453 610 2499 uon
638 2435 739 2501 solum
765 2435 874 2500 latinis
896 2442 928 2501 et
949 2435 1121 2502 moralibus
1152 2438 1312 2521 preceptis
1336 2444 1390 2503 tuo
1416 2438 1509 2503 modo

240 2539 376 2604 imbutos
398 2539 524 2622 placere
546 2558 655 2622 posse,
684 2539 746 2602 nisi
768 2539 863 2604 etiam
890 2538 932 2604 ad
960 2557 1079 2604 summe
1105 2539 1229 2605 tortune
1257 2538 1456 2624 splendorem
1469 2546 1508 2605 ‘et

238 2640 427 2724 dignitatem
440 2642 533 2722 actio,
554 2648 672 2723 gestus,
694 2641 847 2721 incessus,
858 2660 970 2720 sermo,
992 2641 1122 2707 habitus
1130 2641 1311 2706 formentur.
1351 2643 1509 2722 Proterea,

238 2745 322 2826 (quod
345 2763 403 2826 ego
425 2744 597 2808 maximum
619 2763 689 2808 esse
710 2740 800 2823 duco,
824 2743 905 2809 bone
927 2743 1123 2808 valetudinis
1144 2744 1298 2809 rationem
1319 2744 1508 2823 habendam,

238 2847 307 2912 sine
328 2865 391 2929 qua
412 2867 473 2910 non
496 2851 599 2930 potest
620 2851 683 2909 tam
706 2844 826 2910 tenella
847 2853 915 2908 etas
937 2844 1218 2911 adulescenturire.
1263 2847 1338 2911 ltem
1360 2845 1508 2911 studendi

238 2949 394 3014 industris
415 2948 621 3030 elanguescat
637 2967 767 3012 neeesse
784 2955 840 3028 est,
866 2948 925 3012 nisi
948 2948 1102 3012 docilitati
1115 2948 1299 3033 ¹corpusculi
1324 2948 1406 3012 vires
1427 2946 1510 3012 suffi-

238 3051 326 3115 tiant.
370 3051 550 3130 ‚,1lninrus“
564 3052 658 3130 enim,
680 3050 827 3132 utinqnit
837 3050 969 3131 Plinius,
992 3049 1137 3131 „luituris
1153 3050 1509 3134 corporisstrstirsetur“.

239 3153 315 3218 ldeo
327 3153 475 3218 Soloruou
497 3152 594 3216 dixit:
615 3152 713 3233 „Non
728 3159 776 3217 cst
795 3171 1157 3237 censussupe1·censum
1174 3152 1323 3218 sanitatis
1340 3151 1509 3234 eorporis“.

238 3256 356 3320 scribit
377 3255 467 3320 Plato
489 3254 569 3318 nihil
589 3274 659 3320 esse
680 3254 792 3319 melius
813 3257 960 3320 sanitate.
1003 3255 1088 3322 Nota
1116 3261 1164 3320 est
1191 3255 1249 3320 illa
1275 3255 1383 3319 cantio
1404 3253 1509 3318 convi-

236 3356 318 3422 valis
350 3357 502 3441 optimum
538 3357 688 3439 quidem⁰
715 3377 784 3422 csse
814 3357 894 3422 bene
924 3358 1048 3437 valere,
1078 3357 1216 3424 secundo
1245 3358 1313 3423 loeo
1341 3356 1508 3421 lbrrnosum

238 3479 324 3540 esse,
353 3461 446 3525 tertio
474 3459 591 3524 babere
619 3457 750 3524 divitias
780 3460 862 3526 bono
886 3461 978 3527 modo
1001 3467 1118 3543 partas.
1171 3460 1240 3537 Quo
1268 3477 1348 3524 cunr·
1365 3459 1411 3522 ita
1437 3458 1510 3536 sint,

243 3564 426 3645 puerorumd
449 3561 648 3627 incolumitas
664 3568 738 3627 ante
749 3563 855 3627 ounria
867 3564 1073 3628 custodiatur.
1117 3562 1180 3628 Sed
1195 3561 1372 3645 quomodo?
1413 3559 1510 3625 Cotti-

241 3665 338 3729 diana
349 3665 586 3738 exercitatione,
605 3684 669 3747 qna
688 3665 838 3729 arrtlroret
850 3665 1047 3744 Qtrintiliauo
1070 3663 1427 3730 cunetaconvaloscunt.
1468 3662 1511 3724 At

241 3767 345 3849 <qualis
358 3767 439 3831 erit?
480 3766 517 3830 ld
530 3767 689 3832 seniculus
701 3767 876 3851 proscribat
888 3786 995 3832 earnm
1021 3787 1133 3834 rerum·
1146 3767 1274 3851 peritus.
1317 3765 1348 3830 ls
1368 3764 1429 3829 etsi
1448 3783 1511 3829 nou

241 3869 348 3934 l'atietf
375 3869 634 3952 quinquertiones
661 3875 693 3934 et
718 3870 870 3950 athletas,
899 3889 1002 3952 neque
1028 3872 1112 3934 enirn
1138 3869 1267 3934 militari
1296 3868 1400 3932 adbuc
1420 3886 1510 3950 gynr-
1565 3908 1568 3914 -

242 3971 367 4037 nastica
387 3988 466 4054 opus
488 3976 549 4050 est,
571 3969 737 4036 adhibebit
760 3978 866 4036 tamen
889 3972 1091 4037 moderatam
1111 3970 1410 4044 anrbnlatiuuoulas‚
1434 3974 1511 4033 tem-

242 4073 385 4158 porarias
405 4073 679 4155 obequitaeioues,
701 4073 860 4154 equalium
883 4073 1171 4155 colluctacioueml,
1194 4072 1372 4156 reciprocos
1393 4088 1511 4141 cursus,
1546 4107 1552 4118 ·

237 4196 302 4240 nou
323 4175 394 4240 dico
415 4175 589 4256 vertigines
609 4176 768 4247 statariae,
789 4195 850 4258 que
873 4177 1044 4258 pernitiose
1065 4184 1147 4256 sunt,
1169 4194 1231 4240 uon
1245 4173 1409 4252 salutares,
1427 4170 1510 4252 quod

243 4287 275 4342 tn
296 4278 381 4358 olim,
403 4278 586 4361 spalatina,
611 4278 697 4362 apud
719 4279 846 4343 Crotum
869 4285 1018 4362 expertus
1039 4297 1074 4342 es
1095 4279 1126 4341 in
1152 4276 1294 4360 pomario
1314 4272 1509 4356 Mogontino.
1554 4302 1557 4310 ·

247 4381 382 4446 Utantur
408 4380 516 4462 itaque
545 4387 609 4444 tam
636 4379 725 4474 belli·
741 4387 772 4445 et
801 4379 928 4444 delicati
960 4380 1048 4464 pueri
1079 4381 1197 4444 testiva
1225 4378 1346 4442 lusione
1374 4381 1405 4440 et
1432 4375 1510 4439 ocio.

276 4519 343 4571 ³Te
361 4525 489 4592 principis.
582 4509 645 4576 b'I'a
664 4525 753 4571 debilis
773 4531 797 4571 et
817 4526 940 4584 querulus.
1028 4517 1126 4570 ‘attae
1147 4523 1167 4571 d.
1180 4525 1220 4570 Ta.
1316 4506 1372 4573 ¹¹1¹
1385 4536 1510 4590 pacorum.

209 4589 272 4670 ’Τῇ
290 4602 400 4650 auctura.
472 4579 533 4643 sl'a
550 4595 632 4648 faeiat
703 4587 769 4646 ‘Te
787 4595 936 4649 moderatus·
993 4581 1005 4615 ¹¹
1026 4596 1059 4648 Tc
1076 4595 1273 4646 colluctationes.
