3625 5192
334 343 386 394 298
708 342 968 410 Gescbichtsquellon
989 344 1036 396 der
1055 343 1128 396 Pron.
1147 343 1269 398 barbsen.

331 489 426 555 lectio
452 487 631 570 tranquillis
657 490 749 555 nobis
776 496 808 556 et
835 491 970 556 fructum
1000 491 1092 556 affert
1118 497 1150 558 et
1170 491 1374 576 voluptatem.
1417 492 1509 572 Vale,
1530 493 1643 558 doctor

331 591 512 656 clarissime.

410 692 462 758 Ad
483 693 699 758 Terminalial
722 693 915 762 instantibus
935 696 1086 762 Calendis
1101 697 1227 763 Martiis
1248 697 1451 762 MDXXllll.
1487 696 1601 762 Gotbe.

1173 821 1273 886 Totus
1294 821 1340 885 tui
1362 821 1498 885 nominis

1096 923 1328 990 Obunradus
1351 923 1557 990 ldutianus.

412 1023 584 1109 Concerpe.

401 1168 477 1214 Gedr.
495 1169 626 1216 Bursrheri
643 1168 803 1229 Spirilogium
821 1169 888 1216 XVI.
912 1184 935 1228 p.
949 1169 1066 1216 12-14.

656 1412 759 1473 Beiltge
778 1414 801 1461 1.
820 1407 905 1476 (Siehe
923 1413 997 1460 Auru.
1018 1413 1032 1460 7
1051 1414 1096 1460 ιιιι1
1112 1414 1211 1474 vorigor
1228 1407 1315 1476 sotto.)

1074 1535 1209 1600 Erl'urt
1232 1537 1317 1601 1524.
1350 1533 1492 1598 Februar
1513 1534 1559 1598 14.

411 1672 551 1754 Georgio
571 1672 795 1754 Spalatioo,
816 1673 905 1737 fratri
929 1693 985 1738 suo
1007 1673 1038 1737 in
1059 1673 1184 1738 Christo
1207 1672 1403 1754 charissimo,
1424 1671 1492 1738 viro
1518 1671 1641 1755 optimo

331 1779 362 1838 ct
383 1774 573 1838 doctissimo.

411 1874 554 1940 Gratiam
576 1875 646 1943 Dei.
688 1877 759 1940 Nou
781 1879 870 1959 potui
893 1877 953 1941 tibi
974 1897 1036 1942 oon
1057 1877 1204 1958 scribere,
1227 1878 1412 1942 charissime
1432 1877 1539 1956 frater,
1570 1895 1639 1939 cunr

330 1984 396 2041 tam
422 1985 633 2062 opportunum
657 1978 807 2043 haberem
833 1980 1049 2058 tabellarium,
1077 1982 1241 2062 presertim
1267 1987 1303 2044 ut
1328 1981 1426 2044 scires
1453 1999 1504 2043 me
1530 1979 1640 2042 literas

330 2089 401 2145 tuas
422 2081 506 2144 iutra
527 2081 596 2145 dies
617 2080 868 2166 Epiphaniorum
889 2081 986 2147 istbic
1006 2102 1025 2144 a
1047 2089 1078 2145 te
1099 2083 1235 2164 scriptas
1256 2081 1427 2165 accepisse.
1469 2081 1573 2145 Amici
1595 2081 1640 2143 tui

330 2190 362 2248 te
387 2185 528 2249 salutant
554 2191 586 2247 et
614 2184 755 2266 impense
775 2191 901 2266 rogant,
924 2191 958 2247 ut
978 2184 1055 2248 mibi
1077 2184 1211 2264 scribas,
1240 2184 1316 2266 quid
1345 2184 1440 2248 isthic
1467 2190 1582 2265 agatur
1608 2183 1639 2245 iu

330 2295 395 2351 tam
416 2287 532 2351 celebri
555 2287 911 2370 couventuprincipum.
954 2289 1034 2351 Sunt
1055 2289 1108 2368 qui
1131 2285 1240 2350 dicant
1261 2306 1367 2368 regem
1377 2285 1493 2367 Anglie
1514 2284 1641 2348 venisse

331 2388 550 2471 Nornbergam
572 2396 604 2454 et
624 2389 763 2471 legatum
775 2388 890 2453 Caroli.
934 2388 1064 2454 Utinam
1087 2389 1248 2473 principes
1270 2409 1326 2472 pro
1346 2387 1517 2452 concordia
1536 2385 1641 2450 Chris-

254 2565 260 2574 ,
330 2491 417 2554 tiaue
438 2491 602 2573 religionis
621 2511 730 2555 omues
748 2510 863 2555 nervos
883 2491 1119 2556 contenderent.
1167 2491 1388 2554 Tumultuatur
1414 2490 1499 2554 enim
1526 2489 1640 2553 misere

334 2592 450 2676 ubique
471 2594 623 2675 gentium.
665 2595 828 2675 Scripsisti
849 2611 950 2676 nuper
972 2593 1107 2657 Suitiam
1129 2594 1192 2657 iam
1214 2595 1274 2656 buo
1295 2592 1357 2656 iam
1384 2592 1459 2655 illue
1485 2591 1640 2654 inclinare

331 2704 363 2759 et
390 2705 496 2760 tamen
523 2696 565 2760 ab
586 2696 754 2778 evangelio
782 2704 876 2760 stare.
926 2695 990 2760 lsta
1017 2715 1160 2777 pugnare
1187 2696 1264 2759 mibi
1296 2695 1451 2774 videnlur,
1479 2700 1534 2756 tua
1561 2711 1640 2776 pace

331 2797 449 2862 dictum
470 2798 522 2861 sit.
564 2798 632 2875 Quo
654 2797 747 2861 modo
768 2799 852 2861 enim
874 2798 916 2862 ab
939 2797 1105 2879 evangello
1128 2805 1231 2876 stant,
1259 2799 1312 2879 qui
1334 2804 1399 2860 tam
1421 2795 1556 2859 mobiles
1576 2796 1638 2856 iam

332 2900 475 2963 bociam
497 2899 573 2963 illuc
593 2899 757 2977 inclinant,
778 2899 833 2962 nbi
855 2899 976 2963 sordidi
999 2919 1071 2982 spes
1092 2900 1194 2964 maior
1214 2898 1368 2963 aliurlserit
1388 2898 1516 2962 nummi.
1542 2895 1640 2961 Verus

330 3010 378 3066 est
399 3005 509 3084 poeta:
530 3001 647 3082 „Nulla
669 3001 749 3066 fides
769 3002 935 3085 pietasque
950 3003 1038 3079 viris,
1060 3003 1114 3084 qrri
1137 3008 1241 3067 eastra
1258 3001 1457 3083 sequuntur·.“
1490 3001 1566 3065 Illos
1580 3021 1640 3082 ego

331 3124 393 3168 nou
419 3124 532 3169 censeo
555 3104 765 3185 Christianos,
790 3105 843 3186 qui
866 3105 923 3168 vili
954 3105 1090 3186 pecunia
1114 3103 1259 3168 conducti
1287 3104 1400 3168 ferrum
1424 3103 1585 3183 stringunt
1606 3104 1638 3165 in

331 3208 454 3271 viscera
480 3207 585 3271 lratris
611 3205 700 3270 mihil
722 3206 905 3269 commeriti.
948 3206 1119 3286 Largiatur
1145 3207 1238 3270 nobis
1265 3206 1352 3270 Deus
1377 3224 1465 3268 suam
1493 3205 1641 3286 gratiam,

316 3303 365 3372 ¹ut
384 3309 563 3391 evangelici
585 3309 682 3373 simus
703 3328 766 3372 non
788 3307 1045 3388 nomine'solum,
1070 3308 1126 3371 sed
1150 3315 1182 3372 et
1203 3328 1243 3372 re.
1286 3308 1486 3390 Nepotianus
1514 3315 1642 3390 ereptus

330 3415 379 3474 est
407 3431 507 3497 nuper
533 3431 572 3474 ex
602 3411 660 3474 boc
689 3411 795 3476 seculo
824 3429 968 3492 nequam.
1017 3411 1114 3475 Cuius
1139 3416 1271 3475 mortem
1292 3429 1329 3474 eo
1350 3409 1544 3473 moderatius
1565 3409 1642 3488 l'ero,

331 3513 415 3594 quod
439 3513 563 3577 infinita
589 3515 674 3578 rnala
702 3514 806 3578 evasit
832 3513 924 3578 nobis
950 3513 1177 3596 impendentia.
1224 3511 1411 3577 Perochiam
1437 3511 1572 3594 adeptus
1593 3521 1643 3576 est

232 3633 235 3636 ’
331 3615 411 3679 nibil
433 3614 586 3695 ambiens,
608 3615 664 3680 scd
687 3622 818 3680 vocatus
839 3615 936 3679 veluti
961 3615 1041 3678 alter
1063 3615 1178 3678 Aaron.
1224 3614 1357 3679 loannes
1368 3613 1564 3678 Prussiensis
1582 3613 1642 3676 tibi

331 3739 372 3782 ex
398 3715 497 3779 literis
524 3723 623 3780 notus.
673 3717 809 3800 Scripsit
838 3717 922 3780 euim
952 3716 1011 3779 tibi
1038 3717 1119 3780 ituro
1148 3735 1217 3780 com
1240 3716 1384 3798 principe
1411 3716 1531 3797 optimo
1554 3715 1642 3778 Wor-

331 3819 459 3883 matiam
482 3825 551 3884 etx
573 3838 685 3883 aureos
707 3818 843 3883 credidit
864 3837 921 3896 pro
942 3819 1152 3902 impetrandis
1170 3819 1316 3900 precibus
1338 3817 1506 3899 regalibus.
1549 3817 1643 3903 Opti-

330 3941 399 3984 mus
426 3922 475 3984 vir
502 3929 550 3986 est
576 3921 688 3986 doctus
715 3922 748 3985 in
778 3921 849 4003 lege
868 3919 997 3986 Domini
1023 3921 1130 4002 etqui
1158 3921 1231 3994 tibi,
1260 3921 1287 3985 si
1309 3920 1373 3984 ullo
1398 3920 1491 3984 modo
1513 3921 1642 4003 poterit,

331 4022 461 4088 datuurus
483 4031 530 4088 est
552 4025 735 4104 pensionem
757 4043 904 4088 annuam.
947 4021 1107 4087 blutianus
1131 4024 1255 4104 accepit
1276 4022 1324 4087 bis
1345 4021 1459 4087 diebus
1483 4021 1559 4086 XVl
1581 4020 1642 4088 llo-

334 4221 533 4229 ——

391 4345 467 4402 ¹Sie
493 4348 579 4403 fallen
607 4349 658 4403 auf
682 4351 734 4404 den
762 4351 809 4405 23.
827 4351 956 4405 Febrrrar.
1004 4351 1061 4403 Der
1089 4347 1234 4402 Ausdruelr
1261 4347 1296 4400 ist.
1323 4346 1390 4399 aber
1410 4346 1643 4401 wabrscheiulieh

332 4429 411 4482 nicht
431 4447 521 4499 gennu
541 4448 574 4484 zu
595 4429 697 4496 fassen,
719 4431 837 4484 scudem
858 4432 910 4483 mit
931 4430 1086 4484 Riiclrsicht
1106 4428 1211 4496 darauf,
1232 4429 1294 4482 dass
1315 4425 1445 4480 Erasmus
1470 4425 1552 4482 einen
1574 4427 1644 4480 Ter-

332 4510 423 4563 minus
448 4509 476 4562 in
498 4509 602 4564 seinern
625 4511 753 4580 Wappeu
773 4511 880 4579 tiibrte,
907 4511 1029 4582 gewithlt
1051 4511 1105 4563 und
1127 4509 1178 4564 soll
1201 4505 1366 4580 ,‚Ausgang¹‘
1389 4505 1510 4576 „Eudc“,
1531 4525 1567 4562 se
1587 4507 1643 4564 Fe-

331 4591 444 4660 bruarii,
466 4591 609 4645 bedenteu.
