3625 5192
314 339 368 404 2110
596 327 597 330 ¹
664 337 924 418 Gcscbicbtsqnsllen
944 340 993 404 der
1011 339 1122 404 Prorinz
1142 340 1265 404 Sacbsen.

315 498 348 562 in
374 496 535 563 declinam
560 499 687 562 variant
715 499 817 564 latini.
865 497 1051 562 Ambrosius
1075 504 1182 562 noster
1208 496 1289 562 dicit
1311 495 1477 586 flagrem,
1506 495 1621 579 vulgus

315 603 481 682 Agnetem.
528 600 637 665 liciam
664 602 691 664 si
719 600 791 682 quis
821 599 939 664 dixerit
965 599 1128 682 Hagnam,
1156 619 1218 662 non
1246 599 1360 663 devius
1385 607 1478 665 errat.
1519 599 1622 663 Prisci

314 811 391 888 puto
414 805 587 869 vocabatur
608 805 715 888 puella
731 804 884 884 Romana,
905 803 979 868 dum
991 803 1231 888 Simpbroniusl
1254 805 1410 887 prefectus
1431 802 1518 867 urbis
1539 803 1623 867 banc

313 906 384 970 tulit
415 915 604 972 contentam
633 907 776 988 Haguem
808 907 998 987 sacrilegam
1030 907 1185 987 virginem
1217 905 1288 970 deis
1319 905 1548 988 blasphemiam
1576 906 1623 968 in-

313 1007 465 1074 ferentem
492 1016 627 1073 scortum
653 1008 861 1088 lupanaribus
887 1008 1004 1072 datam.
1050 1007 1114 1072 Sed
1142 1011 1218 1091 quia
1244 1007 1403 1091 pudicicie
1428 1005 1538 1072 florem
1559 1026 1621 1070 non

313 1111 422 1175 amisit
456 1131 541 1176 auno
580 1111 675 1176 etatis
704 1108 783 1175 Xlll
820 1111 979 1192 iugulata,
1020 1111 1094 1175 idco
1131 1106 1255 1194 aptet:
1292 1108 1410 1194 pudica
1450 1117 1623 1190 sanamque

313 1212 505 1278 Christianis
525 1221 573 1278 est
595 1212 691 1278 dicta.
733 1212 805 1290 Qua
826 1211 866 1277 de
888 1232 923 1277 re
942 1220 1029 1277 tuum
1050 1213 1101 1278 bis
1118 1212 1263 1278 versibus
1284 1212 1413 1294 exploro
1434 1210 1601 1274 iudicium:

555 1327 639 1405 Quid
661 1326 739 1409 vigil
762 1328 794 1391 in
817 1327 945 1411 templis
966 1347 1123 1411 peragens
1144 1327 1299 1392 solemnia
1319 1345 1412 1390 sacra

515 1429 657 1510 Virginis
679 1429 837 1512 Hagnetis
856 1432 962 1513 patrio
984 1429 1024 1492 de
1044 1430 1165 1520 semiue
1182 1428 1267 1494 clare

513 1530 626 1596 (lontio
648 1531 792 1606 cantarit,
815 1529 913 1595 dnbio
935 1531 1043 1615 procul
1064 1531 1135 1615 ipse
1155 1532 1299 1596 nostasti.

513 1632 596 1697 Nam
620 1651 694 1715 pars
716 1631 905 1714 Hagnetem,
925 1652 1000 1716 pars
1020 1633 1123 1697 altera
1141 1632 1277 1697 succinit
1297 1635 1430 1714 Agnem.

430 1761 433 1770 ¹
514 1733 566 1798 Da
586 1734 674 1813 mibi,
695 1753 756 1815 que
773 1742 829 1798 tua
849 1735 891 1798 sit
911 1734 1079 1814 sententia,
1103 1732 1178 1817 quid
1200 1735 1296 1800 breve
1316 1733 1405 1798 dicat

514 1834 679 1900 lllellilluil
703 1836 824 1919 patris?
865 1835 973 1913 Quid?
1014 1836 1049 1900 Si
1070 1837 1141 1918 quis
1163 1836 1285 1905 diceret
1305 1836 1474 1918 Hagnam‘?

382 1958 563 2005 Handsebril'tl.
585 1959 603 2004 p
614 1958 664 2006 229
684 1960 724 2005 iol.
739 1959 785 2004 153
793 1975 809 2004 v
819 1983 849 1991 ·-
860 1953 911 2005 154
917 1975 940 2007 v.
977 1958 1053 2007 Gedr.
1062 1959 1104 2006 bei
1114 1959 1157 2005 Ta.
1176 1960 1200 2007 S.
1212 1959 1256 2007 131
1266 1955 1357 2006 -132
1370 1974 1417 2005 roa
1427 1959 1508 2004 Hodie
1516 1965 1577 2018 'post
1587 1957 1624 2003 bia

312 2029 407 2077 diceret
425 2029 548 2089 Regnum.

381 2138 393 2169 ⁸
413 2135 445 2180 Ta
464 2135 631 2196 appellativis.
704 2118 768 2179 ι’115
786 2134 972 2194 Symphronins.
1043 2127 1054 2155 ⁰
1074 2135 1107 2180 Ta
1125 2124 1199 2196 ἁγνὴ.

313 2303 401 2409 214(
414 2339 458 2406 11.
478 2358 523 2406 an
545 2338 680 2407 Urban.
845 2338 963 2406 (lotha
985 2340 1090 2420 (lala.
1121 2339 1221 2406 liora
1234 2357 1301 2408 ror
1314 2337 1372 2408 aa:
1389 2336 1624 2423 September.)

383 2465 445 2514 blut.
458 2464 525 2524 uin,
552 2464 666 2524 cbgleieb
686 2479 711 2510 es
729 2465 780 2511 ihm
799 2465 893 2510 sobrrer
921 2465 1017 2524 werde,
1047 2465 1111 2512 doch
1134 2464 1232 2511 Urbana
1256 2465 1306 2510 aar
1333 2464 1449 2523 beiolgen
1470 2464 1522 2510 und
1544 2479 1623 2524 gegcn

314 2536 436 2595 Kbteling
463 2535 546 2581 niebts
574 2534 662 2580 walter
685 2535 874 2592 unteruebrnsn.
915 2533 950 2581 Er
972 2536 1056 2582 wiirdc
1081 2546 1142 2595 geru
1162 2535 1218 2581 dem
1237 2535 1351 2594 Petrcjus
1369 2536 1426 2581 eine
1444 2535 1580 2594 Wubuung
1597 2535 1625 2581 in

314 2607 408 2652 acinam
428 2605 542 2652 Eriurter
560 2604 644 2650 Hauso
663 2603 818 2664 eirrgcrdumt
839 2605 930 2652 baben.

395 2701 527 2766 Eruditn
548 2708 579 2765 et
601 2702 747 2785 inprimis
768 2703 911 2766 consulto
934 2702 1086 2786 magistro
1110 2702 1246 2767 Henrico
1266 2701 1442 2783 Urbano,
1465 2712 1626 2783 ceunomo,
1706 2761 1711 2766 Α

246 2822 249 2828 ’
315 2811 465 2886 munnam
486 2804 611 2886 parenti
633 2804 822 2884 venerando,
844 2804 1004 2868 blutianus
1024 2804 1133 2868 Rul'us.

396 2907 428 2972 S.
471 2906 603 2970 Gratum
625 2905 719 2985 mibi,
740 2905 824 2987 quod
845 2926 894 2970 me
918 2905 1084 2970 celandum
1107 2926 1170 2970 uon
1192 2909 1326 2992 putasti,
1348 2927 1389 2973 ne
1410 2909 1442 2974 in
1465 2907 1627 2994 proposito

315 3027 566 3092 perseverarem
594 3008 660 3070 l'ore
681 3008 780 3081 enim,
808 3014 843 3071 ut
864 3007 974 3071 hotius
996 3013 1069 3072 voto
1090 3006 1219 3073 fruatur.
1260 3009 1396 3075 Proinde
1417 3010 1625 3074 luctaciouem

316 3130 386 3174 cnm
409 3108 601 3176 adversariis
623 3117 655 3174 et
675 3110 805 3191 laqueos
825 3117 857 3173 et
879 3108 1031 3190 presidia,
1052 3129 1113 3191 que
1134 3118 1245 3174 contra
1259 3113 1497 3191 collocaveram,
1519 3112 1627 3178 tacitis

317 3213 529 3297 permitterem
552 3212 635 3275 latis.
677 3211 746 3292 ligo
767 3230 817 3274 me
838 3210 974 3294 pedibus
996 3212 1109 3275 iturum
1133 3211 1165 3274 in
1187 3215 1381 3278 sentenciam
1404 3222 1490 3279 tuam
1506 3216 1626 3280 dixisse

282 3362 287 3372 .
318 3314 446 3380 memini
468 3313 608 3394 nibilque
630 3321 903 3397 presumpturnm²
931 3313 1194 3377 inconsideratet
1248 3314 1345 3394 Nam,
1376 3324 1411 3380 ut
1441 3324 1490 3381 est
1517 3316 1627 3381 crebra

317 3435 386 3482 sors
404 3414 629 3484 calamitatum.
652 3415 816 3478 innumera
839 3413 917 3478 milri
935 3412 1123 3478 documenta
1138 3417 1316 3499 pacientieb
1332 3417 1464 3501 peperit
1495 3417 1627 3482 Moleste

317 3520 391 3598 tuli,
417 3516 500 3600 quod
527 3515 701 3581 admonitio
730 3524 786 3579 tua
811 3534 888 3580 saue
916 3516 1002 3580 iusta
1029 3522 1061 3579 et
1087 3518 1197 3598 gravis
1223 3517 1299 3582 feda
1327 3518 1530 3600 sugillatione
1563 3540 1627 3584 nou

319 3621 446 3687 caruit..
470 3618 618 3683 Incendit
643 3637 692 3683 me
719 3619 782 3681 ista
810 3617 968 3682 acerbitas
990 3637 1170 3700 quanquam
1191 3617 1487 3702 flagrantissimum,
1514 3627 1546 3686 et
1565 3640 1627 3686 nou

320 3721 609 3788 tamamarumfuit
629 3721 751 3785 l'ortune
772 3719 893 3783 viribus
914 3719 1126 3795 succubuisse,
1148 3739 1209 3801 que
1224 3741 1300 3785 ceca
1313 3729 1414 3798 estet,
1435 3730 1470 3786 nt
1485 3723 1630 3788 Plinius³

321 3825 438 3906 inquit,
469 3823 670 3906 indignorum
706 3823 839 3901 fautrix,
867 3841 961 3904 qnam
983 3823 1049 3906 pati
1071 3823 1213 3886 sublatos
1232 3823 1404 3888 cachinnos
1425 3843 1549 3906 eorum,
1575 3827 1628 3907 qui

321 3927 402 3992 bene
431 3927 573 3991 literatos
602 3931 819 4004 vexaresout
846 3924 941 4014 soliti.
983 3924 1076 3988 Nunc
1104 3924 1221 4008 Christi
1247 3926 1340 3991 nobis
1369 3927 1546 4009 exemplum
1574 3927 1659 4016 adg

322 4029 413 4094 ducis
437 4037 469 4092 et
494 4027 559 4107 vis,
587 4034 622 4090 ut
650 4026 741 4090 homo
770 4033 883 4089 natura
910 4026 1041 4108 paciens
1071 4025 1187 4090 bardus
1213 4028 1272 4090 sim
1301 4036 1334 4092 et
1358 4027 1505 4111 stupidus
1533 4036 1629 4111 atque

323 4131 403 4196 adeo
422 4129 545 4195 bebetis
570 4136 603 4193 et
626 4127 730 4192 obtusi
752 4127 870 4202 cordis,
906 4132 954 4208 ut,
986 4127 1069 4209 quod
1098 4129 1202 4192 sentio
1231 4129 1363 4209 vulnus,
1394 4150 1457 4194 non
1484 4132 1630 4195 sentiam.

392 4247 404 4276 ²
423 4254 456 4299 Ta
474 4256 680 4312 praesrrmturrrm.
754 4235 768 4271 b
788 4249 920 4309 patientia.

388 4419 399 4460 1
421 4421 562 4476 Bernbard
584 4439 637 4473 von
659 4418 811 4474 Clairvaux.
853 4419 918 4490 Vgl.
938 4418 982 4473 Br.
995 4419 1052 4472 206
1074 4418 1103 4473 S.
1118 4419 1176 4472 282
1198 4419 1279 4476 Auru.
1294 4421 1318 4474 l.

383 4499 397 4540 ‘2
419 4501 483 4572 Vgl.
496 4519 520 4556 u.
535 4519 558 4556 a.
574 4499 617 4556 Br.
633 4499 688 4552 194
704 4518 728 4554 u.
746 4501 811 4553 196.

384 4579 398 4622 ³
420 4581 493 4638 llist.
505 4589 561 4640 nat.
573 4581 611 4648 11,
621 4580 647 4637 ’1.
660 4579 708 4639 22.
