3625 5192
655 368 743 423 aare
760 367 881 424 urrerem
901 367 960 422 eae.
981 351 1063 421 aaa
1441 369 1493 423 cra

266 519 341 584 Heri
369 517 568 583 Sturtiadesl
597 517 678 582 abiit
706 518 807 582 rebus’
831 518 897 582 suis
924 516 1070 580 omnibus
1096 525 1151 580 ant
1177 515 1316 580 venditis
1342 524 1397 580 aut
1424 537 1491 599 pro-

186 622 321 704 scriptis.
364 621 453 685 Abiit
473 640 555 695 vero,
580 640 641 686 non
663 619 794 684 secessit
815 621 847 684 in
870 621 1034 699 antiquam
1058 619 1194 702 patriam
1222 619 1357 683 Montcm
1380 621 1493 684 Annae

185 725 261 789 iude
281 741 405 806 quoque
426 723 516 788 brevi
537 724 727 805 migraturus
748 723 780 786 in
792 721 901 786 Valles
913 720 1129 795 loaclimieaq
1152 721 1206 784 ubi
1228 721 1493 804 myropoliumiu·

186 827 289 890 stituit
314 833 382 890 tota
408 825 596 902 Germania,
625 844 687 887 non
708 825 754 889 ibi
776 830 896 888 tantum
920 823 1157 888 celeberrimum
1178 825 1328 903 l'uturum,
1350 824 1381 886 in
1405 823 1493 887 cuius

187 929 414 993 instauratione
444 927 509 991 iam
543 927 605 991 duo
636 927 726 990 milia
757 925 914 1009 impendit
942 926 1141 1007 impensurus
1173 925 1269 990 etiam
1302 925 1407 1009 plura,
1443 945 1493 991 me

187 1049 310 1112 qnoque
330 1030 418 1094 brevi
440 1049 477 1093 eo
499 1037 680 1105 vocaturus,
707 1037 742 1092 ut
760 1028 950 1111 simplicium
973 1036 1004 1092 et
1024 1027 1252 1092 confectionum
1274 1027 1376 1092 -sie
1395 1028 1494 1109 loqui-

187 1151 257 1196 mur
283 1132 441 1196 —doses
468 1151 507 1196 ae
533 1131 790 1213 dispensationes
819 1147 1014 1212 cognoscens
1046 1127 1210 1193 addiscam
1243 1149 1292 1194 res
1322 1129 1364 1193 ad
1391 1121 1494 1212 πράξιν

188 1233 280 1298 istam
306 1241 443 1297 nostram
476 1235 613 1298 nraximc
647 1233 852 1297 necessarias.
903 1231 1046 1312 Indeque
1074 1233 1105 1294 in
1137 1231 1265 1312 aliquod
1293 1233 1492 1314 gymnasium

188 1355 245 1420 pro
272 1335 434 1400 sumendis
461 1335 562 1400 titulis
586 1335 767 1400 secedam.2
816 1334 883 1416 llqc
912 1334 954 1398 ad
980 1339 1010 1397 te
1039 1333 1175 1398 breviter
1196 1333 1236 1396 de
1257 1334 1350 1398 rebus
1371 1341 1402 1396 et
1423 1355 1493 1398 eou-

188 1438 271 1502 siliis
292 1439 407 1501 nostris
430 1438 559 1522 scripsi,
588 1438 681 1502 simul
702 1447 737 1502 ot
758 1444 789 1501 ct
808 1437 868 1501 tibi
890 1435 1049 1501 scribendi
1072 1443 1289 1517 argumentum
1312 1435 1495 1500 iamdudum

188 1540 324 1605 cessanti
346 1540 617 1604 subministrarem
639 1547 671 1606 et
689 1558 828 1604 mearum
849 1557 974 1621 quoque
995 1537 1155 1602 literarum
1177 1537 1261 1618 apud
1285 1545 1316 1602 te
1333 1540 1494 1602 raritatem

187 1641 295 1722 aliqua
321 1642 444 1706 ratione
466 1642 629 1722 carcirem,
656 1643 685 1705 si
706 1661 857 1706 excusare
878 1661 939 1705 nou
963 1660 1104 1719 possem,
1126 1640 1158 1704 id
1179 1639 1262 1721 quod
1285 1659 1378 1721 posse
1400 1640 1495 1722 plane

186 1743 379 1808 ditlidebam.
426 1744 619 1824 Sturtiades,
648 1750 682 1807 ut
708 1763 746 1808 eo
772 1743 912 1820 redeam,
939 1742 1076 1808 offensus
1097 1741 1245 1806 ciuilibus
1267 1740 1436 1806 discordiis
1458 1762 1496 1806 ac

188 1845 325 1926 publicis
351 1846 537 1910 tumultibus
563 1846 658 1910 etiam
679 1846 774 1909 robus
793 1844 903 1926 schole
924 1864 1048 1926 semper
1069 1844 1100 1909 in
1124 1843 1264 1908 deterius
1285 1843 1497 1907 abeuntibos³

188 1967 227 2011 eu
250 1947 347 2011 nido-1
376 1949 438 2010 iam
462 1948 568 2012 multis
585 1947 787 2012 adminiculis
808 1947 886 2009 tulto
907 1947 1073 2011 evolavit.²
1123 1947 1257 2009 Domum
1282 1946 1408 2027 reliquit
1429 1947 1497 2030 pul-

189 2048 361 2113 cherrimab
382 2032 570 2131 edificatam,
595 2069 698 2131 agros,
721 2049 836 2127 hortos,
856 2049 976 2124 vincas,
1001 2049 1129 2126 reditus,
1152 2068 1214 2130 que
1235 2049 1339 2112 omnia
1358 2047 1406 2112 vel
1423 2069 1497 2113 veu-

189 2148 288 2225 didit,
310 2157 345 2214 ut
364 2151 451 2232 dixi,
472 2151 523 2216 vel
545 2152 673 2216 venalia
695 2151 888 2234 proscripsit.
931 2151 1161 2216 Bibliotbeoam
1184 2157 1214 2214 et
1235 2169 1361 2214 uxorem
1383 2157 1498 2216 utram-

189 2271 251 2334 que
276 2261 485 2334 pregnantem
515 2274 621 2318 seeum
646 2252 785 2318 abstulit.
834 2253 887 2316 Dii
917 2260 1043 2317 servent
1069 2252 1160 2316 nobis
1186 2259 1351 2334 patronum
1379 2252 1498 2336 optime

190 2365 374 2435 merentem,
398 2377 457 2420 non
481 2357 521 2420 de
542 2356 633 2421 uobis
652 2358 758 2433 modo,
785 2354 840 2420 scd
863 2354 956 2420 etde
979 2356 1124 2420 universo
1146 2354 1355 2418 studiosorum
1377 2355 1498 2432 ordine,

190 2455 236 2518 tui
269 2457 519 2520 amantissimum
545 2457 789 2539 cumprimisqoe
821 2456 1030 2520 eruditionem
1059 2456 1150 2519 istam
1179 2463 1263 2520 tuam
1290 2457 1438 2519 eximiam
1467 2465 1499 2520 ct

191 2559 323 2622 virtutes
343 2578 483 2622 surrmras
504 2557 722 2622 arlrrrirantem.
772 2559 900 2622 Multam
929 2557 1080 2621 indictam
1104 2559 1364 2641 populatoribus5
1385 2559 1499 2622 vestris

191 2681 248 2724 nos
270 2661 321 2724 bic
342 2660 518 2741 gaudemus
539 2669 572 2723 et
591 2660 787 2741 gratulamur
807 2660 898 2723 nobis
921 2659 1081 2740 vobisque.
1120 2659 1294 2724 Pertinebit
1315 2661 1373 2724 hoe
1394 2680 1498 2725 exem-

142 2748 145 2756 ’
191 2762 275 2845 plum
298 2761 340 2825 ad
361 2762 498 2844 reliquos
519 2762 603 2825 idem
625 2772 802 2834 conaturos,
826 2780 865 2824 ue
886 2768 950 2824 tam
975 2761 1142 2842 praecipiti
1165 2763 1303 2826 uolentia
1325 2781 1395 2826 sese
1412 2762 1500 2826 dein-

190 2884 266 2946 ceps
293 2872 368 2928 cant
395 2863 561 2947 perditum.
614 2863 655 2925 Et
688 2863 830 2925 imminet
857 2864 994 2942 prolecto
1022 2861 1130 2924 horum
1161 2870 1334 2945 temporum
1356 2865 1498 2941 mutatio,

192 2967 276 3028 baud
299 2985 455 3047 quaquam
477 2965 656 3028 diuturnum
679 2984 749 3028 esse
772 2971 883 3047 potest,
905 2962 988 3043 quod
1006 2983 1025 3025 a
1041 2964 1311 3048 rualisprincipiis
1328 2969 1499 3046 profectum

191 3078 241 3131 est
260 3068 435 3132 eonsilium.
469 3069 570 3132 'l'uam
593 3067 801 3131 constantiam
823 3067 853 3128 in
877 3065 926 3128 bis
949 3066 1106 3148 periculis,
1128 3067 1190 3130 imo
1211 3067 1242 3130 in
1265 3067 1324 3132 bac
1344 3068 1500 3132 communi

192 3170 365 3253 Germanic
394 3171 531 3234 stultitia
562 3187 670 3232 ournes
699 3168 773 3232 boni
803 3166 1016 3247 admirantur,
1047 3187 1104 3230 nos
1135 3169 1166 3230 in
1199 3170 1319 3232 coelum
1353 3168 1501 3232 laudibus

193 3273 347 3353 tollimus,
369 3273 493 3354 quoties
516 3291 618 3335 sermo
639 3271 680 3334 de
701 3278 732 3334 te
754 3268 880 3343 incidit,
906 3268 1020 3333 incidit
1041 3277 1144 3334 autem
1168 3290 1265 3352 saepe
1283 3271 1314 3334 in
1338 3271 1501 3336 familiari-

266 3412 277 3438 ²
295 3419 328 3464 Te
346 3418 461 3466 uvolarit.
532 3402 545 3439 b
564 3419 598 3463 Te
614 3416 770 3477 pulcerrima.

195 3579 363 3588 ...φ-...ψῃ
373 3582 398 3586 ..-

256 3681 267 3723 ¹
288 3686 352 3757 vgl.
369 3687 439 3740 iiber
455 3688 502 3739 ihn
521 3686 563 3740 Br.
578 3685 635 3744 619,
654 3687 750 3742 8296
772 3682 854 3740 arins.
867 3686 892 3739 4.
927 3685 963 3738 Er
975 3687 1050 3739 hatte
1063 3685 1165 3739 boroits
1178 3685 1214 3738 im
1228 3684 1304 3736 Miiru
1319 3682 1394 3738 1525
1406 3683 1500 3737 Erfurt

199 3767 347 3834 verlasoon,
372 3786 447 3820 muse
473 3767 531 3821 also
558 3768 630 3820 uach
655 3767 757 3819 diesem
782 3765 873 3819 Briofe
894 3766 1078 3820 mittlorweila
1102 3765 1153 3819 auf
1171 3765 1253 3818 kurze
1274 3763 1333 3818 'huit
1354 3763 1503 3836 zuriiclrgc·

196 3846 280 3900 kenrt
297 3847 364 3900 sciri.
406 3845 468 3918 vgr.
490 3848 614 3917 dagegcn
637 3847 751 3900 Krausc.
774 3846 920 3903 E.llessus
942 3846 963 3901 I.
985 3847 1052 3902 398.

257 3940 270 3982 ²
292 3944 386 3998 Ueber
406 3945 451 3998 die
472 3944 686 3998 medicinischen
708 3943 822 3999 Studien
844 3945 892 3997 des
914 3943 1017 3997 Hessos
1038 3944 1092 4014 vgl.
1115 3942 1159 3996 Br.
1180 3942 1236 4016 ql?
1260 3943 1316 3996 und
1339 3942 1405 3996 619.
1446 3941 1500 3996 Die

195 4042 248 4078 von
283 4025 338 4077 ihm
374 4019 506 4095 goplaute
537 4024 759 4093 Ucbcrsiedluug
788 4025 860 4077 nach
893 4024 1096 4078 doachimathal
1128 4025 1184 4076 und
1210 4026 1304 4092 spiiter
1328 4023 1400 4076 nach
1427 4023 1501 4076 einer

195 4104 453 4160 Universitiitsstadt
480 4123 528 4156 zur
549 4105 709 4174 Erlangung
734 4105 783 4157 der
807 4103 1011 4158 Doktormiirdc
1038 4104 1101 4157 kam
1123 4103 1207 4159 ,nicht
1233 4121 1267 4155 zu
1287 4102 1396 4158 Standc.
1438 4102 1501 4172 vgl.

196 4183 314 4240 Krousa.
339 4185 368 4239 E.
386 4186 489 4238 llrssus
511 4185 532 4239 l.
555 4184 721 4237 398-3uo.

256 4277 271 4320 3
292 4283 355 4352 Vgl.
378 4282 586 4351 Kampscbultc.
612 4281 665 4334 Die
688 4281 858 4335 Univomitiit
880 4281 974 4334 Erfurt
995 4281 1031 4342 ll,
1053 4282 1079 4336 S.
1095 4281 1261 4333 aaa-2⁶27.

257 4374 270 4415 ⁴
288 4380 368 4432 Stura
388 4379 498 4432 wobuto
518 4377 545 4430 iu
567 4379 628 4431 dom
654 4379 746 4430 Hauso
767 4397 815 4431 zur
836 4379 1019 4450 Eugelsburg,
1040 4380 1088 4431 das
1109 4379 1181 4431 oirrst
1202 4379 1250 4432 des
1271 4377 1499 4431 llossusSehwio·

195 4466 323 4530 gervatcr
346 4460 473 4512 besesseu
491 4459 574 4512 hatte.
616 4459 695 4513 Naclr
718 4459 832 4512 Kranae.
854 4458 884 4513 E.
896 4459 1000 4512 Hcssus
1021 4459 1044 4529 l,
1067 4459 1132 4511 238.

257 4551 272 4594 5
293 4555 355 4627 Vgl.
381 4555 428 4612 Br.
440 4555 507 4610 625.
