3625 5192
325 387 377 462 832
699 392 960 464 Gcsebiebtaqueilen
978 396 1026 450 dar
1044 395 1119 452 Prur.
1138 397 1262 454 Saebsen.

322 560 416 622 quam
443 543 621 607 anxietates
647 548 839 607 senectutem
865 543 1010 608 afferunt,
1059 545 1169 629 Itaque
1195 547 1221 611 si
1243 547 1324 612 istuc
1345 567 1475 624 venero,
1504 550 1629 615 videbis

321 642 475 708 Thumam
522 664 642 723 mnam,
692 645 786 708 immo
827 644 1038 730 decrepitum,
1085 667 1212 728 canum,
1253 649 1391 730 calvum,
1434 651 1626 734 edentulum,

322 757 451 810 mucce·
487 752 520 808 et
555 746 673 828 pedore
712 747 816 829 magis
852 747 1022 812 deformem
1062 769 1155 831 quam
1189 771 1265 817 auro
1299 758 1331 816 et
1368 759 1500 836 argento
1539 773 1630 819 unns-

322 855 397 912 tum.
442 847 528 913 Vale.

322 1050 352 1117 M
390 950 590 1116 ¹ppgentine,
641 949 765 1016 Cursim
792 971 831 1015 ex
869 952 983 1035 edibus
1014 955 1130 1020 nestris
1157 955 1265 1020 idibus
1292 955 1487 1022 Decembris.
1538 959 1629 1023 Anne

357 1051 385 1115 D
422 1052 458 1116 i.

394 1176 469 1224 Gedr.
498 1177 605 1224 lcarrnaa
632 1177 730 1224 Gerana
745 1174 751 1238 Ι
767 1180 798 1225 da
824 1180 925 1227 miseria
951 1181 1067 1228 bumana.
1089 1176 1093 1240 Ι
1113 1182 1219 1228 Ioannes
1243 1181 1386 1238 aeuningen
1425 1186 1515 1242 quartu
1544 1184 1627 1230 Nonas

321 1245 407 1292 Martii
426 1262 493 1294 anno
514 1244 516 1273 i
538 1246 570 1293 bi.
580 1248 611 1294 D.
623 1248 652 1294 V.
673 1250 810 1304 Amantius
828 1251 994 1310 imprimebat.
1014 1251 1095 1298 aaut.
1114 1249 1149 1298 4⁰
1166 1252 1208 1298 sol.
1228 1251 1413 1299 va-Cir.
1455 1252 1500 1297 ,im
1519 1254 1626 1299 Scblame

321 1315 429 1374 befimlm
455 1317 506 1363 sich
529 1317 673 1376 diostbriese
699 1319 750 1364 aad
775 1319 891 1365 Gede'cbte
921 1335 952 1366 arr
980 1321 1025 1367 ΤΙι.
1042 1321 1110 1380 Wolf
1125 1337 1170 1367 urta
1193 1321 1364 1381 Veraaluamnp
1387 1322 1428 1369 des
1453 1322 1628 1369 Hirtacbes'deua

322 1388 398 1432 asim
415 1386 528 1434 Bradera.
571 1387 633 1442 (Das
656 1387 724 1434 Werk
746 1405 792 1436 uua
816 1391 859 1441 bb.
879 1391 1000 1450 Schmidt,
1028 1392 1105 1437 scoria
1129 1391 1175 1437 Bd.
1195 1392 1225 1436 11
1245 1393 1264 1438 S
1287 1388 1402 1438 58-86
1423 1392 1474 1438 used
1495 1387 1550 1438 397
1572 1392 1627 1440 dher

323 1456 400 1502 Laden
421 1455 473 1502 aad
492 1458 614 1516 &hrasten
632 1457 674 1504 deu
692 1460 736 1504 Tb.
756 1460 823 1518 Wolf
835 1460 964 1519 ptbauddt
981 1461 1044 1506 rcird
1063 1461 1114 1507 aad
1138 1461 1217 1521 obiper
1235 1463 1315 1508 lbaek
1339 1463 1454 1508 vcrmcrkt
1470 1463 1543 1522 aelst,
1572 1465 1625 1509 baua

320 1528 367 1571 mir
384 1532 431 1572 erat
453 1541 482 1572 za
505 1527 609 1586 Gesicbt,
629 1529 668 1574 ula
684 1530 758 1574 meins
776 1529 885 1588 Aaapube
906 1530 949 1575 der
967 1531 1137 1590 silutiaabriefc
1156 1533 1207 1578 sich
1227 1532 1312 1578 bercia
1332 1539 1401 1578 unm
1423 1533 1467 1577 der
1485 1533 1566 1580 Reuss
1586 1533 1622 1579 be·

316 1597 397 1656 saud.
430 1595 466 1642 Ec
479 1591 568 1642 'kanna
583 1597 661 1643 daber
682 1599 761 1645 dieser
776 1600 826 1645 uad
844 1599 884 1645 die
903 1599 988 1646 beiden
999 1601 1132 1661 solpeadea
1146 1601 1228 1661 Briese
1246 1609 1293 1648 ersi
1307 1601 1360 1648 beer
1376 1603 1474 1662 pcpcbea
1495 1600 1609 1665 scer-deu.)

393 1696 506 1750 'mucre
524 1702 557 1748 im
574 1702 663 1750 Druck.

322 1953 407 2023 640.
428 1953 472 2026 u.
493 1973 541 2022 au
561 1954 716 2022 Thomas
741 1953 845 2022 Wolf.
1101 1957 1218 2026 batua
1232 1957 1329 2028 1504.
1357 1957 1557 2025 December
1567 1960 1623 2030 ab.

390 2075 455 2130 Μαι,
475 2081 548 2126 sucht
565 2080 618 2126 sieb
637 2080 688 2126 und
705 2079 793 2126 seinen
812 2080 912 2126 Freund
939 2080 1000 2127 iiber
1023 2081 1073 2126 deu
1094 2081 1195 2128 Ver-lust
1219 2081 1262 2128 des
1284 2081 1392 2128 Bruders
1411 2096 1441 2128 au
1459 2086 1557 2129 trdatan
1574 2085 1623 2130 und

320 2149 421 2208 maidet,
440 2149 488 2195 wie
506 2149 559 2195 sein
573 2149 690 2208 jiingatsr
707 2150 779 2195 Briei
794 2151 857 2195 auch
877 2150 904 2194 in
923 2144 1037 2209 Spalatiu
1058 2151 1132 2197 ainau
1154 2151 1320 2198 Bewuudcrer
1336 2151 1469 2210 gerunden.
1505 2153 1540 2199 Er
1558 2154 1621 2200 habe

320 2218 346 2264 iu
369 2219 417 2266 den
440 2220 535 2266 lstaten
559 2219 644 2279 Tagen
666 2219 717 2265 viai
740 2219 795 2266 zara
818 2220 865 2265 anf
885 2220 926 2266 dis
945 2220 1075 2278 Erruttung
1101 2221 1184 2270 asinar
1206 2221 1403 2281 priuatas-lichen·
1416 2221 1624 2282 Obiiegenbeiteu

322 2291 473 2336 vermendes
492 2292 599 2350 mmsan,
617 2290 687 2336 seins
702 2289 893 2336 Musseatunden
912 2290 972 2336 suilla
991 2305 1018 2337 er
1038 2291 1083 2336 mit
1102 2292 1182 2338 Leaen
1200 2306 1252 2338 aus.
1309 2353 1313 2363 .

364 2439 367 2444 .
402 2388 562 2453 Mutianns
580 2385 680 2452 Rufus
699 2387 917 2468 antiquarius,
947 2387 1151 2453 Decretcrum
1172 2387 1290 2470 duntur,
1311 2388 1434 2471 Thomu
1460 2388 1624 2474 Vuolpbiu.

321 2493 351 2554 S.
377 2489 414 2554 D.
433 2490 468 2556 P.

399 2592 697 2675 Inepteprccamur,
719 2599 752 2655 ut
775 2592 889 2657 multus
909 2590 964 2657 det
979 2592 1098 2677 Iupiter
1118 2614 1228 2660 annus.
1269 2595 1551 2676 MeliusSncrates,
1571 2596 1624 2678 qui

320 2695 398 2758 nibil
420 2693 681 2776 ultrapetendum
704 2713 725 2756 a
746 2693 811 2759 diis
831 2693 1054 2775 arbitrabatur,
1075 2714 1169 2777 quam
1192 2704 1225 2759 ut
1245 2697 1330 2762 buna
1351 2697 1532 2761 tribuerent.
1560 2697 1625 2762 Hoc

319 2810 391 2858 utar
412 2815 471 2876 ego
492 2795 653 2858 Socratico
674 2795 840 2859 breviario.
884 2795 1002 2860 Eodem
1032 2815 1104 2861 usos
1127 2805 1203 2882 puto
1229 2800 1361 2864 i'ratresl
1388 2805 1511 2864 nostrus
1532 2805 1565 2864 et
1585 2799 1624 2862 ob

319 2895 351 2960 id
376 2904 519 2976 mortem,
548 2896 688 2980 prefectu
709 2917 774 2961 rem
795 2897 925 2961 minime
946 2897 1077 2979 maiam,
1105 2898 1306 2982 impetrasse,
1335 2901 1404 2964 sive
1432 2901 1474 2964 ad
1495 2919 1624 2982 campus

321 2998 444 3082 Elysios
472 2999 541 3064 sive
569 2998 610 3062 ad
633 2999 716 3064 luris
739 2998 845 3064 aulam
872 3000 943 3064 sive
969 3000 1011 3063 ad
1044 3008 1185 3082 eternam
1217 3003 1356 3083 requiem
1382 3001 1624 3085 proficiscamur.

319 3101 401 3165 Nam
433 3101 488 3183 qui
518 3100 559 3164 de
589 3102 698 3166 inseris
728 3121 838 3184 pamm
868 3101 935 3183 leta
966 3113 1111 3183 narrant,
1145 3103 1268 3186 poetico
1302 3103 1444 3167 nituntur
1472 3103 1619 3185 auspitio.

318 3202 382 3266 Sed
412 3203 464 3285 pie
497 3202 688 3268 credendum
717 3212 765 3268 est
787 3204 899 3284 aetites
926 3202 1049 3267 demum
1081 3205 1160 3268 bene
1192 3223 1298 3282 nosse,
1330 3204 1406 3286 quid
1439 3206 1553 3288 cuique
1584 3207 1625 3270 sit

319 3305 405 3380 utile,
422 3323 497 3389 eum
517 3325 592 3370 vero
614 3305 789 3385 sapientem
810 3305 965 3386 assequi
987 3325 1021 3370 se
1044 3306 1164 3369 iliorum
1191 3307 1352 3389 permittat
1381 3305 1521 3372 arbitrie.
1566 3307 1624 3370 lta·

318 3426 380 3486 qaue
400 3426 463 3471 neu
484 3419 541 3486 est,
561 3414 596 3470 ut
618 3413 745 3489 propter
765 3407 923 3471 extinctus
943 3426 1110 3489 germanos
1132 3408 1163 3472 in
1186 3427 1296 3472 mxurn
1318 3409 1403 3472 velut
1423 3408 1498 3472 oiim
1520 3408 1623 3473 Niobe

317 3508 427 3573 liberis
451 3509 517 3573 suis
545 3508 657 3573 orbata
682 3516 849 3572 vertamur.
897 3508 1038 3584 Quodsi
1066 3509 1175 3590 citius,
1198 3529 1290 3592 quam
1314 3511 1494 3594 opinamur,
1516 3529 1622 3575 ennae-

318 3610 425 3675 nuisse
450 3616 621 3693 appareat,
656 3611 820 3675 termusinr
852 3617 1030 3675 esttamen
1058 3611 1117 3692 bec
1146 3612 1370 3695 intempestiva
1398 3619 1543 3676 senectus
1569 3619 1624 3676 tua

319 3713 556 3795 speciosissima
569 3712 747 3776 Alcibiadis
768 3713 941 3777 iuventute.
986 3712 1080 3795 Viget
1100 3713 1183 3778 eninr
1204 3733 1317 3778 nomen
1339 3721 1435 3790 tuum,
1455 3713 1558 3795 spirat
1578 3713 1623 3778 in·

317 3814 461 3896 genium,
492 3813 582 3878 floret
602 3814 756 3886 eruditio.
788 3833 851 3895 que
880 3823 943 3877 tam
972 3814 1034 3878 iate
1063 3812 1247 3896 divagatur,
1279 3821 1313 3878 ut
1334 3815 1432 3896 digna
1454 3816 1572 3897 seculis
1592 3823 1624 3880 ct

317 3915 436 3980 nullum
470 3916 523 3997 evi
550 3917 646 3981 telum
680 3916 902 3997 pertimescere
930 3916 1083 3980 videatur.
1139 3915 1214 3980 Mihi
1248 3915 1376 3998 quidem
1405 3916 1510 3998 fulgur
1539 3915 1623 3980 iliius

318 4035 413 4097 quum
434 4017 516 4082 alias
537 4026 602 4082 tum
622 4019 760 4082 maxime
781 4019 814 4082 in
835 4018 950 4082 litteris
967 4019 1031 4083 tuis
1042 4019 1224 4084 novissimis
1245 4018 1402 4102 apparuit.
1434 4015 1622 4095 Deusbone‚

318 4125 438 4198 quauta
460 4119 655 4194 urbanitate,
678 4121 807 4201 quantis
828 4121 1053 4184 sententiarum
1076 4119 1247 4184 luminibus
1269 4139 1323 4184 eas
1345 4120 1512 4184 refersisti!
1554 4120 1624 4196 Qun

318 4221 429 4303 accepi
448 4229 599 4303 tempore,
619 4221 677 4285 fuit
698 4239 817 4285 mecum
830 4221 1025 4303 Spalatiuus,
1047 4221 1163 4302 probus
1185 4227 1217 4285 et
1238 4221 1393 4286 litteratus
1414 4222 1545 4292 iuvenis,
1568 4220 1622 4302 uui

318 4333 441 4386 nostras
462 4323 558 4387 hasce
579 4343 629 4387 me
649 4323 790 4388 dictante
811 4324 998 4402 conscribit,
1019 4323 1218 4406 Spalntinus,
1242 4324 1385 4404 iuquam,
1408 4332 1442 4385 ut
1462 4331 1533 4386 tuas
1554 4342 1622 4405 per·

381 4617 392 4657 1
414 4621 478 4692 Vgl.
499 4621 551 4673 den
573 4621 685 4691 rorigeri
708 4621 794 4685 brief,
814 4621 866 4674 auf
884 4621 1006 4675 welcben
1028 4621 1118 4674 dieser
1139 4621 1182 4674 die
1202 4621 1329 4675 Antwurt
1348 4621 1391 4675 ist.
