3625 5192
615 333 704 404 irruere
722 349 842 404 nuntians
860 332 921 402 ara.
941 349 1001 406 art.
1018 349 1077 404 urs.
1450 324 1501 402 aar

196 492 350 580 Ignavum
376 497 425 562 ris
448 517 517 564 esse
540 505 634 580 atque
654 498 797 578 inertem,
819 499 911 580 quasi
938 498 1151 565 testimouium
1172 497 1251 562 illud
1271 505 1359 584 tuum
1379 519 1442 565 nou
1462 499 1506 564 ait

195 595 282 683 ἀργὸς
302 593 400 684 λόγος,
422 600 526 680 idest,
547 601 667 681 ignava
687 601 777 680 ratio,
797 601 848 664 cui
861 601 888 664 si
904 619 1082 684 pareamus,
1101 601 1181 665 nibil
1197 609 1248 666 est
1260 601 1396 677 omniuo,
1419 601 1503 684 quod
1585 667 1589 672 .

193 721 326 784 agamus
355 704 386 766 iu
411 703 486 768 vita.
533 704 596 768 Sed
624 703 699 784 quia
725 701 816 767 rides
842 702 930 768 nulla
958 704 1080 768 ratione
1105 704 1185 767 uerti
1214 722 1309 787 ponae
1334 703 1504 768 Lotiauum

103 871 111 882 ,
194 803 424 869 incommodum
447 841 484 850 —-
505 811 627 870 tautum
647 805 746 889 pollet
765 804 964 869 inimicorum
987 805 1186 889 conspiracio
1209 841 1242 851 —
1267 805 1415 888 prudenti
1433 825 1504 870 cou-

192 907 264 970 silio
286 906 385 986 iubes,
405 913 440 970 ut
462 925 590 991 parcam
611 907 880 972 sollicitudinibus
901 915 934 972 et
954 907 1047 984 curis,
1070 925 1132 985 que
1153 908 1294 989 vigorem
1315 908 1414 972 animi
1430 909 1503 972 sub

193 1005 306 1072 rodunt
333 1013 365 1070 et
392 1007 632 1090 tranquillitatis
658 1008 788 1072 avidum
816 1027 878 1072 uon
903 1009 1011 1072 sinunt
1030 1027 1117 1074 essse
1137 1010 1351 1091 tranquillum.
1390 1009 1504 1092 Itaque

193 1110 294 1174 amice
317 1110 566 1193 simpliciterque
587 1111 735 1176 confiteor
755 1129 804 1174 me
826 1131 888 1176 nou
907 1111 1095 1194 improbare,
1118 1111 1202 1193 quod
1212 1113 1361 1178 consulis.
1402 1115 1503 1195 Argu-

193 1218 296 1277 meuto
322 1213 366 1276 sit
393 1212 581 1277 cavillacio¹
609 1231 789 1292 numerosa,
822 1232 918 1294 quam
944 1214 1108 1278 recreandi
1139 1214 1239 1280 animi
1263 1216 1374 1296 gracia
1393 1215 1504 1297 paucis

148 1301 153 1309 ¹
181 1323 266 1382 ,ante
284 1313 397 1378 diebus
413 1313 455 1378 ad
475 1322 507 1378 te
524 1313 608 1378 dedi.
648 1313 733 1393 Quid
750 1314 834 1382 euim
852 1315 967 1380 attinet
984 1316 1016 1380 iu
1029 1316 1122 1381 malis
1132 1323 1274 1381 eternum
1286 1317 1505 1399 ingemiscere,

193 1399 261 1479 cu'm
284 1414 375 1480 bouis
397 1423 550 1500 perpetuo
571 1417 631 1480 frui
655 1435 716 1480 uon
739 1417 905 1499 possimus.
948 1417 1058 1483 liciam
1079 1419 1193 1502 spiritu
1214 1420 1358 1502 precario
1379 1420 1503 1484 utimur.

193 1515 338 1600 Repetat,
359 1519 413 1600 qui
434 1517 524 1583 dedit
545 1527 577 1582 et
600 1517 759 1583 videbitur
780 1520 886 1584 iuauis
907 1519 1005 1586 t'uisac
1026 1527 1158 1585 conatus
1176 1527 1291 1586 noster.
1332 1521 1404 1587 Non
1419 1523 1503 1586 euim

193 1627 323 1684 externa
340 1619 503 1685 uobiscum
515 1621 693 1684 aulcrimus.
736 1619 831 1702 Ergo,
852 1622 893 1684 mi
908 1621 1046 1701 Urbane,
1067 1631 1185 1688 rectum
1197 1623 1314 1688 dedisti
1327 1624 1505 1690 consilium.

193 1720 262 1785 Nec
284 1723 353 1786 sine
374 1721 502 1804 effectu,
529 1722 569 1787 de
589 1723 696 1788 Stoico
725 1724 809 1788 enim
836 1725 1008 1788 maximum
1032 1725 1172 1790 Stoicum
1200 1735 1233 1790 et
1257 1727 1348 1808 quasi
1371 1726 1504 1792 alterum

193 1822 395 1905 Epictetumh
420 1825 533 1889 l‘ecisti
581 1825 747 1906 Reliquum
776 1833 840 1905 est,
867 1833 901 1890 ut
928 1828 1067 1891 animum
1098 1846 1119 1890 a
1145 1841 1266 1892 uterere
1293 1829 1336 1892 ed
1362 1828 1504 1894 leticiam

192 1945 383 2010 revocemus.
426 1925 564 1992 Casam²
585 1933 723 1992 nostram
745 1928 880 1992 libenter
900 1930 1113 2011 patefacerem
1133 1929 1276 2006 Petreio,
1304 1931 1504 1995 ornatissimo
1589 1993 1593 2000 .

192 2027 313 2107 iuveni,
348 2027 407 2092 uisi
442 2029 559 2094 ianitor
594 2029 768 2111 inquilinus
793 2029 970 2094 obaudiret.
1018 2031 1093 2109 Qui,
1127 2050 1239 2112 queso,
1270 2032 1346 2115 pelli
1380 2033 1505 2116 potest?

192 2128 269 2194 Cum
289 2137 421 2213 appetat
442 2129 512 2195 dies
533 2129 717 2212 archangeli
740 2131 907 2196 locationis
927 2133 1115 2214 auspicium,
1137 2134 1267 2198 incivile
1289 2134 1422 2198 liabetur
1442 2154 1503 2198 uon

193 2230 271 2295 dare
292 2235 435 2315 spacium
458 2233 691 2314 sesquimeuse,
719 2253 781 2314 quo
804 2233 865 2298 sibi
888 2236 1071 2317 prospiciat.
1112 2236 1224 2300 Scribo
1244 2238 1285 2300 de
1313 2256 1346 2300 re
1369 2237 1440 2320 ipsa
1461 2237 1504 2301 ad

192 2332 393 2413 Martinum³,
419 2353 457 2398 ex
481 2353 556 2416 quo,
579 2336 655 2417 quid
677 2333 744 2399 fieri
769 2336 1076 2418 possit,iutelliges.
1117 2337 1185 2402 Nos
1206 2339 1350 2402 feremus
1370 2339 1504 2419 Petreio,

192 2455 254 2498 uou
272 2436 466 2500 lastidicudo
484 2436 759 2515 iuris-candidato,
781 2444 813 2500 ut
836 2439 884 2502 cui
905 2439 978 2503 uatis
994 2439 1177 2521 precordiis.
1223 2439 1306 2504 Vale.
1348 2439 1505 2507 Vocantur

192 2537 234 2602 ad
255 2539 391 2621 epulum.
435 2539 577 2608 Daturne
596 2538 741 2621 aliquid?
782 2540 817 2602 Si
838 2538 942 2622 datur,
962 2542 1072 2604 sciam.
1107 2603 1114 2612 ,

273 2639 321 2704 Ex
343 2640 456 2706 Gotho.

262 2763 535 2812 necessariaruteu
556 2764 802 2812 lol.l:'rlv-152r.
841 2765 1184 2814 Gour.n.uzs.130-1tr
1205 2782 1252 2812 eoa
1266 2767 1371 2814 Gratum
1390 2767 1452 2814 milui
1466 2767 1504 2814 bia

192 2833 319 2892 pacientie
338 2836 444 2895 peperit.

262 2931 275 2960 ²
293 2939 436 2998 Epltectum
454 2940 482 2985 r'rr
499 2941 527 2992 ll.

749 3009 950 3017 ---.-

193 3102 269 3175 alo.
291 3103 336 3176 ll.
356 3123 402 3171 au
425 3104 558 3176 Urban.
934 3107 1068 3188 (liotba
1078 3108 1186 3189 1512.)
1218 3106 1429 3192 September
1442 3111 1500 3182 80.

263 3229 323 3276 Mul.
343 3229 397 3276 lobt
412 3229 496 3290 Verus,
516 3232 609 3277 welche
624 3231 709 3278 Urbem
727 3247 760 3278 arr
779 3232 822 3278 ihu
844 3233 969 3292 gericlrtet
986 3234 1037 3280 bat.
1074 3233 1109 3278 Er
1127 3233 1211 3292 bitlet,
1229 3235 1275 3280 aus
1285 3235 1362 3294 jadon
1374 3235 1429 3282 roll
1449 3235 1500 3282 ilum

192 3299 240 3344 deu
260 3301 346 3346 Cicero
365 3315 394 3344 zu
413 3299 504 3345 kauleu
527 3301 577 3346 und
598 3301 647 3347 deu
666 3303 737 3348 Briel
754 3317 788 3348 au
806 3302 936 3363 Mysterrer
952 3304 1023 3348 uicbt
1043 3304 1196 3362 nbzugebeu.

272 3397 421 3461 Erudit0²
446 3403 477 3462 ct
503 3398 649 3482 inprimis
669 3401 811 3465 consulto
832 3402 985 3482 magistro
1008 3386 1165 3466 flenrioor‘
1188 3403 1363 3483 Urbano,
1389 3422 1501 3467 ecouo-

192 3501 282 3578 mico,
304 3506 456 3581 tauquam
479 3502 603 3583 parenti
624 3502 814 3568 venerando.

273 3601 304 3664 S.
346 3601 464 3665 Breues
485 3602 589 3683 litere,
610 3601 759 3668 diffusum
781 3611 1014 3686 argumentum,
1041 3606 1163 3670 octonis
1184 3607 1329 3673 versibus
1350 3610 1448 3674 multa
1469 3616 1501 3673 et

193 3723 311 3784 magua
349 3711 444 3784 atque
479 3703 561 3768 adeo
593 3704 673 3786 scitu
715 3708 897 3770 necessaria
932 3707 1182 3789 comprehendis.
1233 3709 1340 3775 Primo
1374 3712 1501 3776 testaris

192 3804 250 3868 tibi
277 3801 418 3868 redditas
440 3823 511 3870 esse
532 3805 650 3885 literas,
672 3808 756 3888 quod
777 3816 825 3870 est
847 3809 1031 3873 excellentis
1048 3810 1247 3892 perfecteque
1267 3813 1440 3896 sapiencie,
1460 3835 1500 3878 ue
1536 3855 1545 3883 t

191 3905 285 3972 fidem
307 3907 416 3972 rustici
436 3906 660 3972 desiderarem.
703 3908 850 3972 Secundo
867 3909 938 3991 agis
949 3911 1080 3990 gratias,
1101 3910 1199 3992 quode
1225 3920 1273 3978 est
1283 3913 1500 3981 humanitatis.

263 4023 338 4075 ‘Die
361 4031 463 4076 Arlreeue
485 4032 518 4076 iat
540 4031 580 4076 dic
602 4032 634 4076 im
654 4031 709 4078 Lib.
733 4033 776 4082 ult,
799 4031 850 4076 und
872 4031 911 4076 tei
932 4031 971 4077 l'a.
1018 4031 1044 4076 In
1068 4033 1093 4077 lr'
1109 4033 1185 4079 lorrtct
1206 4035 1240 4080 sic
1263 4035 1372 4082 ilenrico
1398 4038 1499 4085 Urbano

192 4099 318 4146 Matienus
329 4101 412 4160 Rullus,
431 4107 516 4146 cratere
534 4102 565 4146 iat
583 4101 788 4159 aupcraaclrer'alirlr
807 4102 847 4146 dle
866 4103 993 4161 crepacula,
1014 4104 1108 4148 letztcrc
1127 4104 1167 4149 aaa
1186 4120 1237 4150 cour
1253 4106 1409 4152 Abocbreiber
1426 4111 1500 4154 nacla-

192 4171 358 4230 campanariae
376 4171 522 4230 barrperetete.
587 4157 598 4192 ὴ
617 4171 650 4216 'I'a
668 4172 797 4230 imprimis.
860 4177 870 4204 ⁰
890 4173 923 4217 Τκ
942 4172 992 4232 qui.

256 4429 265 4468 ¹
287 4427 439 4482 Vielleicht
458 4427 503 4482 die
525 4427 553 4480 in
575 4425 620 4486 Br,
644 4427 701 4480 213
724 4429 910 4500 mitgeteilten
931 4429 1027 4486 Verse.

254 4503 268 4546 2
290 4507 348 4564 Das
368 4509 398 4561 iu
421 4509 470 4564 der
489 4509 672 4580 waengessc
692 4527 726 4562 uu
745 4509 841 4564 Erfurt
860 4510 996 4580 belegeue
1016 4509 1102 4563 Herus.

253 4581 268 4626 ³
289 4587 392 4642 Martia
413 4588 506 4660 Schyl.
549 4588 612 4660 Vgl.
633 4587 679 4642 Br.
693 4587 749 4641 122
768 4588 796 4647 S.
814 4589 868 4642 167
891 4589 974 4646 Aum.
987 4589 1010 4644 l.
