3625 5192
612 347 702 411 Brieie
720 342 839 411 hlutinns
853 355 895 409 2l.
912 352 953 413 22.
967 352 1009 411 22.
1024 356 1066 415 24,
1458 340 1492 407 {iil
1527 332 1535 353 ⁸

59 556 63 565 .
184 497 345 586 opinione,
366 520 430 585 qua
449 509 523 567 suut
540 502 715 570 doctissimi
728 505 800 583 viri,
821 511 855 569 nt
875 504 1055 570 amiciciam
1078 526 1137 571 nou
1163 506 1256 589 pretii
1279 507 1494 589 mercedisque

186 622 284 667 causa
304 604 484 684 colendam,
510 604 567 671 sed
601 605 686 688 quod
706 606 779 690 ipsa
804 626 861 690 per
881 626 952 672 sese
980 606 1078 691 piens
1107 608 1231 672 virtutis
1259 608 1494 690 honestatisque

186 707 239 785 sit,
258 706 471 790 expetendam
491 726 563 773 esse
583 707 691 773 ducas.
721 707 791 789 Ego
804 708 899 792 plauc
921 709 968 774 sio
989 708 1092 774 sentio
1110 714 1203 791 teque
1225 729 1297 775 amo
1318 710 1358 775 ob
1373 708 1494 793 ingenii

186 814 219 873 et
239 828 358 873 morum
379 808 583 892 elegantiam,
604 811 843 892 primumquod
865 819 954 876 caste
974 830 1113 895 pureque
1131 810 1242 894 lingua
1265 812 1362 877 uteris
1385 811 1495 891 latina,

188 910 305 975 deinde
322 911 408 994 qnod
428 912 490 977 mei
510 912 632 978 ordinis
653 911 806 994 homines,
826 913 886 978 hoc
907 912 1107 979 esteruditos
1127 920 1159 979 et
1184 914 1308 999 probos,
1328 914 1495 996 plurimum

188 1011 307 1095 diligis.
355 1013 424 1079 Nec
450 1014 564 1079 metior
592 1014 766 1079 amicitiam
794 1034 852 1099 spe
877 1020 934 1078 aut
959 1016 1203 1099 exspectacioue
1229 1016 1376 1081 utilitatis
1403 1016 1497 1081 sicuti

186 1116 310 1197 vulgus,
337 1115 421 1198 quod
448 1122 581 1183 testatur
611 1116 740 1181 inclitus
761 1118 879 1199 poeta¹
901 1116 995 1181 unico
1017 1136 1126 1181 versu:
1169 1116 1313 1199 „Vulgus
1337 1117 1496 1183 amicitias

187 1218 325 1283 utilitate
357 1218 497 1302 probat“
538 1218 623 1283 Nam
654 1218 780 1283 etiamsi
814 1217 895 1284 nihil
924 1218 1009 1302 opis,
1048 1218 1128 1285 nihil
1161 1218 1378 1296 emolumenti,
1415 1218 1495 1285 nihil

186 1318 367 1404 compendii
399 1326 573 1403 prestares,
603 1329 710 1386 tamen
741 1319 931 1385 humanitati
953 1326 1007 1385 tue
1032 1318 1172 1387 faverem
1210 1340 1317 1386 amore
1338 1327 1370 1387 et
1390 1320 1495 1387 studio

187 1422 371 1487 honestatis.
413 1422 485 1487 Nou
514 1442 583 1487 sum
605 1422 818 1488 mercenarius
839 1430 1010 1507 patronus,
1040 1442 1103 1487 non
1128 1423 1270 1505 linguam
1293 1430 1348 1488 sut
1368 1443 1494 1491 manuni

187 1526 332 1590 venalem
359 1531 416 1590 aut
439 1524 651 1590 conditariam
671 1544 801 1608 operam
824 1531 1014 1591 exerceant
1038 1525 1208 1605 causidici,
1233 1526 1307 1608 quia
1334 1546 1403 1591 snm
1426 1546 1495 1593 meo

187 1632 360 1692 contentus.
400 1626 450 1691 Ne
467 1632 572 1692 autem
588 1627 803 1709 ingratissimo
819 1626 1004 1693 beneficium
1022 1626 1198 1710 prestitisse
1215 1626 1354 1705 videare,
1375 1629 1494 1695 senties

187 1726 375 1811 aliquando,
402 1746 498 1810 quam
522 1726 613 1793 dulce
639 1726 717 1793 mihi
739 1728 835 1793 luerit
854 1728 1020 1793 donarium
1043 1735 1140 1793 tuum.
1186 1727 1262 1794 Vale
1284 1750 1354 1795 cum
1376 1730 1494 1795 abbate

190 1830 320 1912 optimo.
360 1830 444 1895 Ante
466 1848 613 1895 occasum
633 1830 854 1914 Vergiliarum.

257 1940 439 1988 Handschriltl.
454 1939 527 1987 Fosi.
538 1940 579 1987 rol.
591 1938 623 1985 82
630 1955 650 1986 r.

189 2080 248 2151 ss.
269 2078 315 2150 ll.
328 2097 373 2145 an
389 2078 525 2149 Urhan.
991 2073 1123 2160 (liothu
1136 2075 1243 2147 1505.
1265 2075 1494 2163 November.)

259 2195 320 2242 stuc.
339 2196 433 2243 fordert
452 2196 501 2241 den
520 2195 606 2241 Urbnn
628 2195 679 2255 ant,
697 2193 837 2240 literariseh
855 2193 936 2252 tirhtig
953 2206 983 2238 su
1003 2193 1065 2253 sein,
1084 2208 1129 2240 vor
1149 2195 1216 2240 allen
1235 2194 1334 2253 Dingeu
1355 2195 1399 2241 das
1418 2197 1495 2245 Briot-

188 2266 321 2312 schreihen
343 2267 413 2313 nicht
438 2282 468 2312 an
488 2267 655 2324 unterlassen,
682 2265 767 2310 erteiit
785 2264 965 2309 verschiodeno
985 2264 1103 2323 Aullrllge
1121 2264 1328 2311 Bilehsranhlnto
1356 2266 1494 2312 betretl'ond

189 2337 240 2382 und
260 2337 393 2396 erkundigt
411 2336 465 2382 sich
483 2336 545 2382 uber
564 2336 605 2381 die
624 2336 711 2381 Plsrre
727 2350 756 2380 zu
775 2334 864 2381 beina.

270 2432 401 2497 Erudito
421 2440 454 2497 ct
473 2433 678 2498 solertissimo
700 2430 861 2495 Urbano
883 2430 1043 2497 Mucianus
1066 2430 1173 2497 Rufus.

272 2537 305 2599 S.
345 2534 408 2599 Cur
439 2535 544 2600 stilum
579 2553 724 2599 exercerc
755 2542 786 2598 et
819 2553 869 2599 me
901 2533 1003 2598 literis
1038 2534 1102 2598 tuis
1132 2534 1331 2599 suavissimis
1357 2537 1496 2603 salutare

190 2636 318 2701 cessas?
359 2636 464 2717 Utere,
486 2634 569 2718 quod
591 2636 773 2701 tibinatura
790 2635 1038 2717 deditingcnio,
1059 2648 1146 2701 utere
1169 2637 1282 2701 etooio
1303 2646 1335 2702 et
1353 2638 1495 2704 adiutore

188 2739 379 2804 latinissimo
400 2739 578 2823 Spalatiuo.
620 2738 712 2803 Adde
740 2740 840 2804 bunos
866 2740 966 2803 libros
994 2745 1025 2803 et
1046 2737 1252 2820 urbanorum,
1279 2739 1343 2804 imo
1371 2740 1495 2823 religio-

189 2859 293 2905 sorum
322 2841 460 2906 omnium
496 2861 636 2907 summus
662 2841 733 2907 cris.
782 2840 870 2906 hlcas
898 2839 940 2904 ad
967 2839 1108 2906 Aldum2
1137 2840 1246 2905 literas
1275 2842 1496 2907 nesciocuius

189 2962 275 3007 noxa
295 2949 434 3008 retentas
455 2943 529 3009 huic
548 2943 592 3009 ad
612 2963 663 3009 me
680 2941 766 3017 dato,
788 2962 861 3007 nam
883 2960 992 3007 cassas
1013 2950 1045 3006 ct
1065 2942 1178 3007 inanes
1198 2961 1268 3007 esse
1290 2950 1418 3027 propter
1432 2964 1494 3009 mo-

190 3045 263 3108 rou3
288 3047 360 3126 quis
379 3044 525 3110 dubitet?
566 3045 601 3111 Si
628 3054 684 3110 tus
704 3051 754 3111 est
773 3044 885 3129 culpa,
911 3052 945 3109 ut
966 3064 1081 3128 penam
1103 3044 1189 3121 luas,
1212 3044 1378 3109 scribens
1400 3049 1495 3113 versi-

189 3146 277 3211 culos
297 3149 338 3213 de
358 3146 462 3212 obicio
473 3148 548 3211 boni
563 3148 713 3213 economi.
775 3147 887 3212 Scribe
907 3154 940 3212 et
955 3166 1080 3228 semper
1092 3146 1213 3229 aliquid
1230 3144 1345 3229 eltinge
1363 3147 1495 3229 dignum

190 3248 315 3314 homine
336 3248 429 3316 docto
456 3257 488 3316 et
508 3250 655 3315 facundo.
696 3250 768 3314 bles
790 3250 885 3328 lima,
905 3268 993 3313 meus
1013 3249 1103 3313 l'avor
1125 3268 1283 3330 nunquam
1305 3248 1407 3314 deerit
1427 3250 1495 3331 dig-

190 3352 283 3416 nitati
297 3359 357 3419 tue.
399 3352 524 3431 Literas
540 3351 582 3419 ad
593 3353 746 3417 Paulum⁴
764 3352 858 3417 dahis
868 3372 1019 3417 ceunomo
1030 3352 1161 3427 vestroe
1182 3352 1235 3433 qui
1250 3359 1299 3416 est
1310 3350 1497 3437 Erphurdie,

190 3478 391 3490 ——u—-n—

254 3554 266 3595 ¹
288 3556 359 3613 (lvid
378 3558 419 3612 Ex
439 3560 532 3614 Ponto
553 3558 590 3630 Il,
613 3559 641 3629 3,
662 3558 688 3614 8.

251 3632 266 3676 ²
288 3638 348 3693 Das
368 3638 507 3711 Gesehiilt
525 3641 576 3693 mit
596 3640 685 3693 Aldus
705 3639 771 3710 (ugl.
795 3638 838 3692 Br.
854 3638 956 3706 1213,
974 3636 1028 3701 14.)
1051 3638 1160 3693 scheint
1181 3637 1235 3693 seit.
1254 3639 1307 3693 dou
1330 3638 1427 3711 Tagen
1447 3642 1495 3696 des

190 3714 357 3788 Augustum
369 3718 470 3775 kciuen
481 3718 587 3774 Schritt
598 3722 729 3774 vorwiirts
742 3718 860 3791 geriiclrt
877 3736 909 3771 zu
921 3719 989 3772 scin.
1032 3718 1138 3773 Woher
1159 3718 1204 3773 dic
1217 3720 1413 3791 Vcrziigerung
1424 3720 1497 3789 kam,

190 3796 227 3850 ist
246 3798 326 3853 nicht
346 3799 542 3855 iestaustcllen.

251 3872 268 3917 ⁸
287 3877 374 3934 Sollte
396 3887 467 3935 etwa
485 3898 576 3935 moras
594 3897 628 3935 zu
647 3880 723 3935 lesen
745 3879 824 3934 sein?

249 3954 438 4016 ⁴Vicllcicht
458 3962 494 4014 ist
524 3960 629 4015 Paulus
654 3960 786 4015 Hutheus
814 3960 880 4015 oder
905 3960 1065 4030 Huthener‚
1092 3960 1141 4014 der
1166 3964 1276 4031 sptttere
1298 3960 1500 4018 Weihbischol

190 4056 244 4094 von
268 4038 365 4094 Erfurt
393 4032 631 4118 (reos-1532)
659 4040 790 4111 gemeint.
837 4040 901 4111 Vgl.
929 4040 997 4095 iiber
1023 4038 1071 4093 ihn
1102 4040 1151 4094 das
1181 4040 1339 4113 Registrurn
1373 4043 1496 4097 subsidii.

191 4118 330 4174 S.10.19.
346 4120 391 4176 87.
413 4122 469 4175 und
490 4122 536 4176 dic
556 4120 715 4175 zeitschrift
740 4122 788 4175 ‹lcs
810 4120 926 4175 Vereins
947 4120 994 4174 fuir
1019 4121 1093 4174 thiir.
1112 4118 1212 4176 Gesch.
1235 4122 1291 4175 und
1313 4121 1494 4177 Altertlnuus·

191 4198 284 4254 kunde
305 4200 357 4254 Bd.
371 4200 420 4256 Vl.
438 4200 465 4257 S.
475 4202 513 4254 80
526 4200 553 4255 ff.
594 4200 632 4255 Er
652 4202 701 4255 hut
721 4202 766 4255 ciu
784 4201 855 4255 Jahr
874 4219 925 4256 vor
945 4200 1053 4255 Mutian
1073 4200 1118 4255 dic
1140 4200 1313 4256 Universitiit
1334 4202 1431 4257 Erfurt
1451 4204 1496 4257 hu·

190 4296 284 4351 zogeu.
317 4281 359 4335 lm
370 4279 497 4336 Sommer
510 4281 585 4335 1508
607 4281 676 4353 ging
692 4299 722 4335 er
742 4282 1013 4351 nuchWittcubcrg‚
1034 4279 1427 4338 dessenStudeutenmatrikcl
1448 4284 1496 4337 ihu

190 4358 315 4415 austirhrt
338 4362 381 4415 als
400 4360 539 4417 Dominus
563 4362 668 4417 Paulus
688 4362 852 4415 llutthonne
869 4360 1026 4415 Canoniuus
1048 4362 1128 4416 beate.
1150 4362 1237 4417 Maris
1260 4364 1374 4435 virginis
1394 4364 1495 4418 Erffur·

191 4440 273 4495 diane
293 4441 370 4496 duris
390 4442 517 4497 canordci
537 4444 635 4497 doctor
657 4442 911 4513 Vittembergensia

251 4516 317 4575 ⁵111
344 4522 423 4577 einer
443 4522 578 4577 Urkundc
604 4523 653 4577 des
673 4522 799 4577 Klosters
828 4522 1018 4593 chrgenthsl
1050 4518 1100 4591 (im
1123 4522 1247 4578 Guthser
1268 4522 1370 4579 Archiv
1392 4526 1449 4589 QQ.
1474 4526 1497 4578 l.

191 4600 297 4655 ests
316 4620 379 4657 rom
401 4602 427 4658 2.
448 4603 509 4657 Juli
539 4601 616 4656 1504
645 4602 711 4657 vird
740 4602 786 4657 cin
812 4603 969 4672 Johannoa,
1000 4601 1171 4659 Holmeister
1191 4622 1224 4657 zu
1252 4604 1347 4659 Ertrrrt
1365 4607 1498 4662 erruiilrnt.

241 4702 405 4757 omnum.
416 4706 438 4746 a
448 4706 484 4746 re.
495 4704 518 4747 s.
527 4705 608 4748 xvrn.
