3625 5192
298 346 351 400 300
669 327 930 417 Gaaebichtaquellen
948 346 996 403 der
1014 346 1089 403 Pror.
1108 347 1231 403 Sachaen.

297 496 581 563 Zabarelle²1llll
597 497 760 574 volumina
768 504 800 560 et
811 483 945 561 consilia
962 497 1077 561 Baldi²
1093 504 1126 561 et
1140 496 1206 561 alia
1216 496 1359 561 eiusdem
1370 495 1472 561 farine
1484 495 1604 580 recipit

301 597 418 663 Vellem
447 599 525 663 nibil
550 600 708 663 omitteret
731 598 933 665 Herebordus
954 600 986 662 in
1008 598 1127 689 tuenda
1146 600 1256 680 gloria.
1299 598 1374 673 Die,
1395 618 1506 680 queso,
1527 618 1606 680 quos

298 700 415 765 habeat
442 704 578 782 amieos,
608 720 686 783 quos
721 701 866 766 iniurieos
892 710 924 767 et
945 720 1017 766 num
1046 702 1119 766 istie
1144 700 1268 765 venalis
1293 702 1335 765 sit
1356 700 1547 765 Goffredus³
1573 708 1605 763 et

300 802 484 867 Vincentius
501 807 554 885 (l),
573 803 652 867 iuris
674 804 826 887 pontilioii
848 802 999 868 doctores.
1043 804 1211 887 Regestunr
1234 822 1368 885 quoque,
1387 803 1415 867 si
1435 823 1485 867 me
1506 822 1605 881 amas,

299 903 426 970 taudem
443 905 567 971 exhibe.
609 906 682 970 Non
698 905 780 985 ideo,
801 906 882 984 misi,
898 914 933 969 ut
951 907 1113 987 retineres,
1135 906 1217 986 misi,
1238 914 1273 969 ut
1287 906 1399 970 amieis
1411 905 1603 971 ostenderes,

297 1007 384 1073 Satis
409 1016 585 1091 spectatum
612 1018 667 1075 est.
712 1009 830 1075 Docuit
854 1008 991 1073 officium
1019 1010 1239 1073 antelucanum
1266 1027 1324 1073 noa
1344 1008 1514 1091 prudentes
1534 1026 1605 1071 esse

296 1108 413 1175 debere
433 1111 478 1175 uti
500 1120 671 1194 serpentes.
714 1110 802 1176 Idem
823 1118 965 1177 vetustas
985 1110 1093 1177 doeuit
1113 1111 1146 1176 in
1168 1110 1259 1193 uirga
1279 1110 1442 1190 Mercurii,
1469 1108 1520 1174 oui
1541 1128 1603 1173 ser-

298 1213 408 1296 pentes
431 1214 597 1294 annexuit,
618 1213 803 1295 significans
823 1213 1035 1295 eloquentiam
1057 1212 1309 1295 coniungendam
1339 1232 1409 1277 esse
1429 1211 1598 1296 prudentie

300 1314 409 1396 ltaque
434 1314 577 1397 gladium
598 1316 676 1381 milri
697 1316 819 1398 parabo
839 1316 879 1380 de
898 1316 990 1381 libris
1011 1316 1205 1391 nebularum,
1237 1335 1299 1381 non
1328 1324 1362 1379 ut
1390 1314 1493 1379 ledam
1516 1314 1604 1377 inno-

299 1425 421 1499 uentos,
447 1455 476 1465 —
505 1419 713 1501 nequeenim
735 1418 882 1487 insidiari
902 1420 975 1485 volo
1001 1455 1038 1465 —
1060 1417 1116 1481 sed
1138 1426 1172 1481 ut
1194 1436 1244 1482 me
1267 1419 1307 1483 ab
1332 1416 1448 1481 iniuria
1470 1416 1604 1481 [rotiana

296 1518 503 1602 Morianaquo
523 1518 701 1587 delendam.
743 1521 885 1586 Etlatro
906 1529 939 1586 et
958 1530 1070 1587 eautus
1092 1520 1286 1605 procingitur
1307 1538 1383 1585 ense
1404 1519 1522 1590 viator,
1549 1518 1602 1582 ille

295 1620 352 1685 sed
374 1622 518 1709 insidias,
540 1622 592 1705 bio
612 1622 674 1687 sibi
694 1630 799 1706 portat
820 1626 944 1708 opeml.
987 1624 1065 1689 Vale
1086 1623 1140 1688 diu
1162 1622 1246 1687 felix.

366 1746 546 1794 llandsebrit'tl.
566 1747 587 1792 1⁸¹
597 1746 645 1794 '261
668 1748 709 1793 rol.
724 1742 917 1795 rosv-luat.

367 1845 532 1899 “Zaborello

297 2092 378 2165 222.
400 2092 444 2166 ll.
466 2112 513 2162 an
533 2094 668 2161 Urban·
860 2094 994 2181 (Gotho
1008 2096 1103 2167 lul-2.
1135 2094 1235 2162 Naeh
1248 2094 1330 2161 dour
1345 2094 1400 2160 18.
1415 2086 1600 2177 Olrtober.)

366 2219 429 2268 blut.
450 2220 619 2279 outaebuldigt
636 2220 690 2267 suin
709 2222 821 2279 langores
838 2222 983 2281 Schweigon
1002 2222 1052 2267 und
1073 2221 1198 2281 lraspricbt
1217 2219 1322 2265 alsdaun
1341 2221 1389 2265 don
1408 2219 1602 2271 Biielrererwerb

296 2304 341 2336 aus
360 2290 404 2335 dar
422 2290 638 2337 Biermoat'aeben‘
649 2290 801 2351 Bibliornek,
821 2292 1010 2352 hauptsiicblieb
1028 2292 1089 2337 aber
1105 2290 1197 2350 brwttgt
1216 2304 1243 2337 er
1256 2289 1432 2337 blaasnalrmen
1451 2289 1602 2337 zumWobla

296 2359 340 2405 des
358 2360 487 2407 Herobord
496 2375 519 2407 v.
531 2360 554 2406 d.
563 2360 687 2409 lrlnrtbon.

376 2458 494 2523 Celesti
521 2458 589 2523 viro
610 2445 749 2523 Henrieo
779 2459 954 2541 Urbairo,
975 2459 1127 2543 magistro
1153 2466 1186 2525 et
1212 2478 1376 2536 eeouonro,
1404 2459 1506 2523 amico
1530 2478 1600 2523 oon-

296 2561 410 2625 stautis
431 2558 514 2635 fidei,
537 2559 697 2626 blutianus
718 2561 824 2628 Rufus.

377 2664 407 2728 S.
452 2662 492 2726 Et
519 2662 720 2728 tabellarium
748 2662 929 2729 desideravi
960 2672 991 2729 et
1018 2665 1179 2729 astrietunr
1207 2664 1313 2745 gelido
1347 2663 1463 2745 frigore
1492 2669 1602 2747 peetus
1683 2681 1689 2693 ·

296 2772 375 2829 erat.
428 2764 536 2831 Habes
566 2756 663 2847 igitur
694 2786 837 2837 oausam,
875 2787 930 2831 cur
960 2787 1030 2831 sero
1048 2766 1245 2831 iamdudum
1272 2766 1460 2847 obsignatas
1493 2764 1602 2829 literas

296 2867 420 2933 mittam
442 2874 473 2931 et
493 2886 590 2949 quare
612 2874 676 2933 tam
696 2868 791 2935 rudes
813 2875 846 2934 et
866 2870 1053 2953 incomptas.
1097 2868 1211 2950 Frigus
1234 2877 1325 2933 nocet
1345 2868 1466 2947 animo,
1486 2866 1601 2931 nedum

296 2970 434 3052 corpori,
456 2971 620 3053 presertim
637 2969 713 3035 mihi
736 2970 863 3035 alsioso.
904 2970 939 3034 Si
962 2978 1066 3035 tanuen
1089 2968 1282 3052 culpandus,
1305 2970 1453 3053 proterite
1474 2970 1601 3033 veniam

296 3072 388 3137 dabit
418 3071 605 3154 ignoranoia
637 3073 759 3157 eulpel.
806 3072 956 3137 Ablatunr
985 3071 1099 3137 mediis
1134 3091 1214 3154 opus
1243 3081 1293 3137 est
1319 3071 1488 3136 incudibus
1514 3069 1602 3151 illud,

297 3174 579 3257 deluitetsoriptls
601 3175 712 3240 ultima
733 3175 810 3240 lima
830 3174 919 3240 meis.
957 3174 998 3237 Et
1019 3175 1144 3239 veniam
1166 3195 1222 3258 pro
1245 3172 1339 3238 laude
1361 3181 1433 3257 peto
1454 3172 1602 3237 laudatus

277 3276 433 3351 abunde,
455 3298 516 3341 non
537 3276 699 3341 lastiditus
718 3276 827 3355 sitibi,
848 3277 953 3357 lector,
974 3277 1052 3341 oro.l
1095 3276 1145 3341 Da
1165 3277 1292 3341 reniam
1313 3276 1449 3358 seriptis,
1471 3295 1601 3358 quorum

297 3368 358 3444 non
369 3379 472 3462 gloria
483 3380 575 3443 nobis
589 3398 696 3458 causa,
714 3377 770 3442 sed
780 3378 903 3442 utilitas
915 3377 1113 3459 officiumque
1125 3379 1212 3442 liritl.
1245 3378 1294 3442 Ad
1305 3398 1378 3443 rem.
1411 3377 1602 3457 Regestum⁸
1668 3402 1673 3411 ·

176 3484 181 3493 '
297 3482 459 3548 librarium
471 3481 579 3546 videre
590 3480 788 3564 eoueupisoo,
804 3488 896 3564 urget
909 3501 958 3545 me
973 3482 1155 3560 necessitas,
1172 3488 1204 3545 ut
1217 3481 1363 3545 revisam.
1396 3480 1430 3545 Si
1443 3480 1602 3563 Mystener

296 3585 438 3651 liniturus
458 3592 508 3650 est
527 3584 635 3660 vitam,
657 3582 763 3649 dioilo.
806 3583 975 3664 Duronius,
996 3584 1045 3648 vir
1056 3582 1164 3647 rustici
1184 3582 1314 3665 ingenii,
1330 3582 1462 3647 nimium
1483 3583 1603 3665 gaudet

296 3687 585 3763 assentacionlbus,
616 3688 718 3751 eniam
745 3686 949 3751 obiectorum.
997 3686 1127 3765 Quoties
1157 3685 1237 3749 Gote
1270 3692 1375 3767 potat,
1410 3684 1614 3750 conveniunt

310 3980 314 3987 -
360 3941 370 3984 ¹
392 3945 560 4017 Vgl.Br.lil
585 3946 660 4001 suo
684 3947 765 4003 Anni.
782 3950 805 4007 l.

357 4023 371 4065 ²
392 4026 560 4097 vgl.1u.su
582 4028 607 4082 S.
622 4028 677 4081 126
699 4029 780 4083 Auru.
795 4029 819 4083 l.

181 4136 187 4147 ·
242 4137 244 4142 ·
356 4102 371 4147 ³
392 4106 549 4161 Guufrrdus
578 4110 645 4163 oder
670 4108 818 4163 Goffrodus
846 4109 881 4162 dr
909 4108 1001 4161 'sunno
1028 4106 1138 4161 sebriub
1165 4107 1278 4160 Sunnua
1304 4126 1386 4178 super
1420 4108 1472 4163 titt
1501 4108 1600 4163 Deera·

296 4186 401 4241 lullum.
441 4187 507 4257 vgl.
528 4188 611 4243 Hain.
627 4188 738 4259 Repert
759 4188 811 4243 No.
835 4186 1091 4242 rutae-lsuol.

357 4262 371 4305 ⁴
391 4266 472 4333 Ovio,
491 4267 594 4323 'hiatio
613 4270 648 4323 11.
670 4269 725 4321 271
741 4298 769 4308 -
782 4270 847 4325 272.

356 4342 371 4385 ⁵
391 4346 470 4412 Ovid,
490 4347 624 4405 Heroides
637 4348 703 4417 XX,
715 4349 780 4404 187.

357 4422 371 4467 θ
392 4426 473 4494 ovio,
486 4428 590 4484 nisui
601 4430 623 4498 1,
635 4419 660 4485 r'.
672 4429 808 4483 ao-aa

359 4503 372 4547 7
395 4506 474 4577 ovid,
496 4508 600 4564 'Iristia
609 4509 661 4580 111,
672 4509 699 4580 9,
711 4509 847 4566 55-66.

342 4582 371 4653 ,⁸
391 4588 454 4665 vgt
474 4588 520 4645 Br.
533 4589 599 4647 221.
