3625 5192
316 364 369 420 274
690 361 950 430 Gosehichtsqucllcn
967 361 1016 415 der
1034 359 1107 414 Pror.
1126 331 1249 414 Sachaen.

317 511 430 576 halhus
457 510 607 592 delapsos
636 510 667 573 in
689 529 795 588 erum,
821 510 976 575 detereret
996 509 1060 573 sihi
1078 510 1212 574 molta“.
1253 508 1336 572 Nam
1363 507 1480 572 notarii
1499 512 1623 573 muhut

317 615 349 678 io
370 613 463 677 horas
479 611 539 675 lori
555 602 755 690 προπαιδείαν,
795 611 887 688 Quod
902 612 1019 692 volunt,
1040 616 1204 674 assumunt
1221 610 1254 673 io
1265 616 1365 688 osum,
1386 609 1470 691 quod
1482 629 1621 695 assump-

316 725 380 780 tum
401 722 458 794 est,
480 713 745 795 sequunturdocti
766 721 798 777 et
820 713 950 776 indocti.
993 711 1028 776 ln
1047 713 1147 777 saeris
1170 711 1270 776 literis
1282 716 1331 775 est
1349 711 1547 793 maledictus,
1568 712 1623 793 uui

316 818 393 882 l'aeit
411 835 490 900 opus
511 815 572 880 Dei
595 834 651 898 per
671 813 908 896 negligentiam.
950 813 1005 877 Sic
1025 814 1058 877 in
1072 812 1280 877 tabellionum
1290 811 1421 876 decuria
1436 811 1624 878 maledictos

315 919 510 1003 adpellator,
537 917 591 998 qud
613 917 748 998 negligit
771 935 851 1000 opus
877 915 1137 980 l'ormulariorom.
1178 913 1316 979 Tantum
1342 911 1383 978 de
1409 914 1503 978 rebus
1521 914 1624 978 scriis.

270 1041 273 1046 ·
317 1022 342 1085 15
348 1029 360 1084 t
386 1022 471 1085 incer
499 1009 614 1084 resin:
643 1019 740 1082 Dicat
760 1018 818 1082 tihi
840 1017 1031 1098 Margaritos
1050 1015 1150 1089 filios,
1171 1035 1226 1080 cur
1247 1015 1372 1079 Dinus¹
1394 1016 1624 1081 iureconsultus

317 1122 518 1187 maledixerit
543 1129 671 1185 auctore
697 1119 847 1186 Bartholo
875 1119 1029 1185 conditori
1056 1118 1138 1200 legis
1164 1118 1197 1183 in
1219 1117 1377 1200 Digestis,
1403 1117 1457 1182 uhi
1486 1119 1626 1202 pupillus

317 1223 445 1288 educari
476 1223 600 1288 debeat.
654 1221 721 1304 Ego
754 1242 815 1286 noo
848 1209 965 1286 damno
994 1219 1178 1304 scriptorem
1209 1219 1306 1301 legis,
1339 1220 1455 1284 damno
1489 1220 1624 1300 Lotium,

316 1326 489 1392 Christiani
518 1324 677 1406 dogmatis
705 1341 936 1406 perversorem,
965 1323 1054 1386 cuius
1081 1322 1131 1386 vel
1154 1323 1338 1405 precipuum
1359 1329 1456 1405 caput
1475 1329 1524 1386 est
1545 1321 1627 1387 eari-

316 1439 374 1493 tas.
425 1427 516 1491 Finis
547 1435 653 1492 aotem
681 1425 838 1490 caritatis:
871 1423 962 1502 Quod
988 1424 1046 1488 tihi
1068 1423 1118 1488 vis
1140 1423 1216 1496 lieri,
1246 1423 1325 1487 mihi
1345 1423 1415 1504 iac,
1442 1423 1525 1505 quod
1552 1443 1627 1503 noo,

317 1530 394 1594 milii
421 1529 494 1594 noli.
554 1528 652 1606 Quem
685 1526 776 1591 finem
812 1527 956 1591 avaricia
983 1526 1119 1589 lotiaoa
1147 1526 1373 1608 prevaricator.
1427 1525 1545 1590 Danda
1577 1532 1627 1589 est

277 1617 281 1629 ’
305 1631 467 1697 'hellchori
489 1631 586 1694 molto
608 1649 682 1713 pars
703 1629 842 1694 maxima
863 1628 997 1692 evarist.
1040 1626 1129 1692 Vale.

389 1754 568 1800 llondsehriltl.
586 1754 606 1802 E*
626 1753 675 1800 209
695 1754 736 1800 sol.
750 1752 943 1800 144r-144v.

305 1941 397 2061 Ι199.
421 1989 465 2062 ll.
486 2008 531 2056 arr
552 1989 662 2056 llenr.
684 1987 884 2058 llusardus.
922 1991 929 2004 '
1138 1938 1391 2072 (hothmen.
1424 1988 1563 2071 August
1573 1987 1627 2056 21.

389 2115 451 2167 nint.
472 2115 543 2160 remi
562 2113 680 2160 seniensi
698 2113 739 2158 aa
757 2111 841 2159 neren
862 2113 1044 2172 zussnsungsn
1064 2113 1103 2158 res
1120 2113 1190 2159 ‚sins
1208 2113 1297 2158 nuens
1315 2113 1355 2161 ss.

399 2211 534 2276 ilenrico
556 2210 741 2274 hlusardo
762 2209 925 2276 Motianus
944 2209 1052 2275 Roths.

398 2316 430 2378 S.
478 2312 556 2376 Esse
583 2311 658 2394 quid
681 2310 740 2375 hoe
763 2311 882 2391 dicam,
903 2311 1051 2377 hlusardc
1074 2313 1204 2376 noster?
1244 2312 1381 2378 Professi
1408 2321 1481 2378 suut
1502 2321 1575 2378 autc
1596 2321 1627 2377 te

320 2416 428 2482 literas
450 2414 613 2499 politiores
636 2413 667 2478 io
690 2413 822 2477 cenobio
839 2413 1025 2498 Spoletinus
1045 2419 1077 2476 et
1091 2413 1299 2486 llerebordus‚
1319 2415 1449 2479 iuvenes
1470 2415 1626 2496 exquisite
1658 2407 1667 2428 ‘

320 2517 480 2591 lectionis,
507 2533 659 2598 generoso
684 2513 845 2594 l'acondie,
872 2499 1248 2594 suavissimis'moribus,
1282 2516 1337 2596 qui
1368 2536 1418 2582 me
1448 2518 1504 2601 pia
1534 2515 1627 2581 hene·

320 2619 460 2684 volentia
487 2616 771 2700 prosequebantur,
800 2635 879 2697 quos
910 2615 1006 2680 etiam
1039 2615 1132 2679 unice
1162 2616 1244 2680 colui
1276 2622 1370 2698 atque
1401 2617 1509 2683 dilexi.
1562 2617 1625 2683 Sed

321 2728 431 2784 neuter
464 2739 514 2782 me
550 2718 612 2783 sihi
642 2724 731 2782 tanto
765 2717 976 2796 liberalitate,
1006 2723 1051 2781 tot
1087 2716 1228 2782 obsoniis
1264 2717 1482 2800 devinxerat³,
1520 2739 1625 2801 qoem·

320 2821 489 2887 admodum
513 2828 545 2885 tu
570 2821 654 2884 iutra
679 2838 797 2902 paucos
817 2837 960 2896 menses,
985 2817 1100 2899 quibos
1123 2819 1242 2883 coaluit
1262 2826 1294 2883 ct
1319 2819 1360 2883 ad
1382 2839 1536 2886 summum
1558 2841 1627 2905 per-

320 2925 407 2989 venit
435 2943 522 2987 amor
549 2929 674 2986 nrutoos
707 2930 738 2986 et
760 2920 919 3002 obligatio
948 2928 1064 2984 mutua.
1113 2919 1251 3002 Legisti,
1284 2922 1412 3005 opinor,
1446 2923 1627 2988 Artaxersis

322 3027 399 3091 illud
423 3024 586 3090 verboml:
611 3023 785 3106 „Regalios
807 3030 854 3086 est
875 3021 952 3087 dare
972 3040 1067 3103 quam
1087 3021 1274 3106 accipere“;
1296 3043 1316 3086 a
1337 3023 1529 3089 Christianis
1550 3024 1627 3089 dici-

285 3112 287 3120 ’
322 3137 371 3192 tor
392 3127 524 3193 beatius.
567 3125 667 3189 lloios
693 3124 781 3188 verbi
808 3124 933 3188 hortatu
962 3119 1132 3205 instigatus
1160 3125 1357 3190 continenter
1381 3126 1503 3208 aliquid
1527 3127 1628 3192 mittis

322 3240 407 3295 ratos
434 3229 609 3314 preclarum
638 3246 708 3292 esse
734 3219 873 3311 facinus,
898 3225 1033 3307 meritis,
1060 3232 1095 3300 ut
1115 3225 1218 3307 inquit
1241 3227 1296 3292 ille
1322 3247 1442 3292 morum
1467 3229 1629 3311 magister,
1660 3288 1665 3298 .

322 3331 486 3413 acquirere
507 3330 625 3394 amicos
634 3330 657 3394 ⁵.
702 3327 770 3409 ligo
792 3346 866 3392 vero
887 3325 1043 3390 infirmam
1064 3346 1134 3391 esse
1156 3328 1334 3393 amiciciam
1355 3327 1466 3410 eredo,
1490 3349 1552 3411 que
1573 3330 1628 3394 ad·

325 3434 483 3498 miriiculis
512 3432 659 3498 extrariis
689 3438 775 3513 eget,
797 3428 931 3494 solidam
952 3435 1074 3510 autem,
1095 3448 1189 3511 qoam
1213 3430 1389 3495 animorum
1410 3433 1535 3497 sincera
1555 3452 1629 3497 eon·

323 3537 427 3600 sensio
455 3533 564 3598 firmat.
617 3533 725 3612 ltaque
753 3537 919 3595 contentus
946 3551 1071 3611 semper
1095 3530 1140 3594 liri
1171 3531 1255 3596 bona
1287 3533 1466 3607 volontate,
1495 3539 1528 3598 et
1558 3552 1629 3598 eum

323 3637 463 3719 uiridique
484 3636 564 3702 livor·
585 3637 712 3716 linguas
730 3633 761 3698 in
783 3653 840 3698 nos
861 3639 1020 3705 exerceat,
1049 3631 1189 3698 secorius
1208 3652 1277 3698 esse
1299 3633 1367 3698 dixi
1389 3633 1467 3698 nihil
1490 3635 1629 3700 moneris

324 3739 442 3804 sufferre.
486 3739 520 3802 ln
550 3737 661 3802 eadem
690 3735 794 3798 adhoc
815 3753 882 3799 sum
905 3735 1066 3798 sentencia
1086 3741 1179 3815 teque
1201 3754 1292 3817 roge,
1322 3742 1355 3799 ot
1382 3735 1469 3799 illam
1490 3736 1628 3801 liberali·

390 3955 400 3995 ¹
417 3957 480 4029 Vgl.
499 3957 566 4011 iiber
584 3956 631 4009 ihu
643 3953 820 4009 'l'ritlienrios
851 3953 894 4006 Dc
909 3953 1090 4023 scriptoribus
1104 3953 1306 4009 ecclesiasticis.
1347 3952 1400 4024 op
1410 3953 1433 4020 l,
1447 3952 1627 4008 302-303:

327 4038 417 4092 Ilinus
437 4037 602 4108 Mogslsnus
623 4035 766 4104 utriusque
795 4034 861 4088 iuris
886 4034 1026 4104 professor
1046 4039 1074 4088 et
1093 4034 1254 4088 enucleatur
1273 4033 1403 4104 insignis,
1431 4033 1542 4105 ingenio
1562 4035 1628 4088 urb·

326 4119 383 4172 tilis
404 4124 432 4171 et
453 4117 481 4171 in
502 4117 674 4187 disputandis
687 4114 891 4183 enodandisquc
911 4113 1003 4168 dubiis
1024 4120 1053 4168 et
1073 4113 1282 4184 quaestionibus
1303 4113 1369 4167 ioris
1390 4113 1469 4167 valde
1484 4123 1629 4186 promptos

326 4205 354 4252 ct
374 4203 471 4252 acutos
492 4203 596 4254 etc...
616 4194 723 4250 Claruit
744 4195 794 4248 soh
814 4193 931 4248 Alhertc
959 4193 1124 4264 imperatore
1145 4192 1228 4247 1300.

383 4273 507 4332 2Ηοτιικ
524 4275 631 4332 Seth-eu
646 4275 683 4342 11,
704 4276 732 4345 3,
754 4274 800 4329 82.
861 4269 862 4274 '

386 4351 401 4396 ³
422 4355 697 4429 Vgl.Br.184.186.
712 4355 777 4409 189.
792 4353 855 4408 195.

323 4511 335 4556 ὖ
385 4433 400 4476 4
421 4437 486 4508 Vgl.
498 4436 641 4503 Plutarch,
661 4435 922 4508 Apophthegmata:
944 4425 989 4487 To
1006 4431 1175 4506 προςθεῖναι
1196 4430 1251 4487 τοῦ
1270 4424 1387 4512 ἀφελεῖν
1402 4422 1630 4513 βασιλαώτερὸν

322 4533 408 4574 „crau
1523 4554 1528 4562 .

384 4592 398 4636 5
419 4595 532 4652 Catonis
548 4595 666 4652 disticha
676 4595 714 4667 II,
728 4593 773 4649 12.
