3625 5192
674 352 763 408 Brieie
781 352 901 408 Matiane
920 354 961 407 30.
980 353 1023 407 31.
1469 354 1505 407 lu

200 544 253 614 sl.
279 542 323 614 ll.
346 562 390 609 an
417 544 548 615 [luban.
832 544 965 631 (llotlm
985 546 1087 617 1505.
1125 544 1263 629 lrrlang
1283 544 1505 631 December.)

271 691 334 738 lint.
363 692 442 737 denir
472 692 528 738 dem
560 692 674 738 Frennde
701 695 741 739 tiir
767 694 807 738 dio
836 694 993 753 angelmterre
1021 692 1268 751 Gaatlroundscball,
1297 691 1437 751 voraprielrt
1465 692 1506 737 dia

200 762 454 824 Psalmenarlrliirnug
475 762 533 807 bald
553 776 582 807 zu
602 762 720 808 selriclscn
739 764 790 808 und
811 763 898 821 bittot,
923 759 1015 811 sowohl
1036 764 1083 808 den
1103 762 1276 823 porsiinlielron
1301 762 1338 809 als
1361 762 1408 807 don
1433 760 1506 807 briel-

200 832 283 879 lieben
293 832 408 879 Verkelrr
424 832 470 879 mit
488 832 540 878 ilum
554 834 625 878 mobr
641 846 671 877 nn
690 834 795 893 pllogen.
831 832 945 881 Alsdanu
962 832 1057 894 sprisht
1075 848 1103 879 er
1121 848 1169 881 von
1190 832 1289 892 cirrigen
1311 830 1505 891 gesnh'a'ltliehen

201 902 252 948 und
272 903 415 949 lninxliclron
434 902 675 963 Angulegonlreitnn.
1456 905 1465 922 ⁹

281 1020 409 1104 Optimo
433 1019 594 1086 Urbano
614 1041 671 1086 suo
692 1021 853 1087 llutianus
873 1022 980 1087 lintius.

281 1126 313 1187 S.
355 1121 526 1189 Prudentie
546 1124 657 1189 merito
677 1130 719 1201 te,
740 1124 783 1188 mi
805 1124 944 1203 Urbane,
966 1124 1156 1191 cucrrllatum
1174 1124 1319 1207 Ulyssem
1344 1124 1507 1189 nominare

200 1225 296 1290 soleo.
339 1224 388 1290 lta
408 1225 542 1291 idonens
561 1245 597 1289 es
618 1226 661 1290 ad
682 1226 883 1309 expedienda
902 1226 1049 1311 negotia,
1077 1226 1208 1309 dignus,
1233 1228 1282 1291 cni
1305 1226 1506 1308 tranquillum

202 1327 300 1393 otium
330 1347 386 1411 pro
407 1327 569 1392 laboribus
596 1328 628 1391 in
654 1327 753 1393 ldalio
781 1346 908 1392 nemore
934 1329 984 1393 vel
1008 1328 1216 1411 Hesperidum
1246 1327 1408 1393 viridariis
1436 1348 1506 1393 eon-

203 1430 315 1512 tiugat.
357 1429 518 1495 Promittis
538 1428 724 1512 hospitium,
744 1430 813 1493 sive
834 1429 1014 1514 Erphurdie
1034 1430 1202 1495 nundinari
1224 1429 1301 1513 qnid
1323 1430 1417 1495 velim
1439 1430 1508 1495 sive

202 1551 272 1597 oum
293 1531 443 1615 capillato
463 1539 496 1596 et
517 1530 615 1595 nobili
636 1531 770 1596 insemel
792 1532 967 1613 transigere
990 1534 1022 1596 in
1046 1532 1183 1598 vallibus
1195 1531 1315 1599 vestris.
1355 1534 1427 1615 Ago
1448 1532 1507 1597 tibi

201 1634 323 1717 gratias
343 1641 376 1699 et
396 1635 480 1699 intra
500 1634 617 1698 fontem
638 1638 669 1698 et
689 1633 821 1697 limitem
843 1632 967 1699 honesti
989 1652 1038 1699 me
1060 1634 1237 1700 continebo.
1288 1634 1322 1699 Si
1345 1654 1400 1717 per
1418 1652 1507 1699 oecu-

203 1740 350 1820 pationes
370 1736 526 1816 licuisset,
552 1754 613 1818 qne
634 1735 754 1815 cogito,
776 1734 949 1801 iandudum
976 1736 1198 1811 absolvissem,
1221 1736 1281 1802 hoc
1307 1747 1356 1802 est
1383 1756 1508 1802 enarra

204 1840 306 1903 dones
331 1839 542 1921 psalmorum²
575 1845 716 1921 quatuor.
762 1838 855 1917 Quod
888 1844 994 1903 autern
1022 1848 1078 1905 lua
1105 1838 1230 1905 bouitas
1258 1838 1301 1903 ad
1331 1859 1381 1905 me
1407 1859 1509 1921 neque

203 1940 339 2006 ventitat
357 1961 460 2023 neque
485 1941 596 2005 literas
615 1941 805 2021 missieulat,
826 1961 887 2005 non
909 1960 985 2025 egre
1006 1942 1082 2005 lero.
1123 1942 1234 2005 Habeo
1255 1942 1353 2023 enim,
1381 1942 1508 2025 quibus-

203 2063 274 2108 cum
295 2043 416 2125 loquar,
436 2044 573 2126 optimos
593 2042 776 2127 scriptores,
797 2041 857 2107 etsi
879 2062 929 2107 me
950 2043 1013 2107 tuis
1033 2043 1138 2109 verbis
1159 2042 1291 2108 oblecto.
1335 2044 1405 2109 Non
1427 2043 1509 2123 dico,

201 2146 349 2228 ernaudol
369 2146 486 2209 dantur
505 2148 678 2227 (nunqnam
699 2146 784 2209 enim
805 2145 942 2222 dantur),
963 2145 1020 2211 sed
1042 2146 1169 2227 qnando
1191 2146 1267 2211 mihi
1290 2146 1509 2211 obveniunt.⁰³

202 2246 325 2313 Allines
350 2247 518 2327 pecuniam
546 2246 742 2329 pollicentur.
790 2248 842 2310 An
874 2246 1048 2331 accipiam,
1078 2246 1215 2313 nondum
1246 2247 1322 2311 mihi
1349 2249 1509 2313 decretum

202 2358 261 2415 est.
302 2349 473 2428 Quietem
494 2349 602 2430 magni
624 2347 716 2431 pretii
743 2354 776 2412 el
796 2348 1021 2414 hereditarium
1045 2350 1184 2415 vendat?
1225 2351 1259 2415 Si
1282 2349 1433 2415 Venetnm
1456 2371 1508 2416 ne-

203 2453 344 2536 gotiuml
360 2471 422 2516 non
433 2458 686 2531 commoraretur,
702 2471 763 2516 non
776 2452 873 2533 (qnod
888 2451 982 2529 facio)
994 2450 1209 2517 submoverem
1226 2472 1349 2518 ornnem
1360 2452 1508 2537 lapidem.

203 2554 272 2620 Soli
293 2554 420 2619 codices
442 2553 643 2619 iucundiores
664 2552 741 2617 nrihi
763 2553 896 2618 srrotvel
919 2553 1050 2619 honesto
1070 2554 1270 2637 patrimonio.
1313 2556 1352 2620 Ar
1373 2574 1428 2619 cnr
1448 2576 1510 2621 non

202 2656 313 2721 omnia
327 2658 512 2740 speremus?
555 2657 611 2721 Sic
632 2654 746 2721 transit
760 2656 864 2736 gloria
873 2662 990 2721 nostra.
1032 2656 1113 2720 Anna
1128 2676 1192 2721 rem
1213 2657 1356 2721 latinam.
1399 2656 1510 2741 ligole

203 2759 329 2833 amabo,
350 2757 455 2840 quoad
474 2759 561 2823 suero
576 2758 737 2842 particeps
747 2758 938 2822 communisd
954 2757 1093 2841 spiritus.
1135 2757 1332 2823 Rudnllidem
1350 2758 1511 2824 tcarbitro

203 2860 437 2926 conveniemus.
478 2859 516 2924 ld
539 2868 643 2925 autem
664 2878 726 2941 quo
751 2858 806 2924 liet
831 2866 985 2943 tempore,
1007 2860 1065 2925 tibi
1090 2860 1330 2942 significabitur.
1373 2860 1451 2925 Vale
1480 2868 1512 2925 et

205 2982 272 3027 rem
301 2983 320 3028 e
347 2963 527 3028 secretariis
551 2962 649 3026 animi
681 2982 761 3027 cave
793 2960 968 3045 depromas.
1017 2961 1103 3025 ldem
1133 2960 1187 3026 ille
1216 2962 1324 3026 iaciat.
1370 2962 1522 3026 Caveudi·

205 3072 280 3129 sunt
300 3083 406 3129 osores
427 3064 535 3144 nostri,
557 3062 658 3129 bestie
679 3064 780 3128 litium
801 3074 833 3129 et
843 3064 1016 3146 iurgiorum
1033 3072 1066 3130 et
1086 3065 1296 3129 fraudulentis
1319 3064 1511 3148 plenissime,

205 3181 263 3231 ne‘
284 3166 488 3231 internecivis
517 3167 583 3231 suis
609 3166 731 3231 artibus
756 3174 812 3230 aut
834 3165 985 3230 damnum
1014 3175 1069 3230 ant
1094 3166 1349 3231 maledicentiam
1375 3165 1513 3231 inierant

205 3268 468 3353 permutaciouil.
510 3267 615 3333 Morus
636 3277 756 3333 mussat
768 3267 876 3334 neseio
892 3268 969 3351 qnid
982 3268 1114 3333 relatum
1125 3266 1167 3333 ad
1188 3288 1339 3333 mensam.
1380 3266 1511 3333 Maximi

204 3371 385 3457 proditores
413 3376 485 3435 sunt
513 3378 546 3436 et
573 3369 745 3451 delatores,
780 3371 835 3453 qui
861 3372 995 3436 tortasse
1022 3370 1081 3435 tibi
1109 3390 1214 3434 coram
1240 3370 1454 3435 assentiuntur
1481 3378 1513 3435 et

277 3512 341 3563 'Ta
358 3516 491 3563 enarratio.
534 3500 595 3563 ''Te
612 3531 696 3577 quum.
732 3510 796 3562 ‘Ta
814 3516 986 3564 obvertuntur.
1022 3504 1088 3563 ‘¹7¹2
1106 3516 1203 3563 Leonis.
1242 3509 1305 3562 UTa
1322 3514 1396 3563 latae.

209 3666 406 3673 ..a-m*-

272 3772 284 3815 ¹
307 3776 375 3831 Wer
395 3778 443 3831 der
460 3780 548 3850 junge
570 3775 671 3849 Adliga
691 3792 820 3854 genesen
840 3776 889 3845 sei,
909 3776 978 3831 liisst
998 3776 1058 3831 sich
1080 3775 1158 3829 nieht
1178 3774 1325 3829 ermitteln.

271 3873 413 3933 ²Mutian
433 3880 543 3934 scheint
562 3881 624 3934 dem
647 3879 743 3935 Urbau
763 3878 826 3933 eine
845 3878 1034 3949 Bearbeitnng
1059 3876 1118 3931 vicr
1137 3876 1311 3930 bestimmten
1331 3874 1459 3929 Psalmen
1480 3894 1513 3930 zu

204 3958 422 4013 horniletischen
449 3959 583 4014 Zweclren
611 3960 794 4030 versprochen
828 3976 860 4012 zu
892 3958 992 4014 haben.
1039 3957 1098 4011 Der
1124 3956 1282 4027 Erkliirung
1307 3955 1357 4010 der
1384 3956 1512 4011 Psalmerr

205 4039 334 4093 wendete
358 4056 388 4093 er
407 4039 569 4111 fortgesetat
589 4040 633 4094 ein
654 4039 793 4094 lebhat'tes
812 4038 950 4094 interesse
970 4056 1003 4091 zu
1024 4038 1081 4091 und
1097 4037 1162 4107 jede
1184 4054 1255 4091 nene
1276 4036 1444 4091 literarische
1465 4036 1513 4089 Er-

206 4118 365 4191 sebeinnng
383 4119 435 4174 aui
452 4120 556 4174 diesem
578 4118 697 4174 Gebiete
717 4118 811 4190 priilte
832 4136 863 4172 er
882 4119 933 4171 unit
955 4118 1004 4171 der
1023 4120 1147 4188 grdssten
1170 4114 1432 4171 Asrlmerirsamkeit.

270 4215 364 4274 ³Ans
384 4222 474 4275 dieser
499 4222 555 4274 rond
578 4222 660 4291 jener
676 4219 855 4290 Aenssernng
875 4219 997 4274 llIntians
1022 4220 1059 4273 ist
1083 4235 1116 4272 zu
1138 4218 1320 4287 enlnehmen,
1344 4218 1406 4272 dass
1434 4236 1463 4272 er·
1483 4218 1512 4271 in

206 4300 300 4355 aeiner
334 4301 494 4355 hemisebeu
521 4300 635 4355 Heimat
668 4300 822 4355 Einlriinfte
848 4299 944 4371 irgenrl
970 4300 1089 4355 weilohun·
1114 4298 1166 4352 Art
1191 4298 1280 4367 hatte,
1307 4298 1358 4352 wic
1385 4316 1414 4352 er
1439 4300 1513 4353 deun

205 4382 281 4436 auch
302 4379 464 4435 winderholt.
481 4399 535 4436 von
557 4381 661 4436 seinern
682 4380 841 4435 hessisohen
859 4379 1002 4435 Ver-tuerer·
1024 4378 1130 4452 sprieht
1151 4374 1346 4454 (procurator).

268 4478 284 4521 l
306 4482 487 4539 Biicherkanl
504 4483 551 4538 bei
571 4482 668 4553 Aldus,
688 4482 745 4555 vgl,
762 4482 808 4539 Bu.
832 4482 878 4538 12.
902 4482 948 4539 13.
971 4482 1015 4541 14.
1036 4480 1082 4542 24.
1101 4480 1147 4541 25.

268 4580 283 4627 ⁵
305 4586 368 4667 Vgl.
388 4586 432 4645 Br.
452 4586 489 4643 al
511 4586 567 4648 utrd
588 4586 636 4646 28.
