3625 5192
649 357 736 425 llrlelo
756 348 873 424 linricus
892 360 952 422 trs,
974 359 1034 419 bil.
1446 350 1496 414 24l

267 520 300 589 S.
311 542 339 607 p.
354 511 384 588 ri.
405 512 528 601 Patere,
545 520 587 586 nri
599 518 719 601 Lange,
741 520 826 601 prior
837 516 1017 594 reverende,
1039 522 1074 581 ut
1090 514 1121 578 in
1137 526 1172 579 re
1188 510 1310 576 mellita
1320 508 1498 595 festivaque
1553 511 1556 519 ’

185 629 333 691 ioccnrur.
357 626 441 703 Quid
454 624 511 689 tibi
535 624 647 689 recinit
666 621 977 705 olorinaSybplla?l
1001 617 1089 682 Vidit
1109 625 1229 699 aperte,
1253 636 1314 679 non
1336 636 1393 698 per
1413 622 1497 679 tran-

183 748 325 806 sennam,
339 726 466 806 Christi,
489 728 574 807 rcgis
590 725 698 804 nostri,
712 724 890 788 coullictuur
906 741 976 785 eum
991 726 1105 803 satane
1120 719 1298 802 legionibus
1315 724 1346 780 et
1357 718 1496 781 auxiliis.
1524 757 1529 764 ·

186 830 380 895 Victoriam2
411 829 586 895 luculenter
614 827 792 911 descripsit.
833 826 866 889 si
889 826 964 891 lieet
984 823 1137 887 eiusmodi
1160 821 1351 887 calamistris
1373 821 1497 885 inurere

185 952 249 997 rcm
277 950 414 1012 sacram,
442 939 474 996 ct
500 931 626 995 lauden
655 930 768 995 nreruit
795 927 946 991 Eobauus
977 932 1010 990 et
1041 924 1217 1007 orthodoxe
1251 923 1338 1009 plebi
1370 924 1495 1009 profuit.

184 1034 249 1099 Sed
269 1054 330 1098 non
353 1034 455 1115 video,
476 1054 530 1098 our
551 1052 612 1099 nou
635 1032 745 1097 liccat:
767 1051 837 1095 cunr
858 1029 1054 1111 evangeliste
1073 1026 1268 1111 metaphoris
1289 1034 1320 1091 et
1333 1033 1496 1110 poetarum

183 1134 313 1201 floribus
340 1135 510 1218 gaudeant.
558 1135 706 1200 Preterea
733 1134 760 1199 si
787 1132 936 1197 atrociter
965 1130 1047 1195 adeo
1073 1131 1193 1193 curiam
1214 1130 1364 1193 Seruator
1391 1134 1527 1200 noster,

169 1232 338 1303 'infernam
363 1238 487 1318 evertit,
512 1238 652 1321 prolecto
679 1254 827 1317 magnum
855 1254 892 1299 nc
915 1239 1074 1317 potentem
1095 1219 1227 1296 colimus
1248 1230 1420 1312 dominum,
1441 1231 1494 1312 qui

183 1359 222 1404 nc
247 1340 278 1405 iu
302 1340 469 1425 sepulchro
489 1339 614 1421 quidem
636 1338 704 1402 vita
725 1339 850 1403 functus
871 1336 1036 1417 quieverit.
1077 1335 1190 1399 Annon
1212 1341 1260 1398 est
1285 1332 1334 1397 vis
1357 1333 1425 1409 ita?
1508 1322 1515 1341 ‘

382 1454 471 1535 „Nec
491 1473 587 1534 mora,
612 1454 795 1545 cardinibus
818 1457 926 1537 postes
946 1452 1089 1517 occidere
1110 1450 1244 1517 solutis³

385 1556 463 1621 Cum
484 1556 588 1623 sonitu
610 1575 823 1638 magnamque
844 1556 934 1620 dedit
957 1555 1108 1638 prolapsa
1127 1552 1252 1617 ruinam

256 1678 262 1687 ·
297 1732 298 1735 Ἴ
384 1656 495 1739 Ianua,
519 1678 582 1724 non
605 1659 697 1725 aliter
718 1678 812 1741 quarn
834 1659 861 1723 si
882 1657 970 1722 louis
987 1657 1061 1739 igne
1083 1660 1213 1739 repente

383 1759 485 1825 Tacta
506 1761 601 1825 cadat
622 1761 789 1842 sonituque
809 1759 914 1823 trahat
934 1777 1029 1841 super·
1050 1777 1168 1839 equora
1189 1757 1312 1840 r·upes.“

263 1873 358 1939 Poeta
381 1874 430 1939 ius
442 1894 531 1939 suurn
544 1876 654 1954 tenuit,
677 1875 726 1939 cui
743 1874 770 1937 si
787 1872 977 1952 accedimus,
999 1871 1123 1937 ridiculi
1139 1871 1329 1938 videbuntur
1342 1872 1492 1950 Thomas,

182 1976 306 2057 Scotus,
335 1977 442 2059 ceteri,
470 1977 524 2059 qui
552 1977 686 2042 barbare
720 1975 992 2059 philosophantur.
1039 1975 1181 2052 Querunt
1211 1976 1307 2040 anxie
1334 1975 1430 2039 nimis
1461 1984 1493 2038 et

180 2079 414 2161 supersticiose,
445 2088 589 2143 utrumne
620 2080 728 2143 anima
759 2078 888 2143 realiter
918 2098 959 2142 an
989 2076 1160 2142 secuudum
1193 2077 1337 2143 effectum
1369 2082 1491 2140 tantum

181 2178 366 2261 demigrarit
393 2178 432 2243 ad
456 2181 581 2245 inl'eros.
628 2180 709 2243 Mira
730 2180 957 2245 controversia!
1000 2179 1097 2257 Quasi
1126 2180 1205 2243 satis
1231 2198 1294 2244 nou
1315 2179 1356 2242 sit
1377 2179 1489 2261 poetis,

179 2280 234 2363 qni
257 2280 403 2346 viderunt
422 2300 582 2364 pugnam,
609 2287 641 2349 et
668 2281 1130 2367 symbololideicredidisse,
1165 2281 1299 2363 Scripsit
1326 2280 1366 2344 de
1392 2298 1488 2345 resur-

181 2384 320 2449 rectione
341 2383 474 2449 Florens
492 2384 716 2449 Tertullianus.
764 2384 919 2449 Libellum
944 2385 1025 2449 tanti
1049 2384 1212 2467 scriptoris
1241 2384 1269 2447 si
1293 2383 1406 2463 habes,
1428 2381 1491 2447 nle-

181 2506 251 2551 oum
273 2488 478 2553 communica.
521 2486 612 2552 Mitto
634 2486 788 2552 Basiliam
810 2486 997 2551 lllosellanil
1024 2487 1123 2553 uostri
1149 2492 1180 2549 et
1202 2486 1302 2567 ipsius
1323 2486 1490 2569 epistolam

179 2587 238 2652 tibi
260 2607 419 2653 consecro.
464 2588 596 2654 Videbis
623 2590 820 2672 eleganoiaur
850 2595 881 2653 et
907 2590 1025 2654 cultum
1047 2588 1207 2653 orationis.
1251 2588 1346 2653 bliror·
1375 2596 1489 2661 auteur,

179 2709 234 2754 cur
255 2690 354 2755 bonus
375 2690 562 2755 adolescens
594 2691 677 2756 hauc
704 2692 765 2756 sibi
792 2692 946 2755 inuidiam
968 2692 1065 2755 iaciat
1086 2689 1173 2774 apud
1194 2692 1349 2771 eruditos,
1377 2698 1410 2755 ot
1437 2691 1489 2755 dc-

179 2800 299 2857 certare
321 2810 355 2857 se
376 2793 495 2857 scribat
517 2813 585 2857 curn
599 2794 782 2858 Florentino
795 2794 947 2858 Platone5
968 2792 1047 2856 uilril
1064 2793 1182 2857 veritus
1203 2792 1361 2857 iactaucie
1381 2801 1488 2857 uota'm

180 2892 265 2968 Quid
295 2894 405 2976 egisti,
434 2896 476 2959 nri
504 2895 629 2976 Lange,
656 2916 726 2960 curn
755 2896 879 2960 clericis
901 2896 1083 2960 Cretensis6
1109 2894 1297 2959 dioceseos?
1337 2894 1421 2972 Quid
1449 2895 1489 2959 de

180 2997 440 3075 pronunciatione
451 2997 571 3078 greca?
614 2997 852 3063 Dissentiuntnc
874 3018 892 3061 a
916 2995 1060 3060 (lroeoil
1101 2995 1189 3059 Vale.
1233 2995 1402 3060 Paschalia
1423 2996 1489 3060 liba

179 3096 314 3177 tbciliter
334 3098 451 3164 deliba.

258 3200 305 3263 Xl
331 3200 494 3265 Kalendas
516 3200 722 3266 Maiasanno
746 3201 848 3265 XVll.
978 3279 981 3284 y
1201 3201 1407 3265 ltlrrtianus.

193 3304 212 3337 ⁶
249 3309 429 3359 narroscnrrru.
450 3312 512 3357 oon.
532 3312 600 3357 cam.
623 3312 689 3357 uon.
710 3296 759 3358 voi.
783 3312 837 3356 rur
858 3326 896 3372 ep.
910 3312 949 3359 rs.
986 3313 1136 3371 anaprapu.

241 3433 253 3475 1
271 3438 401 3494 Ecbauus
424 3440 536 3495 Hessos.

239 3514 253 3556 2
275 3518 398 3575 Victoria
419 3519 522 3575 Christi
543 3520 579 3575 ab
597 3517 601 3594 l
620 3521 728 3579 Inferis.
748 3518 751 3594 l
771 3520 899 3576 Carmine
921 3523 1040 3576 lleroico
1062 3524 1144 3578 Helio
1163 3518 1168 3593 Ι
1186 3523 1301 3577 &barro
1322 3522 1410 3577 Hesso
1432 3523 1487 3577 Au·

177 3598 266 3653 thore.
298 3599 467 3670 lurprossunr
487 3602 641 3671 Erphordie
667 3620 716 3671 per
736 3602 890 3657 Mattheum
911 3600 915 3674 Ι
934 3604 1022 3657 lrlrlcr
1041 3621 1114 3659 auno
1136 3605 1252 3661 (lumini.
1281 3604 1415 3661 1.5,17.
1449 3604 1486 3655 12

178 3677 293 3734 Bliittcn.
336 3676 386 3735 40.
412 3682 485 3736 Dem
512 3688 628 3737 neusten
653 3680 829 3753 Biographen
856 3684 904 3737 des
926 3684 1056 3740 Dichters
1081 3686 1129 3739 hat
1154 3685 1199 3739 cin
1223 3685 1371 3749 Exemplar
1397 3685 1488 3739 dieses

178 3757 306 3813 Druckca
327 3761 405 3815 nicht
425 3763 600 3833 vorgclcgou.
633 3762 669 3815 Es
692 3766 790 3833 nriigen
810 3764 926 3818 doshalb
948 3765 1038 3835 einigc
1051 3765 1166 3820 Notlzeu
1188 3766 1257 3819 iiber
1278 3765 1323 3819 ein
1337 3766 1486 3819 solclresiu

177 3836 273 3893 Berlin
301 3840 361 3895 hier
386 3842 446 3897 ihrc
474 3844 559 3897 Stellc
588 3842 689 3897 finden.
742 3844 800 3897 llas
826 3842 948 3898 Gediclrt
972 3845 1061 3899 hicrin
1090 3847 1199 3900 bestcht
1224 3863 1273 3899 aus
1299 3844 1356 3898 487
1379 3845 1485 3900 Versen

178 3919 283 3974 welche
304 3920 355 3975 aul
374 3922 526 3978 21·Seiten
547 3922 608 3991 (fol.
632 3923 766 3978 dr-fol.
790 3923 855 3983 lli-i
877 3926 988 3978 rertoilt
1010 3926 1080 4000 sind,
1121 3926 1182 3979 Ans
1200 3926 1262 3979 dem
1283 3932 1375 3980 ersten
1386 3926 1486 3994 Blatte,

178 4001 326 4055 unterlralh
355 4003 403 4056 des
424 4002 526 4071 Titcls,
554 4003 590 4057 ist
615 4004 659 4057 die
684 4002 893 4074 Auferstehuug
918 4003 1020 4058 Christi
1049 4006 1211 4076 nbgrbildet
1260 4006 1315 4059 Die
1338 4006 1485 4059 Kehrscitc

177 4097 231 4132 rou
261 4078 303 4137 Bl.
328 4078 341 4135 l
368 4083 479 4137 cutlriilt
503 4083 549 4137 oin
570 4084 852 4154 Widrrrurrgsgedicht
881 4102 918 4139 au
945 4085 1078 4140 Heinrich
1106 4086 1254 4141 Eberbaeh
1285 4086 1319 4137 li
1347 4085 1484 4140 Disticha.

177 4158 290 4215 Pauzer.
312 4160 383 4217 Ann.
407 4169 465 4234 typ.
488 4164 567 4217 liihrt
587 4166 639 4217 den
663 4164 758 4217 Druck
779 4182 822 4219 an.

240 4234 317 4296 ³131.
340 4242 398 4319 bra,
418 4243 588 4299 vemarrr-
600 4243 674 4313 ‘2223
695 4244 741 4298 fuir
763 4262 946 4315 magnamquc
967 4246 1051 4300 heisst
1072 4263 1102 4301 os
1119 4248 1239 4302 rlusclbst
1258 4247 1463 4318 ingentemque.

238 4314 253 4357 4
274 4320 335 4393 Vgl.
357 4324 410 4377 don
431 4324 545 4395 vorigen
566 4322 651 4379 Bricf.
753 4320 767 4362 ‘3
789 4324 929 4379 Mar-silius
948 4325 1085 4390 Ficiuus„

244 4394 257 4437 ⁶
278 4400 393 4457 Danach
415 4404 546 4459 scheinen
568 4404 669 4459 Kretea
687 4405 746 4459 sich
769 4405 882 4475 liiugcro
903 4406 964 4460 Zeit
980 4407 1008 4459 in
1029 4407 1125 4461 Erfurt
1141 4408 1320 4479 oufgchalteu
1341 4410 1396 4462 und
1417 4409 1473 4461 iihu

180 4480 237 4533 liclr
259 4482 309 4535 uie
330 4483 359 4537 in
381 4484 496 4555 Leipzig
514 4486 562 4539 das
584 4484 763 4539 Grieclrisohe
785 4504 818 4538 au
840 4487 934 4540 lelrren
958 4489 1085 4541 uersucht
1105 4506 1138 4541 zu
1157 4490 1257 4546 haben.

240 4556 252 4599 l
277 4560 335 4632 Vgl.
357 4562 403 4621 Br.
419 4564 473 4617 557
498 4562 524 4619 S.
540 4564 594 4617 221
619 4564 740 4620 Annali.

733 4681 933 4689 --—-———

228 4716 392 4770 aceruum.
402 4720 423 4761 u.
434 4720 470 4761 er.
480 4720 501 4763 s.
514 4720 594 4763 xvru.
1249 4720 1281 4771 16
