3625 5192
684 363 773 420 Brieie
794 363 915 420 Mulians
935 363 993 417 108.
1440 363 1492 417 145

184 517 290 580 rimari
314 533 431 579 arcana
451 519 563 579 nature
574 519 606 578 et
617 513 887 597 Baptistestudia
908 513 1068 595 subsequi,
1090 512 1256 596 presertim
1277 512 1309 574 in
1331 511 1492 594 syderali⁸

184 616 327 682 scientia.
381 617 451 681 Non
484 622 588 682 tamen
622 616 748 681 tabulas
781 615 957 700 Alphousi¹
990 621 1022 679 et
1055 613 1307 679 divinaculorum
1342 615 1492 698 presagia

183 738 302 788 moror„
344 719 411 783 Scit
439 719 624 802 Spoletinus
650 718 837 783 ariditatem
864 717 1017 782 stomachi
1045 717 1117 782 mei.
1164 716 1300 781 Habetis
1327 716 1359 779 in
1387 715 1493 780 riculo

183 821 421 886 Danbacchob2
450 821 650 886 Clralderrm.³
698 821 761 884 Det
794 821 870 900 tibi,
905 839 1016 902 queso,
1053 819 1202 902 spheras⁰
1234 818 1435 884 materiariam
1461 823 1494 882 et

185 921 370 988 austrolahiid
391 923 558 988 seientiam
586 922 795 1008 perfunctorie
823 921 937 988 tradat.
980 921 1063 985 Nam
1090 927 1121 985 te
1147 915 1398 1004 tandenr'super
1422 919 1494 984 istis

182 1025 275 1089 rebus
296 1025 526 1106 questiuncnlis
546 1025 702 1110 experiar,
723 1033 757 1090 ut
780 1026 848 1108 ipse
864 1023 1037 1108 proficiam.
1079 1024 1192 1088 Dicam
1214 1023 1311 1088 etiam
1333 1043 1416 1086 nrunc
1437 1022 1496 1085 ali·

186 1126 262 1208 quid
296 1127 336 1192 de
367 1127 494 1192 Boetio:
532 1127 602 1192 Non
639 1129 820 1212 prelegatur
849 1126 1047 1203 semidoctis,
1087 1145 1107 1190 a
1138 1126 1363 1192 consummatis
1394 1125 1494 1209 philo-

182 1229 291 1314 sophis
319 1230 374 1294 rix
404 1229 600 1312 intelligitur.
651 1230 724 1314 lpse
755 1229 895 1294 elocucio
927 1229 1061 1313 poeticis
1094 1229 1227 1313 tropicis
1259 1228 1435 1292 maculatur
1463 1231 1495 1288 et

183 1329 306 1394 aridum
342 1331 522 1415 siccumque
556 1333 633 1397 l'acit
663 1331 819 1398 lectorem.
870 1331 996 1413 Perlegi
1024 1331 1123 1396 libros
1156 1330 1228 1396 illos
1253 1332 1401 1413 quinque.
1457 1329 1494 1393 In

183 1449 220 1495 eo
248 1451 330 1506 suro,
368 1440 402 1498 ιιι
434 1433 560 1498 credam
594 1442 649 1498 aut
674 1434 820 1499 lloetium
852 1453 915 1498 non
946 1434 1113 1517 scripsisse
1139 1440 1195 1498 aaut
1219 1438 1400 1514 corrtrptum
1425 1451 1496 1498 esse

184 1534 339 1600 volumen.
382 1535 606 1600 Conrnrentarii
639 1556 713 1601 vero
744 1555 805 1600 uon
838 1535 932 1600 ruodo
963 1536 1035 1600 salsi
1073 1543 1145 1601 sunt
1177 1541 1207 1600 et
1239 1535 1354 1618 inepti,
1388 1553 1496 1624 rernm

182 1636 278 1699 etiarn
300 1636 440 1718 indigni,
470 1637 522 1719 qui
546 1638 699 1718 legantur.
743 1637 855 1702 Dicam
880 1657 991 1718 unum,
1022 1640 1106 1720 quod
1128 1637 1295 1702 ridiculum
1317 1643 1379 1716 est,
1407 1645 1441 1701 ut
1461 1645 1495 1702 tu

180 1757 304 1820 utroque
333 1758 453 1804 meorum
484 1740 598 1804 rideas.
649 1741 744 1805 Libro
772 1741 867 1806 tertio
887 1760 983 1825 prosa
1004 1743 1140 1806 octava⁴
1162 1741 1496 1828 commentatorponit

181 1840 239 1905 hee
258 1840 368 1906 verba:
391 1841 516 1923 „Nota‚
548 1844 631 1926 quod
653 1843 838 1908 Alcibiades
859 1843 972 1913 mulier
992 1843 1052 1908 luit
1073 1843 1308 1926 pulcherrima“
1341 1850 1373 1906 et
1400 1843 1497 1910 addit

180 1943 246 2007 alia
273 1963 334 2008 non
362 1945 466 2008 nrinus
494 1944 584 2009 salsa.
627 1945 654 2010 0
678 1945 836 2010 Thomu-⁵!
883 1946 954 2009 Non
980 1945 1040 2009 fuit
1068 1945 1181 2010 mulier
1207 1944 1410 2026 Alcibiades,
1436 1948 1494 2012 sed

181 2046 330 2128 princeps
352 2047 590 2112 Atheniensium
612 2047 804 2114 notissimus.
847 2048 918 2112 Non
941 2048 1033 2130 legit,
1054 2047 1150 2127 crede
1171 2045 1259 2124 mihi,
1281 2045 1496 2131 Plutarchum,

183 2147 331 2213 Emilium
353 2147 511 2214 Probum⁰
534 2157 565 2215 et
586 2157 705 2216 ceteros
726 2151 905 2233 scriptores,
929 2153 984 2233 qui
1005 2150 1105 2214 vitam
1125 2149 1308 2214 Alcibiadis
1329 2149 1362 2213 in
1384 2150 1493 2217 literas
1511 2227 1517 2236 ,

184 2250 364 2316 retulerunt
406 2250 468 2316 Sed
492 2271 613 2336 pauper
630 2253 816 2332 llenricusl,
839 2252 1061 2318 (lanfredus‘8
1081 2259 1114 2317 et
1133 2250 1315 2317 consimiles
1334 2253 1494 2335 margines

179 2353 320 2436 implent.
363 2353 702 2437 lgnosee'loquacitati
717 2363 821 2422 nostre
839 2363 870 2420 el
891 2375 994 2440 parce,
1037 2356 1148 2420 Helias
1167 2355 1313 2421 ieiunans
1335 2353 1367 2418 iu
1389 2355 1492 2420 celum

181 2454 310 2520 volavit.
352 2455 422 2520 Non
444 2476 551 2522 somus
571 2457 698 2537 Dedali,
719 2458 890 2524 nonlcari.
933 2459 1040 2524 Penne
1056 2457 1170 2524 desunt
1190 2457 1259 2522 alis.
1303 2455 1491 2522 Vehiculum

178 2557 257 2620 rutis
279 2563 375 2622 caret.
422 2557 513 2623 Adeo
534 2578 636 2624 vanos
655 2566 688 2625 et
708 2560 877 2644 impudens
896 2569 960 2640 est,
985 2561 1129 2643 quisquis
1155 2561 1188 2626 in
1210 2562 1307 2625 altum
1329 2561 1399 2625 sine
1420 2580 1490 2642 gra-

181 2659 274 2734 dibus
297 2661 440 2726 doctrine
470 2661 587 2726 nititur.
630 2662 725 2742 Vale,
743 2663 787 2727 mi
810 2663 1062 2748 prestantissime
1085 2664 1222 2730 Urbane.
1265 2664 1333 2728 lloc
1353 2654 1490 2743 oramus,

179 2771 214 2826 ιιι
235 2763 351 2846 impias
372 2764 480 2828 literas
491 2783 672 2848 concerpas,
693 2763 776 2830 adde
798 2766 904 2846 etiam,
921 2785 1032 2848 parum
1048 2766 1197 2832 eruditas.
1242 2766 1385 2832 locamur
1405 2766 1508 2830 enim·
1595 2754 1599 2760 ’

251 2895 315 2941 *Ta
334 2896 443 2944 siderali.
496 2882 561 2944 ”Ta
576 2898 744 2946 Damhaceho.
798 2892 854 2943 c1¹¹
867 2914 959 2958 speras.
1014 2881 1221 2945 “r'sstrorahrt
1270 2891 1334 2943 ‘Ta
1354 2897 1490 2946 (lantfredi.

184 3057 380 3065 -n—-m

186 3205 192 3220 .
244 3167 385 3226 lTahulc
401 3171 595 3228 astronomica.
630 3169 740 3227 Allonsi
751 3173 844 3244 Regis.
876 3173 946 3226 Eine
958 3169 1089 3243 Ausgabe
1109 3171 1253 3226 dersclbcu
1265 3171 1490 3242 erschicn1483,

180 3251 242 3306 eine
261 3253 363 3306 andere
386 3249 470 3306 1492.
509 3252 573 3322 Vgl.
595 3252 678 3321 Hain,
698 3253 810 3322 llepcrt,
832 3253 878 3310 Νι.
900 3253 958 3306 868
980 3254 1037 3306 rand
1059 3253 1127 3310 800,

241 3327 339 3404 lvgl.
361 3331 406 3386 Br.
429 3332 465 3385 27
488 3331 514 3388 S.
536 3333 574 3384 38
596 3331 678 3387 Αιιιιι.
699 3333 726 3388 3.

241 3406 256 3452 3
279 3412 337 3466 Der
358 3413 470 3468 anrrcr
496 3431 550 3468 ron
573 3413 716 3468 Tambnch
737 3414 848 3468 dohann
870 3412 1002 3484 Rcynber
1028 3413 1063 3466 ist
1082 3413 1213 3484 gemeint.
1262 3412 1327 3483 Vgl.
1349 3412 1419 3467 iiber
1438 3412 1493 3466 ihu.

180 3491 273 3546 Beni
296 3493 321 3548 S.
334 3493 372 3548 38
393 3492 477 3550 Anm.
491 3493 517 3548 2.
977 3511 981 3518 ·

240 3567 328 3628 ⁴Die
350 3574 501 3628 Textstelle
523 3573 622 3629 lant-ct:
650 3573 768 3643 Quodsi,
797 3581 828 3628 ut
849 3572 1014 3629 Aristoteles
1034 3573 1088 3642 ait,
1115 3573 1221 3644 Lyncei
1248 3574 1338 3628 oeulis
1362 3574 1489 3628 homines

179 3661 331 3721 arcerentur,
352 3662 491 3710 uteorum
515 3655 589 3708 risus
610 3655 928 3724 obstantiapenelrarct,
947 3671 1038 3708 nonne
1057 3655 1235 3724 introspectis
1245 3655 1397 3708 uisceribus
1417 3654 1488 3708 illud

180 3734 337 3789 Alcibiadis
358 3734 504 3807 superficie
525 3735 742 3806 pulcherrimum
762 3753 863 3806 corpus
880 3734 1070 3804 turpissimum
1092 3735 1250 3788 uideretur?

239 3809 255 3853 ⁵
278 3814 331 3869 Dic
355 3815 612 3886 Boethiusansgnbc
634 3817 682 3869 des
701 3815 824 3870 'lhoruas
844 3815 969 3870 l'errator
988 3815 1115 3869 erselrien
1141 3814 1218 3867 1504
1239 3833 1272 3868 zu
1293 3815 1378 3869 Kiilu.
1423 3815 1487 3886 vgr.

183 3894 293 3950 Teuffel
312 3895 390 3950 lliim.
412 3897 552 3968 Litpesch.
576 3896 662 3953 1882.
684 3895 710 3950 S.
735 3895 821 3950 1137.

242 3970 340 4032 GDen
373 3977 512 4031 Aemilius
537 3977 646 4031 Probus
679 3995 789 4030 nermcn
826 3966 870 4030 die
893 3975 1120 4030 llebcrschristcn
1149 3975 1177 4028 in
1205 3977 1258 4029 den
1286 3974 1402 4030 Codices
1439 3977 1488 4030 des
1566 3975 1569 3979 ’

181 4053 327 4111 Cornelius
348 4057 443 4128 Nepos
465 4058 505 4111 als
527 4057 671 4112 l'criaaser
690 4058 739 4110 dcc
759 4055 1104 4127 Fclulherrnbiographicn.

244 4131 256 4175 7
279 4137 416 4192 chricus
429 4137 540 4208 Pauper
560 4137 669 4192 sehrieb
692 4155 738 4190 um
760 4135 837 4189 1182
858 4138 906 4191 (las
924 4135 1042 4190 Carmen
1062 4135 1228 4208 elegiacum:
1253 4136 1314 4202 „De
1329 4137 1487 4190 diuersitate

180 4215 307 4272 lorturnae
328 4225 355 4271 ct
374 4217 565 4288 philosophiae
593 4215 798 4272 consolatiouc“
823 4217 851 4270 in
882 4214 959 4270 1000
980 4215 1094 4270 l'crsen.
1144 4216 1208 4287 Vgl.
1229 4217 1306 4271 llutt,
1325 4235 1368 4287 op.
1390 4216 1485 4287 Suppl.

181 4297 222 4350 ed.
243 4296 437 4370 Boeki11g‚ll.
459 4317 486 4369 p,
507 4297 573 4352 389.

242 4371 257 4415 ⁸
279 4379 436 4433 (lautfredus
457 4379 531 4433 leblc
558 4396 606 4432 aur
632 4377 691 4431 Zuit
720 4377 862 4431 Friedrich
884 4377 905 4433 l.
937 4378 994 4430 rand
1018 4395 1075 4431 war
1100 4384 1191 4430 zucrst.
1216 4377 1260 4431 cin
1289 4376 1406 4431 Schiiler
1438 4378 1487 4430 des

184 4456 284 4512 Petrus
304 4458 444 4528 Abiilard,
465 4463 559 4529 spiiter
579 4461 627 4513 des
649 4457 791 4512 Bernhard
813 4476 864 4511 rou
888 4456 1041 4512 Clairuaux.
1082 4457 1121 4510 Er
1140 4457 1250 4520 seheint
1275 4458 1320 4511 ein
1341 4457 1487 4512 iihuliclues

185 4535 272 4592 Werk
302 4541 352 4593 wie
381 4539 464 4594 Henr.
488 4539 598 4610 Pauper
625 4538 742 4592 rerfssst
761 4557 794 4591 nu
822 4538 922 4593 haben.
964 4538 1027 4606 vgl.
1055 4539 1103 4592 das
1121 4538 1241 4608 Werrige
1270 4539 1340 4591 iiber
1366 4539 1413 4591 ihrr
1441 4537 1487 4592 bei

182 4616 360 4674 'Prilhemius
381 4619 480 4690 Scripl.
501 4639 557 4675 cce.
579 4620 599 4674 l.
621 4637 649 4688 p.
670 4617 736 4672 277.

230 4722 474 4772 ermensendam.
486 4720 598 4763 savus.
1252 4715 1286 4776 10
