3625 5192
336 346 390 401 208
708 346 970 416 Geschiclrtsqnellcn
987 348 1036 403 der
1053 348 1128 403 Pron.
1147 348 1270 403 Sachscn.

338 503 372 561 ut
397 502 534 581 prestes,
556 497 639 579 quod
666 496 833 580 promittis.
880 496 1018 561 Eclamsi
1045 497 1143 562 multo
1169 498 1306 579 amplius
1327 497 1525 581 exposueris,
1549 516 1643 580 quam

337 598 539 664 Canthusioi1
560 598 708 679 debeant,
729 608 834 663 tamen
856 604 887 664 te
908 598 1140 663 securissimum
1164 599 1284 664 latiam.
1327 600 1441 665 Scrvet
1458 600 1554 665 istam
1567 600 1642 663 roilri

337 702 532 767 voluntatem
560 707 645 766 tuam
679 701 865 766 immortalis
906 700 994 767 Deos
1021 710 1054 767 ct
1074 702 1199 767 conatui
1221 710 1317 784 atque
1337 703 1507 786 apparatui
1530 703 1643 767 seduli-

280 796 290 815 *
337 810 434 869 tatem
453 804 579 869 tribuat.
622 802 711 868 Vale.

419 907 497 970 Post
517 906 645 989 nuptias
666 906 761 971 amici
783 926 867 971 anno
889 906 1023 972 MDXV.

409 1058 591 1104 Hsndsclrrit‘tl.
616 1058 637 1103 1⁴¹
662 1058 712 1103 blo
737 1058 778 1103 sol.
804 1058 1016 1106 3285-3291.
1062 1060 1137 1106 (ladr.
1166 1060 1190 1104 5.
1218 1060 1260 1105 Τ5.
1290 1059 1313 1106 S.
1339 1056 1486 1106 224-‘2'25
1511 1074 1557 1104 roo
1579 1060 1641 1118 Quid

341 1129 468 1175 Duronius
485 1128 521 1173 bis
541 1129 668 1175 hactonus.

339 1384 418 1452 543.
441 1382 486 1449 ll.
510 1402 555 1449 arr
577 1380 712 1449 Urban.
929 1328 1188 1465 (1151551515.Ι
1214 1383 1315 1451 11555
1335 1384 1390 1450 18.
1409 1381 1643 1469 September.)

407 1526 469 1575 1151.
488 1528 590 1585 55511511,
609 1526 665 1572 dass
679 1526 774 1571 1151155
795 1524 845 1571 ruod
856 1524 945 1571 Cretas
965 1527 1017 1571 sich
1037 1526 1098 1573 ilbar
1116 1526 1157 1572 dio
1171 1527 1254 1573 Kiirza
1272 1526 1355 1572 scincr
1373 1528 1456 1573 Briuia
1478 1529 1642 1585 bescbwcren,

339 1612 366 1643 ur
393 1598 464 1643 wollo
489 1596 605 1643 indasson
625 1597 670 1643 urit
689 1591 827 1657 „Poeten“
849 1596 910 1643 libor
933 1596 974 1642 die
993 1597 1177 1657 Bersclrtigung
1194 1597 1274 1643 dieses
1294 1598 1435 1643 Vorwurtes
1453 1599 1524 1644 nicht
1542 1598 1641 1645 lradcrn.

340 1668 424 1713 Urban
448 1668 509 1712 solie
537 1668 592 1713 5155
612 1666 683 1712 111515
707 1668 746 1712 lilr
769 1668 817 1712 den
837 1668 915 1712 Polrnl
934 1667 1028 1712 scnden
1047 1668 1097 1713 urrd
1118 1668 1311 1727 nacltlorsclren,
1336 1682 1387 1714 was
1406 1684 1455 1713 von
1474 1668 1519 1713 dar
1539 1670 1643 1714 Biiclrur·

339 1752 417 1784 masse
435 1739 499 1783 5555
520 1738 603 1783 llrlurt
622 1737 743 1797 gebracht
762 1738 805 1783 soi.

419 1853 573 1935 Magistro
594 1853 730 1917 chrico
752 1852 912 1917 Urbano
933 1852 1094 1917 Mutiaous
1114 1852 1222 1917 Rnlirs.

418 1974 449 2037 S.
486 1972 620 2038 Cenanti
643 1972 719 2036 nini
742 1972 863 2037 reddite
885 1980 958 2037 5551
978 1972 1129 2037 Hutteni²
1151 1980 1183 2036 51
1203 1972 1309 2038 015113
1330 1974 1427 2038 litere.
1464 1972 1643 2055 [15555155-

337 2084 387 2142 tur
415 2083 446 2141 et
472 2097 521 2141 mc
546 2077 637 2159 quasi
659 2076 820 2159 postulant
842 2076 1011 2140 brevitatis
1030 2076 1061 2139 in
1083 2075 1259 2140 scribendo.
1305 2076 1430 2140 Amoris
1450 2076 1484 2141 id
1505 2084 1569 2141 est:
1591 2076 1642 2159 qui

259 2244 262 2251 ,
337 2187 440 2261 amat,
472 2178 599 2243 nonnisi
641 2179 904 2261 locuaspletissim
943 2184 1099 2261 expectat.
1149 2178 1216 2259 Ego
1243 2198 1318 2240 vcro
1340 2178 1500 2243 laconicus
1523 2180 1642 2256 sorilm:

337 2283 443 2367 515551
463 2285 657 2365 μικρολογεῖν,
680 2280 829 2363 displicet
849 2282 956 2344 ociosa
978 2280 1113 2343 latitudo
1133 2288 1165 2342 et
1185 2281 1279 2363 55515
1303 2300 1363 2342 555
1386 2280 1480 2345 valde
1502 2298 1642 2345 necessa-

338 2385 393 2449 ria.
446 2384 507 2459 Qui
537 2392 642 2446 mente
673 2402 734 2445 555
768 2388 929 2462 constant,
963 2386 1077 2446 insana
1108 2382 1207 2447 verba
1236 2402 1274 2445 ex
1303 2397 1359 2445 55·
1386 2390 1541 2464 promunt.
1584 2382 1641 2459 Qui

336 2486 431 2570 sapit,
453 2504 556 2568 pauca
578 2484 723 2567 loquitur.
756 2484 831 2548 Tria
853 2486 962 2565 verba,
983 2485 1016 2549 id
1038 2491 1095 2564 551,
1118 2502 1229 2567 panca.
1260 2484 1339 2549 Tres
1357 2492 1463 2549 tamen
1477 2485 1642 2567 collegium

337 2589 472 2669 1551551,
504 2596 537 2651 51
567 2582 671 2669 innuit
701 2587 974 2652 iurisconsultus.4
1022 2588 1055 2651 Si
1082 2592 1146 2651 tres
1171 2593 1264 2670 poete
1288 2588 1435 2651 sederent
1457 2586 1490 2650 in
1512 2586 1644 2669 collegio

337 2698 369 2755 51
395 2710 484 2755 cesar
510 2689 748 2754 Maximilianus
773 2690 912 2769 veniret,
949 2708 1012 2753 non
1051 2696 1261 2770 assurgerent.
1311 2690 1357 2753 lta
1378 2689 1439 2754 sibi
1462 2689 1569 2771 placet
1589 2687 1645 2752 555

338 2814 438 2876 genus
464 2793 633 2857 hominum.
682 2792 780 2857 lulius
805 2792 920 2870 Cesar,
950 2792 1166 2875 amplissimus
1191 2800 1223 2856 et
1250 2790 1490 2855 florentissimos
1520 2794 1583 2872 vir,
1613 2794 1641 2855 in

337 2896 505 2978 collegium
532 2902 693 2979 poetarum
722 2914 792 2958 cum
814 2894 967 2965 venisset,
988 2894 1103 2957 Accius
1126 2901 1220 2974 55515
1248 2913 1309 2956 555
1338 2896 1521 2959 assurrexit.
1575 2895 1642 2958 Non

338 3000 514 3063 maiestatis
545 2998 613 3061 eius
644 2996 820 3078 immemor,
853 2996 911 3061 sed
942 2995 1025 3078 quod
1056 3015 1090 3059 se
1120 2998 1151 3059 io
1185 2997 1314 3060 musicis
1344 2996 1458 3062 studiis
1482 2998 1644 3079 aliquanto

337 3102 531 3186 superiorem
553 3119 624 3165 esse
645 3098 823 3165 confideret.
854 3098 941 3177 Ideo,
962 3098 1004 3162 mi
1024 3098 1162 3178 Urbane,
1183 3118 1294 3163 vereor
1316 3100 1518 3164 insolentiam
1539 3108 1641 3184 poeta-

337 3226 413 3287 rum,
436 3223 497 3269 non
520 3202 623 3267 audeo
645 3222 715 3267 cum
738 3194 856 3265 tantisb
878 3200 1017 3282 ingeniis
1038 3206 1168 3265 certare.
1200 3200 1296 3281 Cedo,
1317 3201 1448 3267 herbam
1463 3200 1539 3267 d0.⁵
1573 3201 1644 3279 Hui,

332 3306 492 3391 quomodo
510 3288 711 3370 insultarent
737 3303 828 3378 mihi,
867 3303 894 3367 si
922 3303 1015 3367 unico
1034 3302 1131 3368 verbo
1152 3303 1348 3368 stomachum
1368 3303 1450 3367 illis⁶
1472 3304 1642 3369 moverem!

336 3412 418 3474 Acer
445 3417 477 3473 et
507 3407 677 3472 vehemens
713 3405 836 3472 Ulricus
869 3406 1025 3470 Huttenus
1059 3413 1090 3471 ct
1115 3424 1249 3487 magnus
1277 3414 1384 3489 poeta,
1411 3406 1467 3472 sed
1496 3407 1584 3487 talis,
1610 3412 1645 3469 ut

337 3510 497 3576 levissimo
525 3509 611 3574 dioto
642 3509 758 3573 irritari
789 3509 898 3592 possit.
954 3509 1091 3573 Parcant
1123 3506 1200 3571 mihi
1234 3508 1296 3572 ista
1326 3508 1473 3589 ingenia,
1505 3528 1540 3574 se
1567 3508 1644 3573 milri

337 3612 506 3696 prel'erant.
554 3610 656 3695 Cupio
681 3618 713 3675 et
739 3612 843 3695 patior
869 3611 955 3676 vinci
977 3612 1018 3675 ab
1039 3609 1114 3691 illis,
1135 3628 1296 3692 nunquam
1317 3610 1418 3691 glorie
1438 3610 1553 3675 studui.
1593 3610 1644 3673 'l'u

339 3713 462 3779 thecam
483 3712 588 3787 mitte,
617 3719 651 3777 nt
672 3712 828 3797 cyathus⁶
849 3713 1029 3779 includatur
1049 3711 1118 3777 sive
1138 3712 1198 3777 tibi
1227 3713 1296 3778 sive
1324 3711 1468 3797 presidil
1489 3732 1643 3777 commen-

412 3853 423 3880 *
442 3860 475 3906 ‘rs
494 3860 545 3905 aaa
563 3860 636 3906 551.
658 3874 718 3907 sese.
791 3843 1013 3915 15115555,
1033 3858 1079 3905 nn.
1149 3852 1160 3878 ⁰
1180 3860 1213 3904 rs
1230 3858 1281 3904 ‚oo
1298 3858 1372 3910 551,
1391 3857 1458 3917 ipsis

337 4008 533 4017 ——-.—-—.

400 4118 410 4159 1
432 4122 489 4175 Fur
509 4122 562 4175 dou
586 4120 748 4191 Weinbcrg.
790 4118 852 4190 Vgl.
875 4116 991 4175 31:528
1013 4116 1039 4171 S.
1052 4118 1116 4171 191.

398 4199 548 4257 ‘thaman
569 4201 597 4255 15
619 4200 717 4255 Mainz.

398 4278 412 4321 3
434 4282 471 4335 Er
491 4283 561 4337 hielt
581 4282 640 4337 sich
660 4281 731 4335 noch
753 4280 782 4333 in
803 4278 892 4333 Fulda
912 4277 968 4333 auf.

398 4360 565 4417 ⁴'Neratius
586 4362 704 4417 Priscus.
747 4360 809 4431 vgl.
830 4359 948 4431 Digesta
968 4358 989 4413 Ι.
1013 4355 1059 4414 16.
1081 4356 1129 4416 85.

398 4448 412 4481 l
433 4444 497 4515 Vgl.
519 4436 657 4499 11555515.
699 4440 808 4512 Adagia
828 4458 854 4510 p.
872 4439 940 4496 3⁴20.

398 4520 411 4561 ‘³
431 4524 490 4579 Der
510 4524 599 4578 Polml
621 4524 701 4577 sollte
721 4522 763 4577 als
784 4519 1075 4591 Hoclrzcitageschenk
1095 4519 1205 4577 dienen.

400 4600 412 4645 ⁷
433 4604 585 4660 vielloioht
605 4603 746 4659 Burclturd
767 4600 871 4659 liundt.
915 4600 977 4672 Vgl.
999 4601 1044 4655 Br.
1056 4597 1114 4652 414
1135 4600 1162 4658 S.
1176 4599 1213 4653 74
1233 4598 1374 4659 Aomll.
