3625 5192
312 368 365 435 238
689 366 950 449 Gcscbicbtsquollen
967 370 1016 435 der
1033 361 1107 435 l’ror.
1126 370 1249 436 Bacbsert

315 548 375 594 ncn
412 529 554 594 deerunt.
606 528 770 611 (legantur
805 529 1061 595 contradictores,
1112 529 1229 594 Omnia
1262 536 1394 612 possunt
1433 527 1622 620 bioguutini.

314 631 384 714 Ego
415 651 483 696 sum
511 629 614 695 lactus
647 631 855 714 ambiciosns‚
886 642 920 696 ut
948 632 1003 696 ille
1037 637 1159 697 noster·
1190 642 1383 716 promoveat.
1432 633 1542 698 Scribo
1579 634 1621 699 ad

314 733 527 815 Signiferum1
549 732 599 796 vel
620 734 724 816 potius
745 735 851 799 ambio
877 741 910 799 et
936 735 1075 798 favorem
1102 753 1250 817 aucupor.
1297 733 1424 800 Adhibe
1444 741 1500 800 tna
1524 738 1621 801 ctiam

315 835 496 900 exorabula.
539 834 708 899 Plurimum
721 835 824 918 refert,
845 835 971 918 qualem
995 835 1065 917 quis
1085 834 1203 900 babeat
1223 835 1430 902 occasionem.
1471 837 1622 904 Presentc

314 938 484 1020 Hennigno
511 937 602 1002 labor
629 945 713 1002 esset
731 937 854 1032 irritus.
896 937 943 1001 Eo
972 938 1104 1002 absente
1129 937 1287 1019 Signifer,
1312 939 1363 1002 vir
1388 939 1523 1019 amicus,
1558 961 1622 1007 nou

313 1040 487 1123 vulgariter
513 1039 640 1104 excellit
665 1045 697 1104 et
722 1040 911 1105 auctoritate
939 1047 972 1103 et
1000 1040 1158 1123 potencia.
1207 1040 1257 1103 Tu
1283 1039 1390 1105 forsan
1418 1042 1553 1120 vereris,
1580 1063 1622 1107 ne

315 1137 387 1224 post
408 1161 563 1208 recessum
577 1140 774 1206 Herebordi2
792 1143 957 1206 revoceris.
998 1139 1081 1204 Huic
1095 1141 1264 1236 suspitioni
1275 1142 1457 1207 resistemus
1476 1150 1509 1207 et
1522 1144 1621 1208 alium

315 1251 529 1328 preceptorem
552 1243 785 1308 constituemus.
828 1243 862 1307 Si
878 1242 993 1326 placet,
1014 1250 1195 1308 accersatur
1204 1242 1414 1318 Herebordns‚
1436 1252 1471 1308 ut
1492 1264 1623 1328 presens

315 1346 510 1428 Mogontinis
524 1346 726 1429 proceribns³
740 1346 906 1430 supplicet.
949 1345 1008 1409 Est
1022 1354 1107 1410 certe
1119 1345 1214 1411 valde
1223 1345 1373 1410 eximium
1386 1354 1419 1410 et
1433 1349 1622 1428 speciosum,

314 1449 342 1513 si
362 1455 469 1512 nostro
491 1447 623 1512 consilio
650 1447 836 1512 canonicum
865 1454 896 1512 et
922 1448 1130 1530 professorem
1158 1445 1236 1535 iuris
1262 1448 1440 1512 fecerimus.
1484 1448 1621 1516 Valebis.

313 1551 421 1616 Bonus
442 1551 502 1614 erit
523 1549 705 1615 emissarius
726 1557 758 1614 et
778 1568 886 1613 cursor
905 1549 938 1612 in
959 1548 1020 1612 bac
1041 1569 1083 1626 re,
1106 1567 1198 1629 quem
1220 1548 1263 1612 ad
1283 1555 1315 1614 te
1340 1549 1421 1628 misi,
1441 1536 1585 1635 ‘dpollus

385 1674 566 1722 Handscbriftl.
585 1673 604 1719 F
615 1673 648 1720 86
667 1673 708 1719 fol.
719 1673 751 1719 55
760 1687 774 1717 ν
782 1672 887 1721 -ῡθν.

384 1779 397 1809 ⁸
416 1781 441 1826 If
454 1786 545 1827 uester.

1546 1761 1595 1772 *v-

869 1847 1071 1854 »ψ

315 1967 395 2035 168.
416 1965 461 2037 Μ.
483 1985 529 2032 an
551 1964 737 2032 Herebord
755 1963 1023 2036 udiliartbeu.
1384 1962 1621 2038 sorberelo.

467 2063 581 2148 (Korn
602 2080 668 2130 ror
688 2062 747 2132 28.
768 2062 886 2144 lunl).

384 2177 446 2225 Mul.
465 2175 588 2222 kritisiart
598 2175 673 2221 einen
684 2174 852 2234 nrrverslegelt
863 2174 1025 2234 geschicktrru
1035 2173 1107 2220 Brief
1113 2173 1156 2220 des
1167 2173 1295 2219 Herebord
1305 2189 1331 2221 v.
1341 2174 1364 2220 d.
1375 2173 1492 2221 Martbcn
1510 2173 1561 2220 und
1580 2173 1622 2220 be-

315 2249 410 2308 aprirlrt
435 2247 475 2293 die
494 2247 599 2306 prelulire
617 2246 685 2304 Lago
708 2245 754 2290 der
771 2245 884 2290 Fafrrrter
901 2245 1046 2290 Ratabcrrn.
1087 2244 1133 2290 Die
1150 2244 1268 2304 drusium,
1293 2245 1351 2290 <lass
1369 2245 1474 2291 l'ilrstan
1493 2244 1545 2292 und
1562 2244 1621 2290 Vor-

315 2320 405 2366 nolrms
423 2332 470 2364 nur
488 2315 598 2377 gaborum
618 2315 726 2373 werden,
747 2315 841 2361 erklllrt
862 2329 889 2360 er
909 2315 948 2361 liar
962 2315 1111 2360 Wabnwitz.

397 2412 578 2479 Herebordo
599 2412 814 2494 Margarita
835 2411 996 2476 Matianus
1015 2411 1123 2476 Rufus

395 2516 426 2582 S.
469 2516 635 2598 Tanquam
657 2505 766 2594 δούριος
788 2521 818 2578 et
839 2515 986 2582 silvester
1007 2513 1099 2578 bomo
1115 2533 1190 2579 ocra
1203 2514 1357 2596 signoque
1379 2535 1491 2582 carens
1512 2524 1621 2600 paten-

315 2629 376 2685 tem
399 2619 498 2683 mitlis
514 2615 691 2701 epistolam.
732 2615 768 2680 ln
782 2635 831 2697 ea,
854 2615 937 2698 quod
954 2616 998 2680 sis
1019 2615 1052 2679 in
1073 2615 1223 2699 opinione
1235 2617 1321 2681 Bruti
1329 2619 1353 2697 ⁴,
1373 2618 1555 2700 gravissimi
1568 2620 1622 2684 bo·

315 2721 424 2801 minis,
445 2719 580 2785 libenter
609 2717 681 2800 legi.
729 2717 830 2795 Quam
858 2717 942 2782 enim
969 2717 1102 2799 quisque
1122 2719 1251 2782 sortitus
1272 2724 1321 2784 est
1342 2722 1493 2802 patriam,
1520 2721 1621 2787 colere

314 2844 353 2890 ac
373 2820 517 2887 venerari
539 2819 635 2886 debet
655 2820 759 2902 magis
782 2840 876 2902 quam
898 2818 982 2883 filius
1002 2826 1143 2897 matrem,
1165 2827 1200 2883 ut
1220 2819 1356 2902 precipit
1377 2841 1510 2902 magnus
1531 2829 1623 2888 autor

315 2925 433 2989 Plato⁵.
483 2922 573 3000 Quod
604 2928 710 2986 auteur
740 2941 843 2987 errare
865 2942 915 2985 me
943 2927 1053 3005 putas,
1084 2931 1252 3005 propterea
1273 2919 1357 3003 quod
1378 2929 1410 2985 te
1430 2907 1620 2990 accusabam

314 3025 540 3092 taciturnitatis
572 3023 791 3110 etflsuperbie,
821 3030 886 3086 tum
914 3022 972 3086 tibi
1007 3022 1179 3097 assentiar,
1211 3041 1305 3105 quum
1338 3023 1442 3105 magis
1474 3025 1621 3107 idoneam

315 3148 442 3194 causam
463 3125 650 3192 reddideris.
693 3123 835 3189 Excuses
861 3124 1000 3188 animum
1023 3125 1237 3207 perturbatum
1265 3130 1297 3189 et
1318 3125 1389 3190 sine
1409 3124 1471 3191 fine
1491 3127 1621 3192 anxium

314 3241 346 3297 et
378 3248 564 3311 suspensum
594 3228 634 3292 de
664 3225 779 3306 salute,
810 3226 1016 3298 incremento,
1047 3225 1257 3309 amplitudine
1287 3227 1397 3311 patrie.
1440 3229 1531 3311 Esto,
1564 3234 1621 3296 sed

314 3331 489 3398 doctissimi
517 3329 643 3394 unicum
665 3327 918 3392 adversariorum
953 3326 1100 3391 solatium
1127 3334 1207 3392 teste
1234 3328 1360 3393 Fabioss
1390 3329 1500 3397 literas
1532 3341 1621 3416 puta-

315 3442 434 3501 verunt.
478 3433 578 3498 Nemo
606 3429 667 3494 nisi
695 3449 754 3494 sua
774 3429 868 3510 culpa
892 3429 946 3493 diu
972 3429 1073 3510 dolet,
1099 3430 1243 3496 fortuitos
1272 3451 1365 3496 casus
1392 3433 1476 3497 baud
1503 3453 1621 3515 magno

230 3615 234 3626 y
314 3540 420 3603 animo
447 3535 602 3600 sustinere
628 3529 784 3597 dementis
810 3537 867 3595 est.
908 3531 1042 3595 laceant
1061 3531 1186 3596 factiosi
1208 3533 1389 3598 Soarintes⁷
1418 3535 1450 3598 iu
1472 3535 1622 3601 Tulliano

314 3649 346 3706 et
367 3639 495 3704 tandem
516 3635 660 3722 pendant
687 3633 809 3718 peccati
835 3651 944 3716 penas.
986 3633 1053 3699 Nos
1081 3632 1187 3699 infime
1215 3635 1310 3700 sortis
1336 3635 1531 3718 homunculi,
1563 3638 1622 3704 boc

385 3758 434 3810 *p
455 3767 545 3810 noster.

377 3988 388 4031 1
409 3993 474 4048 Joh.
494 3987 677 4060 Sbmmering.
726 3983 798 4043 aar
816 3988 956 4044 verneilte
977 3988 1050 4042 noch
1069 3987 1170 4042 immer
1188 3988 1229 4042 als
1243 3987 1349 4044 Lebrer
1369 3989 1398 4042 in
1421 3987 1619 4060 Georgentbal.

314 4069 408 4128 ³Der
434 4071 556 4126 Mainzer
580 4069 745 4124 Erubiscbof
767 4070 844 4124 butte
870 4069 921 4123 auf
945 4067 1040 4122 Bitten
1076 4070 1124 4122 der
1154 4065 1289 4123 Gemeine
1320 4069 1411 4141 eiuige
1440 4069 1531 4124 rainer
1559 4087 1620 4125 ror-

234 4202 236 4209 .
315 4155 459 4208 nebnruten
490 4151 562 4204 Raro
590 4167 638 4203 aur
668 4148 803 4222 Ordnung
831 4150 879 4204 der
902 4148 1094 4204 Verbiiltnisse
1123 4149 1195 4202 nacb
1225 4148 1321 4204 Erfurt
1352 4150 1506 4207 entsendet.
1555 4151 1619 4223 vgl

314 4231 524 4297 Falckenstein‚
545 4229 668 4288 Historia
686 4247 739 4284 von
761 4229 884 4283 Erffurth
905 4227 1002 4284 8465
1018 4262 1041 4269 -
1054 4227 1111 4282 466
1161 4229 1245 4284 Diese
1267 4229 1399 4287 scheiuen
1421 4231 1474 4284 mir
1494 4231 1555 4284 bier
1572 4249 1619 4302 ge·

315 4313 402 4366 meint
421 4329 454 4364 au
474 4311 548 4376 sein,
580 4327 657 4364 wenn
680 4329 743 4365 man
769 4310 848 4364 nicht
874 4315 945 4366 etna
964 4327 999 4362 an
1020 4309 1065 4363 die
1088 4310 1118 4362 in
1139 4308 1234 4362 Erfurt
1254 4311 1498 4369 domicilierenden
1524 4312 1618 4366 bohen

314 4391 449 4445 Beamtcn
470 4389 578 4444 denkeu
600 4391 659 4444 soll.
719 4386 734 4429 4
754 4388 931 4461 Anspielung
945 4389 996 4443 auf
1005 4389 1101 4442 Livius
1111 4389 1134 4456 Ι,
1146 4387 1196 4442 56:
1218 4391 1292 4460 quod
1313 4409 1347 4445 ea
1366 4391 1620 4446 eommumismater

225 4483 227 4487 ·
315 4471 437 4524 omnium
456 4469 612 4525 mortalium
631 4477 711 4529 esset.
753 4465 831 4524 ⁵De
841 4469 986 4540 republica
996 4487 1021 4539 p.
1031 4467 1127 4523 4143.
1170 4464 1618 4540 ⁶Q11i11rllianvl‚l>r00em.14.

317 4545 329 4588 7
349 4550 406 4686 Ιίῖὶ
417 4549 711 4686 Εἱίιιηθτᾘαῑεὴεπη,
732 4551 836 4606 rrelcbc
850 4549 945 4605 bisher
965 4550 1011 4604 die
1026 4549 1206 4624 Verwaltuug
1225 4549 1363 4607 dorstadt
1384 4551 1414 4606 in
1432 4552 1486 4606 den
1497 4551 1628 4607 Hindan-

314 4647 387 4706 gea
407 4636 420 4686 t
459 4636 545 4716 attan.
