3625 5192
321 364 355 420 18
691 359 952 430 Geecbicbtsquellen
971 363 1019 416 der
1036 359 1111 418 Pron.
1130 360 1253 418 Sncbsen.

318 515 438 593 11111111)
458 513 520 580 etsi
530 512 658 593 babent,
679 520 945 595 quossequantur,
970 511 1162 577 authoritate
1177 513 1310 578 fortasse
1326 531 1429 598 pares,
1449 511 1625 593 diligencia

320 624 424 683 tamen
448 617 479 680 io
502 614 687 700 profitendis
707 614 809 678 literis
829 616 975 696 equalem
994 635 1091 697 prope
1111 616 1278 680 neminem.
1316 616 1383 680 Hoc
1403 616 1509 700 ipsum
1522 614 1625 678 crebri

318 722 479 786 doctorum
509 737 670 783 sermones
700 717 763 781 tuis
788 718 894 782 relerti
922 717 1071 782 laudibus
1097 718 1269 784 declarant.
1311 719 1415 783 Motus
1441 717 1542 782 eciam
1565 717 1624 781 bac
1737 735 1749 750 ·

318 832 372 887 tua
393 823 496 905 gloria
515 821 565 884 vir
585 819 732 904 inprimis
751 826 863 885 acutus
885 825 917 884 et
938 820 1081 886 literatus
1101 821 1268 886 Heinricus
1283 820 1430 886 Urbanus
1452 820 1497 884 tui
1520 819 1625 884 obser·

317 925 522 989 santissimos
549 923 646 986 mittit
673 923 707 986 in
733 922 841 986 ludum
871 931 972 1004 tuum,
1007 925 1059 1004 oui
1085 923 1308 989 celeberrimus
1334 943 1404 988 esse
1429 922 1559 1002 dicitur,
1590 928 1624 986 ut

316 1028 452 1092 fideliter
473 1027 664 1105 instituatur,
687 1026 900 1108 Nepotianum
911 1028 931 1098 ¹,
955 1027 1071 1090 sororis
1091 1024 1199 1105 lilium,
1212 1033 1252 1090 -et
1271 1026 1346 1090 item
1359 1025 1514 1090 Adamum
1530 1023 1623 1088 Asci-

316 1130 475 1212 burgium,
507 1147 622 1212 pueros
649 1127 842 1209 ingeniosos.
883 1128 987 1193 Dabis
1014 1129 1112 1210 igitur
1139 1148 1267 1210 operam
1301 1127 1339 1206 (si
1368 1148 1418 1193 me
1438 1127 1558 1208 amas),
1589 1131 1624 1190 ut

318 1234 374 1297 liat
395 1238 525 1313 uterque
546 1238 577 1295 te
606 1235 790 1314 preceptore
816 1231 943 1310 cultior,
976 1231 1058 1312 quod
1088 1231 1216 1295 Urbano
1245 1238 1366 1310 nostro,
1397 1229 1513 1294 nedum
1546 1229 1623 1294 mibi

315 1335 529 1417 gratissimum
543 1334 611 1398 erit.
645 1333 695 1396 De
716 1353 766 1398 me
777 1334 896 1417 poteris
917 1333 975 1397 tibi
998 1334 1103 1398 omnia
1119 1340 1299 1398 constanter
1320 1339 1355 1397 ut
1376 1334 1416 1398 dc
1429 1332 1622 1398 amicissimo

315 1437 467 1520 polliceri.

394 1539 497 1604 Nonis
516 1537 682 1621 Aprilibus
702 1535 884 1602 MDVIXX.
928 1537 1055 1604 Gotbai.

385 1663 565 1710 Handsebrilll.
585 1660 669 1708 11190
688 1662 728 1708 111.
741 1661 842 1709 1851-
855 1661 934 1708 1811.

314 1923 906 2006 119.111111111111111111111111.2
1227 1923 1620 2008 (111111151111111115.

384 2048 843 2107 1111.111111111111,11111111111111111.1
865 2045 1619 2108 Ρ11111111118111111111111111111111111111Ε111111111

313 2117 1046 2179 1111111111111111111111(111111111111111111111111111111111.

393 2235 547 2316 Gregorio
558 2232 784 2315 Agricola
760 2252 827 2297 mre
840 2231 1012 2314 Lengsl'elt,
1034 2233 1151 2317 pretori
1163 2253 1332 2314 sacrorum,
1354 2234 1422 2298 viro
1434 2233 1619 2314 clarissimo,

157 2395 161 2402 .
246 2336 249 2340 ’
312 2338 416 2404 amico
437 2337 566 2421 optimo,
588 2335 749 2399 Mutianus
770 2334 878 2398 Rulus.

344 2472 347 2493 ι
373 2439 404 2505 S.
447 2437 496 2501 De
517 2437 637 2502 loannc
657 2436 829 2514 Rerrcblin,
855 2457 971 2518 magno
996 2437 1169 2521 Germanic,
1190 2437 1355 2514 miraculo,
1382 2438 1495 2522 scripsi
1517 2437 1558 2504 ad
1588 2443 1619 2502 te

312 2540 393 2605 alias
422 2547 455 2604 et
481 2540 575 2604 credo
606 2559 662 2622 pro
695 2545 803 2603 nostra
830 2539 1048 2604 familiaritate
1072 2540 1123 2604 vel
1151 2540 1256 2623 potuis
1282 2540 1423 2605 fraterna
1448 2538 1620 2605 concordia

311 2643 472 2718 mandavi,
495 2649 529 2706 ut
546 2641 640 2706 dares
661 2641 702 2704 ad
719 2660 789 2705 cum
801 2641 969 2724 epistolam
985 2649 1016 2706 et
1027 2643 1226 2725 promitteres
1240 2641 1333 2706 iidem
1350 2649 1381 2706 et
1392 2641 1620 2722 adiumentum,

312 2752 464 2827 quamtum
492 2745 580 2808 inte
608 2749 707 2811 esset,
738 2743 891 2808 adversus
917 2743 1051 2826 palliata
1079 2743 1312 2808 mendicabula.
1335 2744 1388 2808 -Si
1415 2743 1449 2807 id
1480 2743 1618 2808 nondum

313 2847 438 2920 leceris,
470 2853 576 2910 tamen
604 2846 757 2908 iacturum
788 2852 818 2909 te
840 2845 973 2924 conlido.
1016 2846 1118 2910 Instat
1140 2853 1171 2909 et
1191 2853 1283 2928 urget
1303 2844 1431 2928 quidam
1455 2845 1619 2927 lacobusss,

312 2956 409 3033 eaput
442 2947 570 3013 barbari
601 2947 725 3030 gregis,
757 2966 826 3011 cum
860 2949 930 3020 suis¹
956 2948 1155 3014 Theobardis
1181 2953 1213 3012 ct
1237 2947 1513 3029 Arnobardistisl,
1541 2968 1619 3031 quos

314 3051 479 3116 universos
516 3049 561 3114 uti
605 3049 747 3131 singulos
786 3049 1029 3132 susquedeque
1056 3049 1154 3114 babet
1181 3047 1325 3134 Capniou
1355 3057 1478 3130 noster,
1510 3051 1619 3132 magni

312 3153 362 3216 vir
387 3153 484 3217 animi
511 3159 544 3216 et
570 3150 660 3216 fortis
688 3158 719 3215 et
752 3158 881 3234 propter
908 3151 1074 3216 hebraicas
1102 3157 1134 3216 et
1161 3171 1276 3234 grecas
1296 3152 1422 3232 literas,
1448 3153 1480 3217 in
1503 3152 1619 3234 quibus

314 3255 503 3320 mirabiliter
529 3253 670 3330 excellit,
713 3253 825 3318 merito
858 3253 1051 3318 venerabilis
1083 3261 1115 3320 et
1150 3252 1308 3320 colendus.
1361 3255 1416 3319 Lis
1454 3256 1484 3318 in
1520 3273 1619 3320 eausa

313 3356 545 3442 appellacionis
582 3355 665 3420 inter
700 3363 864 3438 utramque
895 3347 1023 3440 ¹partem
1056 3356 1166 3422 oborta
1195 3355 1315 3440 pendet
1344 3357 1467 3440 Spirefi.
1516 3355 1619 3421 Favet

313 3457 471 3543 Capnioni
499 3457 773 3541 prestantissimae
804 3459 947 3540 quisquc.
997 3457 1103 3524 Habet
1132 3459 1185 3524 hic
1208 3458 1258 3522 111
1284 3461 1422 3542 optimus
1456 3463 1488 3524 et
1521 3457 1616 3524 unde

311 3580 433 3643 cunque
473 3559 675 3624 doctissimus
711 3560 812 3625 eelanr
848 3545 949 3644 Rome
987 3567 1137 3645 patronos
1176 3560 1366 3644 amplissimi
1402 3560 1522 3626 ordinis
1554 3567 1618 3626 tres

311 3663 519 3729 cardinales'
547 3661 616 3744 Ego
643 3682 781 3744 quoque,
814 3670 847 3726 ut
877 3663 981 3745 inquit
1010 3661 1081 3737 ille,
1114 3663 1263 3728 minimus
1298 3664 1509 3748 apostolorum
1545 3683 1617 3728 con-

310 3767 392 3830 traxi
426 3767 505 3831 satis
546 3765 686 3830 validam
718 3783 845 3829 manum
880 3773 912 3830 et
947 3784 1074 3849 possum
1102 3765 1132 3828 in
1160 3764 1288 3830 cohorte
1317 3771 1425 3832 nostra
1459 3771 1618 3831 ostentare

312 3871 410 3933 duces
435 3877 467 3933 et
486 3869 647 3952 principes
668 3868 753 3932 viros
775 3866 869 3930 etde
892 3868 992 3932 sacris
1013 3867 1114 3932 abbas
1141 3874 1173 3932 et
1195 3887 1329 3950 magnos
1354 3867 1437 3932 louis
1458 3868 1619 3950 epulones,

311 3991 351 4036 en
372 3970 483 4036 ordine
512 3970 651 4035 literaria
679 3970 769 4052 quasi
798 3967 950 4051 quosdam
976 3969 1198 4053 cataphractos
1218 3976 1250 4033 et
1272 3970 1514 4052 antesignanos,
1540 3990 1619 4052 quos

311 4072 440 4153 agmine
467 4073 551 4138 facto
580 4071 764 4151 educemus,
796 4071 822 4135 si
852 4071 1026 4136 necessitas
1054 4071 1261 4154 postulaverit
1296 4079 1407 4138 contra
1434 4073 1617 4137 fraterculos

374 4283 385 4325 1
406 4287 470 4359 ugr.
490 4285 535 4343 ar.
547 4285 613 4341 suo.
626 4286 769 4344 151111.

371 4363 385 4406 ²
402 4365 467 4439 Vgl.
488 4367 533 4422 Br.
549 4367 607 4421 278
629 4366 656 4423 S.
667 4367 726 4422 365
748 4368 832 4423 Anrn.
844 4369 870 4424 l.

370 4441 385 4486 ³
404 4447 600 4505 Hochstrateu.

371 4523 386 4566 ⁴
407 4525 471 4599 vgl.
491 4527 536 4583 Br.
548 4527 613 4582 325.

369 4602 383 4646 ⁵
402 4608 467 4680 Vgl.
489 4608 535 4664 Β1.
546 4607 615 4662 3113,
