3625 5192
300 309 334 364 22
504 326 509 336 ·
655 309 916 378 Gescbicbtsquellen
935 311 984 363 der
1001 309 1112 364 Provina
1130 309 1254 363 Sachsen.

300 461 465 528 ridiculum
488 457 545 542 es't,
566 460 638 524 ideo
652 457 847 539 mutandum,
868 463 1048 522 nontamen
1067 459 1209 523 omniun:
1228 459 1289 524 leci
1312 479 1351 524 ex
1364 459 1431 524 Pub
1440 459 1608 526 Publium¹

300 571 391 628 vetus
417 581 530 627 nomen
556 581 596 626 ex
621 559 821 642 antiquitatis
847 562 999 624 memoria
1026 561 1207 645 repetendo.
1255 562 1336 626 lulio
1358 562 1469 644 Cesari
1500 572 1610 644 gratus

298 667 359 729 tuit
378 665 509 730 Publius
538 673 633 747 poeta
658 663 904 747 mimographus.
955 664 1074 728 Extant
1101 664 1193 728 buids
1221 664 1363 746 preclare
1394 665 1550 729 sententie
1577 665 1610 728 in

303 769 398 833 (leuis
418 767 658 832 llacrobianis²
680 774 711 830 et
732 767 765 830 in
778 766 932 831 Noctibus
943 767 1058 831 Atticis
1066 767 1090 830 ³.
1133 767 1252 832 Scribit
1268 767 1305 830 Τ.
1318 766 1429 832 Livius
1445 766 1610 832 Publium⁴

301 869 458 952 quendam
481 869 618 934 nobilem
640 869 892 948 adulescentem,
920 867 1002 950 quod
1024 875 1165 952 stuprum
1188 868 1255 952 pati
1278 869 1391 948 nollet,
1413 868 1612 934 contumeliis

301 982 332 1035 et
352 971 458 1054 plagis
479 971 624 1035 allectum
648 991 668 1034 a
688 971 723 1034 L.
745 971 884 1053 Papirio.
928 971 1006 1048 Quis
1027 971 1129 1034 nescit
1141 970 1277 1052 Vergilii
1298 971 1492 1053 pronomen?
1533 971 1612 1050 Quis
1695 985 1703 998 ·

301 1094 363 1138 non
377 1073 485 1138 decies
494 1072 631 1156 perlegit
643 1072 685 1136 ad
702 1072 848 1137 Publium
859 1061 1026 1136 Lentulum
1040 1072 1203 1138 Ciceronis
1224 1073 1399 1156 epistolas?
1441 1073 1489 1138 Tu
1513 1072 1612 1138 babes

300 1177 397 1240 Aldi⁵
424 1194 500 1239 cura
529 1176 715 1240 emendatae
739 1175 812 1239 illas
837 1173 878 1238 ad
899 1175 1055 1254 Atticum,
1082 1195 1161 1256 quas
1182 1175 1292 1238 videre
1319 1175 1421 1259 cupio.
1467 1176 1612 1240 invenies

301 1279 333 1343 in
363 1275 515 1358 quadam,
548 1277 638 1342 cuius
665 1283 714 1340 est
743 1275 906 1340 initiumfi:
936 1275 1074 1353 „Subito
1106 1295 1176 1340 cum
1203 1277 1281 1340 mibi
1308 1277 1443 1342 dixisset
1474 1277 1612 1342 Cecilius

259 1416 263 1425 ·
301 1381 451 1460 questor“
478 1379 634 1461 (precedit
657 1378 765 1444 lolium
786 1379 845 1461 pp)
872 1378 917 1440 ita
938 1379 1104 1460 scriptum:
1128 1377 1233 1457 „Nam
1256 1399 1313 1442 nos
1334 1379 1477 1460 quidem,
1499 1379 1527 1444 si
1556 1399 1613 1464 per

302 1483 395 1545 istum
423 1489 509 1545 tuum
539 1479 680 1546 sodalem
700 1479 847 1544 Publium
875 1479 1005 1544 licebit“
1033 1487 1064 1544 et
1086 1487 1200 1545 celera.
1242 1480 1407 1547 Hactenus
1428 1480 1468 1546 de
1490 1480 1612 1546 Adanu)

305 1583 430 1664 l'ublio,
449 1602 542 1666 quem
563 1581 753 1664 trinomium,
773 1582 815 1659 (1)
837 1582 865 1646 61
886 1583 936 1647 vis
957 1582 1106 1662 salutare,
1129 1582 1226 1646 dicito
1247 1583 1423 1648 Lentulum.
1464 1583 1536 1648 Non
1558 1583 1613 1648 ita.

304 1687 431 1751 Excidit
452 1686 511 1751 boo
532 1687 628 1764 mibi,
656 1685 802 1767 quamvis
823 1705 856 1748 re
878 1685 950 1768 ipsa
971 1685 1012 1748 sit
1033 1684 1136 1748 lentus
1158 1691 1189 1748 et
1213 1685 1339 1766 tardus,
1366 1685 1424 1750 sed
1443 1685 1541 1752 dicito
1564 1685 1613 1748 Vi-

304 1788 410 1868 talem,
431 1788 514 1870 quod
537 1787 637 1852 natali
658 1788 709 1851 die
733 1786 847 1850 Vitalis
869 1786 1043 1852 advenerit.
1089 1786 1176 1852 Vale.
1493 1791 1501 1805 '

373 1911 556 1958 Haudschriftl.
575 1911 595 1956 F
617 1911 666 1958 154
685 1912 726 1958 iol.
745 1909 947 1957 1166--1166,
978 1939 982 1946 ·
1009 1909 1102 1968 ‚chn
1122 1910 1146 1957 b.
1167 1911 1201 1956 'l'z
1219 1913 1242 1958 S.
1260 1911 1307 1957 107
1334 1927 1380 1957 curt
1397 1910 1423 1958 Si
1441 1915 1561 1971 saperent
1578 1909 1615 1956 bis

307 1984 432 2029 flammam
452 1982 595 2028 excitatam.

304 2129 675 2201 scattoimum.
1193 2127 1340 2215 (Gotho)
1353 2128 1450 2200 1514.
1484 2128 1551 2196 ltux
1561 2130 1614 2200 15.

376 2255 438 2302 nuc
459 2254 553 2302 meldet
573 2255 629 2301 dem
638 2254 735 2313 Urbnn,
753 2255 810 2300 dass
828 2254 993 2304 oinGotbsor
1004 2254 1152 2301 Kurrouilxor
1163 2255 1295 2315 gesturbuu
1314 2255 1350 2300 sui
1370 2255 1420 2300 und
1438 2255 1615 2303 msuSchritto

307 2327 370 2372 tlrun
388 2329 477 2384 musso,
497 2340 537 2370 um
557 2325 624 2370 dicse
643 2325 753 2370 Plriindo
772 2325 829 2370 dom
848 2325 962 2384 Petreius
981 2339 1011 2372 zu
1029 2325 1193 2372 vorscbuffon.

387 2423 591 2488 Amicissimo
618 2429 651 2487 et
676 2422 921 2506 impensioribus
945 2423 1049 2488 verbis
1072 2422 1231 2488 laudando
1261 2423 1347 2507 patri
1371 2423 1528 2488 Urbano
1551 2423 1616 2486 llu-

306 2525 610 2672 tlanugalltblusbum
636 2614 668 2671 tu
689 2607 749 2672 hoc
770 2606 921 2690 temporis
943 2609 975 2670 in
999 2605 1088 2671 Valle
1110 2606 1171 2686 sis,
1193 2627 1253 2670 non
1278 2609 1365 2690 potui
1388 2606 1447 2671 tibi
1468 2628 1531 2672 non
1553 2609 1615 2690 sig-

306 2709 445 2789 nificare,
466 2709 543 2790 quid
566 2709 726 2792 expediat.
768 2709 938 2773 Dorl‘eldus
954 2707 1128 2773 Niuolaus⁷
1150 2708 1302 2772 hodierno
1318 2713 1472 2774 matutino
1493 2709 1616 2793 spirare

307 2811 412 2875 desiit
454 2811 556 2875 Vacat
577 2812 783 2876 canonicatus
805 2813 837 2874 in
861 2810 921 2876 ede
938 2811 1094 2876 Mariana.
1136 2811 1227 2892 Para,
1245 2829 1352 2892 queso,
1375 2811 1487 2877 breves
1501 2812 1615 2878 saltem

307 2913 415 2978 literne
435 2919 466 2978 et
487 2913 530 2976 da
551 2913 715 2979 llattbeo8
735 2914 778 2978 ad
799 2913 966 2994 Petreium,
989 2915 1090 2977 virum
1112 2915 1248 2978 amioum
1270 2920 1302 2978 et
1322 2914 1481 2978 eximium.

388 3015 521 3080 lacobus
542 3017 668 3097 Sagsa⁹
689 3017 776 3080 misit
797 3015 950 3081 Thomam
963 3019 990 3062 1⁰
1011 3014 1195 3080 otlicialem²
1216 3035 1273 3099 pro
1295 3035 1351 3080 suo
1372 3017 1551 3082 necessario
1573 3015 1616 3080 ad

378 3137 390 3162 ²
407 3140 441 3184 Τπ
459 3139 590 3210 officialem
607 3139 735 3186 'l'bomnm

370 3362 382 3403 1
403 3367 459 3421 Die
483 3366 705 3438 Numengebung
731 3365 798 3419 land
823 3383 867 3419 arn
889 3365 918 3416 2.
938 3365 993 3419 Mai
1022 3369 1097 3422 stult.
1145 3364 1262 3418 Publius
1285 3365 1408 3419 schreibt
1430 3365 1554 3419 niixnlioh
1578 3383 1613 3419 arr

308 3447 405 3502 Urban
423 3445 785 3516 (marceniensem.
799 3445 863 3502 155.
875 3445 923 3498 fol.
937 3444 1169 3512 116v-117rp
1191 3445 1231 3498 Vl
1248 3445 1342 3500 Nonas
1353 3445 1440 3502 Maias
1456 3445 1616 3517 appellatus

308 3546 369 3580 eum
391 3527 508 3582 Publius
530 3527 639 3595 Vitelie,
656 3527 701 3582 die
723 3525 848 3581 Erfurter
866 3525 996 3580 Metrilxel
1017 3531 1103 3580 uenut
1124 3525 1171 3577 ihn
1195 3523 1285 3580 Buob.

370 3602 383 3644 2
404 3607 468 3662 Lib.
481 3607 518 3676 Il,
532 3607 648 3660 6-11,

369 3683 384 3726 ³
406 3686 468 3740 Lib.
481 3687 633 3756 xviim.
697 3687 705 3702 '

371 3763 385 3805 ¹¹
405 3766 560 3837 LibVlll,
574 3768 620 3824 28.
662 3768 720 3821 Der
741 3767 829 3821 Nemo
851 3766 974 3820 doeelbst
994 3766 1080 3820 leutet
1100 3765 1130 3820 C.
1153 3766 1300 3822 Publilius.

371 3841 386 3885 ⁵
407 3845 549 3916 Ciceronis
570 3849 748 3919 epistolarum
769 3849 804 3902 ad
825 3846 965 3916 Atticum,
995 3848 1029 3902 ud
1051 3846 1184 3913 Brutum,
1206 3849 1243 3902 od
1263 3846 1397 3912 Quintum
1419 3849 1531 3904 fratrem
1555 3850 1617 3904 libri

310 3927 374 3996 XX,
400 3927 500 3983 Venet.
522 3928 551 3981 in
572 3930 630 3984 aed.
653 3929 719 3983 Aldi
737 3926 875 3982 MDXlll.

371 4003 385 4046 ⁶
406 4007 451 4062 Ad
471 4007 597 4063 Atticum
617 4009 666 4064 lib.
678 4009 716 4078 11,
737 4027 779 4079 ep.
792 4009 818 4065 9.

373 4083 387 4126 7
407 4087 570 4144 Kanonilrer
590 4107 634 4143 am
644 4088 952 4144 Gothnerblarienstift.
994 4087 1048 4142 Die
1059 4086 1184 4143 Erfurter
1201 4087 1485 4147 Studeutcnmatrilxel
1506 4091 1617 4162 (Oetem

316 4166 1617 4308 14111311111111116111113111116118111111

921 4291 923 4296 .
945 4292 951 4320 7
991 4267 996 4285 ¹
1492 4272 1506 4306 z

313 4329 480 4384 Kanonikus
500 4329 529 4383 in
550 4329 653 4389 Erfurt.
1251 4342 1277 4374 Γ
1525 4272 1544 4326 g

371 4404 596 4480 ⁹Vg1.Br.286
615 4410 713 4467 &375
731 4409 849 4464 Auunl.

375 4485 404 4528 ¹⁰
425 4489 490 4545 Wie
511 4508 541 4546 ee
559 4492 681 4561 ecbeint‚
710 4491 755 4547 ein
777 4489 959 4550 muinzischer
979 4490 1172 4553 richterlieher
1191 4490 1334 4563 Beaurter,
1358 4495 1407 4552 der
1431 4495 1504 4554 uocb
1525 4494 1617 4574 einige

311 4570 386 4632 Male
407 4571 533 4629 emulum
552 4571 628 4629 wird.
