3625 5192
684 325 946 396 GeschiobtsquelIen
965 328 1014 384 der
1033 327 1108 383 Pror.
1126 327 1250 384 Saohsen.

503 477 542 542 Et
563 477 664 542 vatins
686 477 831 566 babitare
852 498 961 542 saoras
982 477 1132 560 iussosque
1153 478 1293 556 silentes,
1331 470 1335 475 ⁴

501 579 579 643 Itui'e
602 601 658 662 per
679 580 798 644 Aonios
819 581 917 645 eolles
937 580 1110 660 notissime,
1134 580 1189 662 qui
1210 599 1294 645 nune

416 686 479 759 ib)
502 682 676 746 Cittiaeo⁸1
699 681 821 746 duieem
844 683 979 746 trutinas
1002 681 1149 747 examine
1169 683 1279 758 vitam,

503 777 673 866 Ingredere
695 793 727 849 et
748 804 867 851 meeum
890 785 992 867 sytria
1011 803 1157 848 assuesce
1180 785 1302 869 iugosis

502 885 548 950 En
572 888 631 952 tibi
652 886 808 951 detentum
831 887 957 951 frondet
977 907 1096 958 narnus,
1118 887 1226 951 omnia
1246 887 1339 971 pleno

503 989 622 1053 Fundit
641 997 752 1074 aperta
774 987 844 1053 sinu
866 988 968 1069 telius,
990 990 1049 1052 tibi
1068 989 1227 1070 germinat
1247 990 1359 1053 arbosb

503 1091 623 1171 Onrnis,
645 1091 792 1156 odorans
814 1111 897 1156 nune
918 1091 1051 1175 primum
1075 1090 1142 1155 iiiia
1162 1101 1284 1157 montes

429 1199 481 1274 20)
505 1195 665 1277 Incipiunt
688 1193 833 1258 babitare
853 1205 955 1256 novoc
977 1194 1145 1258 vernantia
1167 1195 1253 1257 luxu.

503 1297 594 1360 Nune
614 1295 714 1377 gelidi
736 1296 838 1360 fontes
860 1305 1000 1375 rounam,
1020 1305 1053 1359 et
1073 1297 1205 1380 rupibus
1226 1295 1301 1362 aitis

500 1397 634 1480 Frigida
656 1397 784 1462 milleno
808 1399 956 1463 labuntur
976 1398 1128 1464 tiumina‘l
1149 1399 1240 1482 lapsu
1264 1411 1267 1419 ’

505 1501 563 1566 Per
583 1499 702 1564 virides
724 1501 810 1584 ripas
829 1509 862 1564 et
884 1522 1000 1584 amena
1021 1501 1157 1581 silentia,
1180 1507 1345 1584 postquam

502 1603 548 1667 Te
570 1603 667 1667 nostri
686 1604 848 1686 accipiunt
868 1604 977 1683 saltos,
999 1604 1081 1686 tugit
1102 1603 1247 1667 omnibns
1267 1603 1370 1668 omnis

428 1709 480 1782 25)
503 1705 707 1772 Graminibus
728 1725 868 1789 serpena
888 1707 1033 1787 fragrant
1052 1706 1243 1770 suavissima
1263 1706 1395 1790 Tempe,

500 1808 601 1886 Quale
622 1808 737 1891 apibus
761 1809 870 1873 ¹(iieunt
891 1809 1028 1874 Siculam
1051 1809 1245 1893 stipantibus
1267 1807 1417 1890 iipbien.⁰

420 1947 424 1960 ·
501 1910 567 1976 Sub
589 1910 723 1994 pedibus
745 1909 873 1976 lascivit
894 1910 1015 1990 humus,
1035 1919 1090 1975 tua
1113 1911 1235 1976 soitieet
1255 1912 1328 1994 ipse

501 2012 689 2095 Exeipiunt'
710 2012 782 2095 tetis
804 2013 940 2096 vestigia
962 2013 1122 2079 montibus
1142 2012 1249 2097 herbe.

501 2117 627 2198 Aspice,
648 2135 741 2198 quam
763 2115 865 2180 niteat
886 2123 952 2179 toto
971 2116 1135 2182 formosior
1155 2137 1239 2182 anno

422 2215 477 2296 su)
500 2217 644 2282 Phoebas
662 2225 695 2281 et
714 2218 840 2284 insolito
861 2218 1012 2284 mundum
1032 2201 1199 2302 splendore
1219 2228 1353 2284 serenet.

501 2320 568 2384 Hoo
589 2327 667 2400 erat,
690 2318 848 2386 hoesden
869 2329 992 2386 nostros
1016 2322 1099 2404 quud
1121 2343 1198 2404 sepe
1220 2341 1276 2405 per
1296 2341 1391 2402 agros

500 2424 669 2505 Optabam,
692 2422 750 2488 hoe
771 2443 890 2488 meeum
914 2443 1043 2490 nemora
1062 2426 1168 2489 omniu
1189 2435 1220 2490 et
1241 2424 1331 2507 ipsa‘
1353 2423 1503 2507 petebant

501 2529 586 2588 Saxa
607 2523 787 2590 salebrosas
808 2526 915 2592 subter
936 2527 1116 2609 squalentia
1136 2547 1238 2610 rupes.

444 2651 446 2656 ·
500 2631 584 2711 Seps
606 2647 721 2710 graves
743 2630 844 2711 pratis
866 2629 940 2693 dum
963 2649 1060 2714 pasoo
1081 2629 1257 2694 virentibus
1277 2649 1389 2711 aguas,

423 2732 480 2812 §toi
501 2731 600 2808 Quem
622 2750 766 2796 canerem
787 2731 918 2796 assiduo
939 2715 1136 2797 resonantem
1157 2733 1298 2796 aaronitae
1320 2730 1431 2794 Rntbm

501 2831 705 2909 Quaerebant
725 2833 808 2899 sotii.
850 2833 928 2898 Cum
950 2834 996 2897 sie
1017 2852 1076 2914 ego
1097 2836 1176 2899 torte
1196 2833 1361 2898 canebam:

503 2935 582 2998 ituro
605 2955 735 3000 nemora
755 2943 787 3001 et
808 2937 920 3018 sylvae
941 2935 1078 3014 stabunt,
1099 2935 1173 2999 dum
1195 2934 1325 2999 tiumina
1347 2938 1505 3011 currenti,

503 3035 582 3100 Dum
606 3058 701 3108 mare,
723 3037 795 3102 dum
819 3039 921 3117 tellus,
943 3039 1018 3102 dum
1039 3045 1153 3102 ventus
1174 3047 1205 3101 et
1225 3057 1304 3102 aura
1325 3037 1511 3102 nranebunt‘

503 3139 590 3220 liute,
613 3140 692 3205 oreis
713 3141 784 3208 (etsi
808 3139 952 3219 rudibus)
974 3139 1080 3206 dicere
1100 3139 1259 3222 Centenis.
1424 3141 1430 3154 '

426 3243 478 3317 40)
499 3242 574 3326 ipsa
593 3252 667 3307 tuas
688 3243 783 3308 etiarn
807 3243 919 3308 iaories
940 3251 1084 3306 armenta
1105 3243 1233 3324 fereque

502 3344 680 3428 sylvestres
701 3344 852 3427 avidique
873 3346 939 3430 lupi
963 3344 1094 3428 serique
1117 3345 1225 3409 leones
1356 3419 1362 3430 Ι

502 3445 651 3529 'tigrides
672 3456 703 3511 et
725 3446 833 3531 ipnees
856 3457 887 3511 et
909 3447 941 3511 in
963 3446 1043 3530 ipsis
1065 3447 1217 3530 partubus
1239 3465 1312 3527 urse

502 3550 640 3614 :turibus
658 3551 816 3634 aecipient
839 3549 976 3633 stupidis
997 3549 1133 3632 dumque
1155 3549 1258 3613 omnis
1277 3548 1320 3612 ad
1341 3568 1435 3612 auras
1547 3563 1553 3574 ·

502 3651 653 3718 (iarrnina
673 3661 781 3716 nostra
803 3659 896 3716 oaoet
918 3660 1034 3734 pastor,
1055 3659 1085 3716 te
1107 3651 1265 3715 montibus
1287 3650 1362 3714 aitis

431 3757 483 3829 mr
506 3757 627 3836 neres*
649 3769 742 3836 rupes
761 3763 792 3816 et
813 3773 954 3818 oonoava
975 3773 1053 3817 saxa
1070 3754 1245 3826 sonabunt,

502 3857 529 3922 Ο
551 3865 670 3920 tuntum
693 3874 731 3919 ne
753 3864 842 3940 turpe
863 3857 947 3920 teras
968 3855 1046 3919 haee
1068 3856 1199 3920 sordida
1218 3856 1334 3919 eiroum

503 3957 587 4022 Rura
609 3958 705 4022 boves
726 3937 816 4035 irater,
839 3958 948 4021 tiorum
970 3957 1145 4022 redolentia
1168 3960 1280 4038 regna¹

505 4060 643 4126 tneoiere
664 4069 696 4126 et
716 4059 838 4125 riuirem
862 4069 993 4143 eaptare
1014 4059 1073 4124 sub
1094 4059 1206 4123 arbore
1227 4079 1369 4124 somnum

502 4163 682 4228 i'mbritera
703 4164 838 4244 vivoque
859 4163 944 4226 sitim
966 4160 1157 4242 restringere
1178 4163 1264 4225 tonte

381 4283 542 4334 ”Sorrariro
607 4282 618 4308 ⁰
637 4287 717 4332 ‹rrrrrris
736 4286 816 4332 Arbor
896 4279 991 4330 enova
1010 4283 1036 4329 iu
1053 4281 1069 4328 1
1087 4299 1115 4329 :u
1134 4298 1199 4329 novo
1216 4284 1281 4328 koro.
1356 4267 1369 4304 ¹¹
1389 4283 1494 4329 fulmina
1512 4284 1539 4328 r'n
1559 4281 1616 4328 lea

311 4359 412 4405 flumina
431 4360 495 4405 ism-r.
556 4353 702 4417 “Hybisrn.
762 4345 993 4414 'scriptuosis-t.
1057 4347 1141 4412 ‘ipse
1160 4354 1185 4398 ia
1205 4351 1221 4398 1
1238 4370 1266 4399 an
1284 4354 1338 4413 ipsa
1356 4355 1421 4401 bore.
1475 4340 1488 4374 ¹¹
1506 4361 1616 4400 rurrrrnt

312 4413 423 4476 *trism-
438 4445 510 4488 prorxs
530 4429 672 4474 Iler-ametor
683 4427 756 4486 sebit.
830 4410 959 4473 ¹‘Auriana
1032 4409 1388 4484 ¹1rtsaerrlemmeo1-Jaarr.

374 4580 385 4624 ¹
406 4583 559 4640 Zerromseh
580 4583 646 4640 odor
664 4582 776 4640 smisoia
