3625 5192
644 359 733 416 Brieie
752 362 872 417 Matiane
890 361 949 416 308.
970 362 1029 416 309.
1048 364 1106 416 310.
1476 363 1529 418 403

180 545 183 550 -
216 515 248 572 et
268 508 397 591 solertia
419 514 473 591 tuq
501 515 622 574 tanturn
651 511 768 588 tribuo,
798 516 831 574 ut
853 529 873 572 a
894 511 1026 574 consilio
1047 521 1101 574 tuo
1127 509 1295 575 dissentire
1321 512 1413 594 quasi
1438 512 1528 578 nefas

217 631 287 676 esse
303 631 464 677 censeam.
507 611 573 676 Sed
594 612 653 677 boc
675 631 770 677 nnnm
797 633 859 677 non
887 631 1013 696 possum
1041 614 1099 678 tibi
1128 633 1190 678 non
1221 613 1402 694 ostendere,
1431 634 1527 698 quam

216 716 258 778 sit
283 714 422 779 alienum
449 733 471 778 a
497 715 670 780 commodis
695 716 826 797 nostris,
852 717 937 798 qnod
965 717 1161 781 Ditmarum¹
1192 723 1238 781 tot
1269 719 1527 802 competitoribus

216 817 390 900 protuleris.
433 817 516 881 Huic
535 816 590 898 (de
604 817 743 881 moribus
763 817 842 882 nihil
859 817 977 896 dicam)
998 817 1079 894 huie,
1102 819 1241 900 inquam,
1264 803 1389 885 turbido
1408 820 1526 884 bomini

217 919 451 984 habitacionem
473 920 507 983 in
528 918 620 983 domo
642 938 713 984 mea
734 921 895 984 collocasti
918 921 1045 984 adiecta
1058 919 1253 1000 condicione,
1278 928 1310 985 ut
1332 921 1394 985 XX
1416 941 1527 987 aureos
1626 915 1629 922 ’

217 1040 359 1084 nummos
378 1021 515 1087 diversis
538 1009 733 1104 temporibus
755 1021 787 1086 in
810 1021 1021 1086 necessariam
1049 1021 1160 1086 domus
1184 1023 1383 1087 reiectionem
1406 1025 1527 1108 impen-
1568 1025 1571 1036 '

216 1123 280 1196 dat
305 1125 453 1188 nntaneia
474 1123 599 1202 fulciat,
626 1124 772 1188 restituat
790 1123 988 1188 collabencia
1009 1130 1040 1187 et
1061 1125 1188 1188 omnino
1209 1125 1306 1190 iaciat
1327 1126 1405 1208 edes
1425 1135 1528 1192 aartas
1562 1177 1570 1194 .

120 1235 124 1240 '
216 1231 325 1290 tectas.
368 1226 475 1290 Placet
496 1226 555 1291 hoc
577 1235 702 1309 pactum
725 1233 923 1290 conventum.
965 1227 1047 1292 Acta
1062 1227 1240 1310 comprobo.
1282 1228 1526 1293 concordamus.

216 1328 518 1395 Eademmensmea
531 1337 589 1392 cst.
630 1329 869 1394 Perseverarem
892 1328 924 1394 in
947 1327 1007 1392 boc
1029 1349 1107 1411 pnro
1128 1328 1256 1412 placito,
1276 1331 1339 1395 nisi
1360 1331 1527 1397 restituet

216 1431 426 1496 intolerabilis
457 1431 602 1496 condicio
636 1430 811 1496 accederet.
859 1431 943 1496 Nam
973 1431 1125 1514 obligasti
1161 1451 1210 1496 me
1244 1433 1396 1497 caucione
1426 1433 1525 1496 chiro-

215 1535 399 1617 grapbaria‚
420 1540 463 1613 ut,
485 1533 516 1598 si·
530 1534 678 1597 alteruter
697 1532 782 1596 diem
804 1551 892 1597 suum
915 1533 1017 1598 obiret
1037 1534 1121 1596 intra
1143 1535 1285 1616 spacium
1308 1535 1527 1616 quinquennii,

201 1644 439 1721 testamentum
460 1643 492 1700 et
513 1626 722 1716 fideiussores,
743 1636 806 1698 imo
827 1634 902 1700 bdci
924 1636 1132 1700 commissarii
1154 1643 1335 1700 tenerentur
1354 1638 1526 1720 superstiti.

218 1738 336 1803 Durum
360 1739 393 1803 id
443 1738 549 1804 Oliicit
571 1758 610 1803 ea
631 1737 758 1804 cautela
771 1744 803 1802 et
814 1737 944 1803 mordet.
986 1738 1019 1803 Si
1040 1737 1213 1818 inquilinus
1232 1737 1310 1802 mihi
1332 1758 1393 1802 non
1417 1739 1526 1820 credit,

216 1861 272 1905 cur
292 1860 352 1925 ego
367 1841 489 1906 carebo
512 1841 739 1924 quinquennali
764 1841 991 1924 pensitacione.
1032 1840 1145 1906 Melius
1166 1847 1197 1905 et
1217 1841 1343 1905 civilius
1364 1849 1463 1922 esset,
1494 1848 1527 1905 ut

210 1944 299 2022 bono
320 1950 352 2009 et
373 1964 454 2026 equo
477 1949 640 2008 contentus
660 1945 796 2007 loturum
817 1943 949 2007 arbitrio
965 1942 1074 2024 gravis
1100 1937 1196 2006 amici
1216 1941 1427 2006 estimandum
1448 1943 1528 2007 diri·

218 2047 428 2128 mendumque
454 2048 652 2128 relinqueret.
702 2045 813 2122 Querit
833 2044 1092 2124 satisdationem,
1115 2045 1219 2126 querit
1241 2043 1398 2108 vafricies.
1441 2044 1527 2108 Misit

218 2151 383 2213 notarium.
424 2149 495 2212 Non
518 2148 643 2213 admisi.
685 2147 778 2212 Haud
800 2145 897 2212 dubie
919 2147 978 2212 tibi
1006 2153 1038 2210 et
1067 2146 1387 2241 mihi0impositurus.
1437 2147 1526 2211 Nihil

218 2251 368 2333 proliciet.
409 2251 492 2316 Audi
515 2251 764 2332 Sommeringbm
787 2258 825 2314 et'
838 2249 984 2314 rescribe.
1028 2248 1165 2314 Viceriis
1186 2250 1291 2332 potius
1313 2269 1407 2332 quam
1430 2248 1524 2314 nebu-

219 2353 283 2417 loni
309 2354 519 2434 acquiescam.
567 2353 648 2417 Nolo
674 2360 779 2416 tarnen
809 2362 895 2416 tnum
925 2354 957 2415 in
988 2351 1048 2416 bac
1076 2372 1109 2414 re
1136 2352 1301 2415 consilium
1326 2352 1457 2432 clausis,
1493 2359 1526 2415 ut

218 2456 318 2536 aiunt,
339 2455 439 2520 oculis
460 2455 661 2539 pertransire.
704 2454 793 2519 Vale.

299 2558 405 2622 Pridie
427 2558 586 2622 Calendas
607 2557 810 2642 Septembres
832 2555 985 2622 leXlll.

287 2715 468 2762 Handscbristl.
486 2715 506 2761 F
522 2715 571 2763 186
589 2715 632 2762 fol.
645 2715 715 2763 tutv
730 2714 835 2763 ·-1tttr.

774 2881 976 2892 —ut-———-

218 3011 299 3118 aro.
320 3036 380 3107 rna
401 3051 447 3102 an
468 3035 603 3102 ornan.
762 3064 764 3067 -
907 3033 1143 3118 (uorrrarara.
1175 3035 1524 3120 rotrocortugnst.)

219 3253 235 3299 d
289 3182 351 3230 Mut.
371 3180 469 3230 s‘elriclrt
491 3183 507 3228 4
526 3197 605 3242 gegen
629 3181 670 3226 dio
689 3181 918 3229 Psotl'erkorniancr
939 3183 1077 3242 garicbtote
1097 3183 1210 3228 Disticha
1232 3181 1284 3229 urrd
1308 3183 1401 3230 erkliirt
1424 3183 1525 3242 Einigos

237 3253 293 3300 erin
311 3255 394 3300 ntbor.

300 3375 336 3437 ln
354 3335 623 3456 'peperipbronas'¹⁸
643 3373 882 3457 supersticionis
902 3372 988 3446 vicio
1009 3379 1041 3437 et
1062 3373 1292 3438 malevolencia
1313 3349 1484 3454 estuantes.

289 3513 301 3540 ²
320 3517 415 3578 θόρεν,
433 3519 456 3566 S.
471 3519 532 3566 191:
550 3519 718 3578 Poripbronas
736 3502 931 3578 strporstitionos.

219 3680 388 3688 ——--—---
404 3680 419 3688 η

281 3788 591 3864 11131.Βτ.992.306
613 3809 721 3847 uam.

280 3867 294 3910 ²
315 3873 452 3927 Verleitet
473 3873 561 3926 durch
581 3873 630 3927 das
650 3871 756 3925 Fehlon
778 3870 855 3925 einer
874 3870 1047 3924 besonderen
1069 3868 1204 3924 Nummer
1229 3867 1258 3922 in
1279 3869 1328 3923 der
1345 3867 1527 3923 Frankfnrter

219 3952 402 4008 Handschrilt
426 3953 477 4007 hat
497 3953 600 4007 Tenael
626 3953 702 4008 dicae
728 3951 747 4003 4
777 3950 924 4006 Distichen
952 3951 1033 4006 nebst
1053 3949 1172 4004 Glossen
1201 3949 1249 4003 fiir
1280 3949 1361 4004 einen
1389 3949 1452 4004 Teii
1478 3949 1527 4002 dos

220 4033 465 4104 norbergehenden
483 4032 592 4088 Briefes
613 4033 724 4088 l'rbans
748 4049 783 4086 an
804 4029 943 4085 Reucblin
968 4031 1107 4102 gelralten.
1154 4029 1217 4084 Alte
1242 4047 1362 4083 nerreren
1393 4029 1527 4084 Forscbcr

218 4113 279 4167 sind
300 4114 405 4168 seioem
420 4111 561 4184 Beispiele
580 4112 689 4184 gefolgt
706 4110 921 4185 (Kampscbulte
935 4111 957 4180 Ι,
979 4109 1005 4166 S.
1018 4110 1084 4176 158,
1105 4109 1217 4180 Gcigcr,
1237 4109 1262 4164 J.
1275 4107 1427 4163 Reuchlirrs
1438 4107 1526 4162 Brief-

219 4193 337 4248 weebsel
352 4193 378 4247 S.
392 4193 458 4261 191,
478 4194 595 4260 Krousa,
615 4193 646 4247 E.
660 4193 764 4247 Hessos
775 4192 797 4262 1,
818 4189 846 4247 S.
862 4190 941 4258 170.)
982 4191 1091 4246 Jedocb
1102 4189 1196 4244 macht
1207 4207 1236 4244 es
1251 4191 1300 4243 der
1315 4189 1369 4242 deu
1380 4188 1526 4243 Distichen

221 4273 605 4345 beigegebeneKommentar
625 4273 705 4326 mehr
724 4271 1015 4342 alswahrscboinlich‚
1035 4272 1098 4325 dass
1115 4269 1210 4324 beides
1231 4269 1321 4323 einem
1344 4286 1378 4322 an
1391 4268 1527 4324 Reuchlin

219 4354 407 4424 abgesandteu
424 4352 575 4408 Sebreiben
591 4353 703 4408 Urbana
723 4352 802 4407 nicht
821 4353 957 4423 angebiirt
978 4351 1068 4405 haben
1090 4350 1173 4418 kann,
1194 4349 1329 4403 uielmchr
1349 4349 1398 4402 wir
1419 4367 1447 4403 es
1468 4349 1528 4402 bier

222 4434 275 4487 mit
294 4435 357 4488 dem
378 4434 544 4506 Fragmente
566 4434 642 4488 eines
662 4431 875 4488 Mutianbriefes
894 4450 928 4485 zu
946 4432 1016 4484 tbun
1033 4431 1130 4486 baben.
1166 4429 1254 4496 Fiille,
1273 4447 1314 4484 wo
1331 4429 1439 4484 Mutian
1452 4429 1528 4483 aeine

225 4514 312 4570 Verse
333 4514 425 4568 selber
443 4514 641 4568 kommentiert
661 4514 718 4566 und
738 4514 779 4566 sic
799 4529 829 4566 so
844 4512 1055 4566 donFrcunden
1067 4511 1244 4580 iiberscndct,
1261 4509 1340 4582 giebt
1358 4526 1387 4564 es
1397 4509 1530 4578 mamere,

224 4614 246 4648 z.
267 4593 299 4648 B.
320 4593 365 4648 Br.
378 4593 434 4648 257
447 4595 504 4649 und
515 4593 581 4648 258.

1269 4684 1324 4739 26*
