3625 5192
679 344 767 400 llriele
786 341 905 399 hirrtians
923 344 965 401 46.
983 340 1025 399 lt.
1468 340 1500 397 61

195 496 279 579 quod
300 496 383 561 sicut
403 494 550 561 Horatius
572 494 706 578 priorem
729 494 920 559 Pindaruml
943 494 1054 559 merito
1076 492 1212 559 credidit
1233 492 1368 558 nemini⁸
1398 493 1502 557 inimi-

196 598 336 678 tabilem,
357 598 405 662 ita
425 616 494 664 sum
508 599 540 660 in
562 616 602 662 ea
618 598 688 680 ipse
709 598 868 681 opinione,
890 603 925 659 ut
938 596 1144 681 posteriorem
1166 596 1247 659 hune
1268 602 1358 659 extra
1378 614 1502 659 omnem

195 700 317 782 ingenii
337 700 442 765 alam
463 700 600 784 positum
621 719 691 765 esse
712 698 891 763 decernam.
933 697 1076 775 Quaeris,
1099 718 1193 779 quam
1215 704 1339 779 gratnm
1362 698 1442 764 mihi
1460 698 1503 762 ait

194 821 309 867 munus
340 808 443 866 mum:
477 802 608 867 Gratius
636 809 685 867 est
712 800 904 883 gratissimis
934 801 1055 866 Gratiis
1085 807 1117 867 at
1151 799 1371 884 pulcherrimis
1401 800 1503 881 Horis,

195 922 275 986 quas
298 904 377 969 deas
397 903 533 968 Ovidius
553 904 713 969 eelebres2
735 904 891 987 appellat,
922 910 954 967 et
983 904 1112 967 omnino
1139 901 1270 984 dignum
1291 902 1437 986 amplexu
1465 922 1503 966 ac

195 1006 447 1081 deosculatione,
470 1006 602 1089 dignum
624 1006 738 1082 etiam,
760 1004 845 1088 qnod
864 1004 963 1091 puelli
986 1004 1174 1090 puellaeque
1194 1004 1318 1087 legant,
1348 1004 1502 1081 ediscant,

195 1107 375 1173 decantent.
416 1107 500 1185 Quid
527 1109 568 1172 de
588 1114 794 1173 conterraneo
820 1126 890 1172 meo
915 1107 1055 1173 sentiant
1076 1107 1230 1172 Socratici
1259 1126 1421 1185 censores,
1447 1108 1501 1188 qni

193 1231 295 1294 nuper
316 1214 347 1274 in
370 1230 487 1293 magno
500 1210 758 1275 scholasticorum
770 1209 944 1274 coenobio³
967 1229 1029 1274 non
1050 1209 1159 1292 procul
1173 1207 1214 1274 ab
1225 1208 1305 1275 aede
1315 1208 1503 1275 Michaelist

195 1333 328 1379 examen
351 1332 517 1396 puerorum
528 1320 812 1395 congregavemnt‚
835 1317 870 1376 ιιι
885 1312 1062 1377 bucularius
1074 1312 1307 1395 lignariosqueb
1328 1313 1503 1393 crearentfi,

197 1436 259 1479 nou
280 1434 473 1499 magnopere
496 1414 716 1497 requirendum
742 1424 827 1499 puto.
870 1415 982 1497 Neque
1001 1416 1085 1479 enim
1114 1414 1315 1479 metuendum
1337 1421 1399 1495 est,
1425 1414 1502 1496 quid

196 1519 237 1582 de
257 1519 355 1583 nostri
382 1518 504 1582 ordinis
531 1517 786 1584 adolescentibus
812 1517 976 1601 sophistae
1006 1518 1193 1582 contentiosi
1219 1516 1376 1597 indicent,
1402 1535 1503 1599 genus

195 1620 351 1685 irritabile
372 1627 405 1683 et
417 1639 580 1702 arrogans,
601 1627 706 1685 tamen
725 1620 888 1685 exorabile
901 1620 1045 1701 pecnnia.
1088 1618 1170 1709 Nam
1193 1619 1261 1685 siue
1281 1618 1412 1684 laudent
1434 1620 1503 1684 sire

194 1723 376 1807 vituperant
396 1730 525 1805 poetas,
546 1742 657 1806 pamm
679 1723 817 1787 interest
859 1724 939 1786 Sunt
961 1722 1094 1785 fortasse
1115 1740 1177 1785 nou
1199 1720 1357 1792 incallidi,
1385 1721 1416 1785 in
1439 1720 1503 1785 dis·

195 1824 350 1909 putando,
384 1824 521 1907 captiosi
556 1832 588 1889 et
627 1823 962 1909 incomprehensibiles
993 1842 1032 1889 ac
1068 1823 1179 1887 lubrici
1215 1824 1302 1888 velut
1331 1822 1501 1905 anguillae.

196 1927 276 1991 Novi
299 1927 423 2008 aliquos
443 1925 602 2000 verbosos,
623 1926 808 2009 perplexos,
829 1926 1011 2007 intricatos,
1034 1926 1088 2008 qui
1109 1944 1171 1989 non
1192 1924 1384 1989 videbantur
1404 1924 1502 1989 blate-

197 2030 289 2094 randi
311 2028 405 2093 linem
425 2035 500 2092 ante
521 2028 641 2093 obitum
662 2028 788 2095 tacturi.
825 2028 928 2093 Fuere
954 2026 1110 2105 nonnulli,
1137 2027 1192 2108 qui
1215 2047 1289 2093 suos
1316 2028 1451 2092 incultos
1472 2033 1504 2093 et

197 2132 349 2196 barbaros
368 2130 494 2195 libellos
514 2138 609 2212 atque
632 2131 715 2195 omni
738 2131 824 2195 carie
844 2150 883 2195 ac
902 2130 1087 2213 putriligine
1108 2129 1308 2209 curiosiores,
1334 2129 1367 2194 in
1389 2129 1503 2212 quihus

194 2236 261 2299 lere
282 2235 322 2299 de
342 2234 417 2297 lana
436 2234 570 2317 caprina
589 2235 782 2298 concertatio
804 2233 996 2313 continetur,
1024 2232 1216 2297 doctissimis
1236 2238 1268 2297 et
1287 2231 1504 2297 disertissimis

194 2336 380 2401 autoribusl
413 2335 512 2400 multa
541 2337 777 2400 temeritatem
808 2334 946 2398 audacia
976 2335 1179 2419 praeferrent.
1234 2332 1352 2398 Vivunt
1383 2340 1415 2397 et
1445 2334 1504 2411 bac

194 2445 383 2521 tempestate
406 2438 506 2519 togati
528 2438 673 2519 vulturii,
702 2436 845 2501 homines
865 2436 1018 2501 vecordes
1043 2444 1075 2500 et
1095 2436 1251 2501 cerebrosi
1279 2442 1310 2500 et
1337 2436 1368 2499 in
1395 2435 1504 2499 latinis

194 2540 310 2604 studiis
330 2540 515 2605 rectissimis
538 2540 667 2621 quidem
691 2539 756 2605 illis
777 2547 871 2622 atque
891 2538 1125 2605 honestissimis
1145 2557 1273 2621 prorsus
1294 2535 1442 2618 infantes,
1463 2558 1503 2602 ne

194 2642 299 2706 dicam
317 2642 506 2726 insipientes
525 2649 558 2706 et
578 2642 685 2723 stulti,
712 2642 767 2724 qui
788 2649 913 2725 poetas,
940 2648 1095 2723 oratores,
1121 2639 1305 2721 historicos,
1330 2640 1407 2704 iuris
1433 2658 1504 2705 con-

194 2745 293 2809 sultos
313 2752 346 2809 et
366 2744 529 2825 theologos
548 2750 671 2808 veteres
689 2745 729 2808 ob
740 2744 980 2827 perversitatem
996 2744 1111 2809 mentis
1131 2750 1163 2808 et
1178 2743 1391 2825 ignorantiam
1416 2741 1503 2807 dam·
1549 2788 1552 2795 ·

195 2854 283 2927 nant,
304 2866 339 2911 se
359 2851 392 2911 et
410 2865 470 2911 sua
491 2843 632 2925 laudant,
654 2866 711 2910 nos
732 2853 764 2911 et
781 2854 889 2911 nostra
900 2852 1034 2929 carpunt
1049 2851 1081 2910 et
1096 2846 1143 2910 sic
1156 2845 1262 2911 miseri
1286 2844 1381 2911 etad
1400 2845 1503 2909 avari-

197 2948 292 3027 tiam,
334 2948 528 3031 superhiam,
563 2948 739 3030 falsamque
771 2950 926 3013 scientiae
957 2948 1193 3031 persuasionem
1227 2948 1294 3013 nati
1319 2966 1421 3032 prava
1445 2968 1502 3032 pro

196 3052 304 3125 rectis,
329 3050 415 3115 mula
441 3071 498 3134 pro
524 3051 632 3131 bonis,
662 3050 799 3116 barbara
825 3071 881 3134 pro
903 3051 1013 3115 latinis
1043 3050 1168 3114 hahent.
1217 3050 1278 3114 Per
1304 3069 1358 3115 eos
1380 3055 1502 3115 tantum

196 3151 262 3217 odii
284 3159 380 3235 atque
401 3151 544 3217 invidiae
566 3152 706 3235 suscepit
725 3152 859 3235 poetica,
880 3158 915 3217 ut
937 3152 1108 3217 verisimile
1131 3153 1173 3217 sit
1193 3151 1362 3234 magistros
1378 3152 1502 3216 thani

194 3253 348 3335 fulgorem
376 3272 473 3337 aegre
499 3256 673 3337 aspexisse.
713 3255 803 3320 Adeo
828 3274 904 3320 vero
932 3254 1026 3321 rudes
1053 3261 1126 3321 sunt
1152 3256 1303 3320 bonarum
1330 3256 1502 3336 literarum,

197 3364 246 3428 nt,
272 3354 350 3438 quid
372 3355 551 3421 bacularius
571 3360 626 3436 sit,
653 3356 807 3421 nesciant.
849 3356 1081 3423 Bacculaureus
1102 3357 1186 3421 enim
1208 3356 1379 3422 absurdum
1401 3364 1449 3422 est
1472 3366 1504 3423 et

196 3457 362 3523 ridiculum
384 3457 580 3525 uocabulum.
622 3458 796 3524 Ostendam
814 3458 873 3523 tibi
895 3459 1047 3524 iudicium
1068 3477 1185 3540 meum,
1205 3459 1288 3539 quod
1310 3460 1502 3543 passiacum

195 3560 327 3625 thano
356 3561 546 3643 persecreti
573 3559 666 3625 iidem
693 3562 932 3626 communicare.
976 3561 1113 3625 Primum
1144 3570 1175 3626 te
1201 3562 1329 3643 adiuro,
1362 3572 1395 3626 nt
1423 3561 1504 3626 velis

195 3681 315 3727 arcana
341 3663 486 3743 reticere,
518 3681 559 3728 ne
585 3662 663 3726 mihi
691 3669 723 3727 et
749 3664 864 3728 nostris
889 3664 972 3728 male
1004 3663 1121 3727 literati
1149 3664 1290 3745 graviter
1316 3666 1501 3729 irascantur.

195 3764 313 3828 Versus
333 3771 382 3829 est
403 3763 598 3830 Ciceronisssz

266 3876 456 3931 ”rehtma
513 3868 580 3930 bl'a
597 3884 790 3945 linguarioaque.
845 3878 930 3932 cLib.
950 3900 1008 3932 trev.
1028 3885 1195 3931 conducetur.
1250 3868 1486 3931 11Τκιιιιιιοιὶὶιιιι.

259 4096 271 4138 ¹
293 4100 385 4156 Horae
411 4099 501 4157 (imm.
526 4102 574 4158 IV.
597 4100 624 4157 2.
648 4100 705 4156 1-·
717 4101 746 4159 4.

258 4176 447 4236 2Vielteieut
467 4184 571 4237 celeres
594 4184 666 4237 nach
688 4182 759 4238 Ouid
782 4182 895 4239 Matrem.
915 4184 951 4255 ll,
974 4186 1041 4243 119.

139 4278 142 4281 ’
261 4254 379 4316 bsonst
398 4260 554 4334 Collegium
575 4282 705 4334 magnum
727 4272 858 4335 genennt
899 4264 936 4317 Es
959 4268 1052 4321 wurrle
1075 4266 1152 4319 1510
1181 4284 1233 4321 ron
1262 4268 1324 4321 dem
1348 4266 1436 4323 Pouet
1457 4284 1503 4339 ge-

194 4344 296 4395 stiirmt
316 4344 375 4397 und
393 4343 470 4398 aeine
490 4344 586 4398 innare
610 4343 794 4415 Einriehtung
814 4345 931 4399 teilweis
951 4351 1072 4405 neratlirt.

256 4418 345 4476 ⁴Die
376 4424 449 4478 noch
476 4425 559 4478 haute
588 4424 758 4479 bestehondc
786 4424 1141 4482 Michaelis-Plarrlrirehc.
1196 4428 1259 4499 Vgl.
1291 4427 1422 4483 dariiber:
1458 4429 1503 4482 dic

195 4500 458 4557 Hiiuser-Chronik
488 4505 537 4558 der
563 4503 643 4559 Stadt
670 4504 772 4560 Erfrtrt
819 4505 898 4573 llrag.
925 4524 977 4561 von
1006 4508 1148 4563 Berrrhard
1175 4508 1303 4579 llertung
1356 4509 1446 4566 .'l¹heil
1465 4510 1501 4564 ll.

196 4582 293 4639 l‘lrt’urt
307 4582 391 4638 1878.
404 4583 430 4640 S.
443 4584 499 4637 166
509 4584 615 4641 -1ta
658 4580 673 4623 ⁵
695 4586 757 4656 Vgl.
768 4585 814 4641 Br.
825 4585 864 4640 45
881 4584 907 4640 S.
921 4586 965 4642 57.
978 4587 1058 4643 Αιιιιι.
1069 4589 1092 4645 l.
1134 4584 1148 4627 ⁰
1169 4588 1212 4644 De
1234 4586 1365 4643 officiisl.
1379 4588 1426 4644 22.
1440 4588 1485 4644 i‘l.
