3625 5192
312 349 364 404 316
687 349 949 420 Gescbichtsqucllen
966 354 1014 406 der
1032 352 1106 406 Pror.
1125 353 1247 408 Saelrsen.

311 501 526 582 praelectione
555 501 742 583 scripmrum
768 520 866 587 opera
900 500 1037 565 lucidius
1069 503 1255 566 enitescunt.
1307 503 1495 586 Baptistael
1528 523 1620 588 para·

311 601 459 684 phraates
485 601 548 666 sibi
575 601 656 667 seire
685 602 826 681 videtur,
864 621 1104 686 supervacanea
1134 605 1241 686 pueris
1266 605 1404 669 inculcat
1434 607 1622 690 glosemata,

311 723 393 786 quae
420 724 476 786 per
504 711 640 768 aetatem
667 711 699 766 et
726 703 951 768 hebetudinem
979 723 1040 768 non
1073 711 1205 785 possunt
1238 706 1413 788 intelligere
1446 709 1540 772 eitius
1575 709 1621 773 in-

314 806 470 871 tellecturi
496 814 610 888 poema
636 807 727 870 vatis.
775 805 887 870 Nescit
913 805 953 868 de
982 806 1091 869 tabula
1118 826 1244 871 manum
1272 808 1395 888 tollere,
1426 809 1509 890 quod
1536 811 1622 890 olim,

312 909 445 974 illustris
470 911 572 990 pictor
592 908 745 992 Apelles2
772 908 813 972 de
842 908 965 990 pictura
994 907 1181 988 Protogenis
1207 909 1314 974 dicere
1340 911 1472 976 solebat.
1518 912 1621 977 Nocet

311 1011 505 1076 discentibus
517 1011 617 1076 nimia
637 1011 794 1075 interdum
816 1010 959 1074 docentis
984 1009 1162 1093 diligentia.
1205 1010 1310 1094 Caput
1332 1013 1541 1094 expositionis
1561 1020 1619 1094 est,

311 1120 346 1178 ut
368 1113 508 1177 brevitas
528 1111 662 1178 obscura
683 1133 746 1178 non
766 1113 818 1192 sit,
837 1131 877 1176 ne
897 1113 1020 1176 scilieet
1040 1113 1196 1195 interpres
1223 1113 1393 1196 interprete
1424 1123 1526 1196 egeat.
1568 1117 1616 1180 Tu

312 1221 486 1298 pergc‚-ut
506 1215 653 1298 coepisti,
682 1222 714 1280 et
739 1214 936 1278 librariorum
964 1211 1095 1278 mendas
1116 1215 1268 1278 emacula.
1315 1215 1407 1280 Hunc
1430 1217 1619 1299 hymnogra-

310 1317 417 1399 phum,
438 1323 603 1399 postquam
626 1316 808 1400 perlegeris,
829 1318 962 1398 remitte,
984 1325 1017 1382 ut
1038 1315 1078 1380 ad
1101 1317 1255 1397 dontinus,
1273 1319 1325 1400 qui
1343 1337 1414 1382 eum
1436 1320 1513 1384 mihi
1536 1341 1618 1385 eom-

309 1418 485 1498 modamnt,
506 1420 567 1484 iter
587 1419 693 1482 saciat.
734 1418 867 1484 Cursim.

379 1541 454 1588 Gedr.
478 1537 503 1604 l)
522 1542 620 1588 Tertius
637 1541 736 1588 libellus
754 1541 795 1588 fol.
815 1539 1008 1590 lr5v-rrtr.
1046 1540 1071 1598 2)
1090 1542 1131 1590 Ta.
1152 1543 1205 1590 sor.
1225 1557 1264 1603 op.
1285 1543 1347 1590 blut.
1366 1545 1389 1592 S.
1404 1541 1515 1596 12-13,

313 1715 391 1782 tao.
414 1713 458 1784 ll.
480 1732 526 1780 un
547 1715 652 1780 elnon
675 1713 949 1784 linbclrannten.
1398 1715 1545 1797 (Gotho)
1571 1715 1617 1798 (l)

385 1825 447 1872 Moe.
469 1826 513 1870 hut
532 1825 576 1870 dns
596 1826 647 1870 ihm
666 1825 817 1871 iihersandto
837 1824 945 1872 (redient
966 1826 1008 1870 des
1028 1826 1147 1872 Pollidius
1164 1827 1257 1871 llrusns
1275 1827 1487 1884 durehlrorrigiert
1507 1827 1558 1872 und
1578 1827 1620 1872 bc·

318 1897 428 1953 austrugt
447 1896 495 1940 don
515 1897 665 1954 Empliingor
683 1897 725 1941 des
744 1896 847 1947 Bricses,
876 1896 933 1940 oinc
953 1896 1068 1940 Arrtworl
1097 1911 1129 1940 arr
1157 1897 1205 1941 don
1229 1896 1334 1942 Dichter
1360 1897 1550 1955 uusanl'erllgcn.
1586 1897 1621 1942 Er

316 1966 411 2010 sordent
429 1980 484 2011 zum
503 1966 626 2024 lloissigcn
645 1968 726 2012 Leaen
745 1967 789 2011 uui
805 1967 856 2012 und
873 1968 980 2012 criirtort
999 1966 1038 2012 dic
1057 1966 1232 2013 Srlrreibweiso
1251 1967 1330 2012 seinos
1349 1967 1464 2014 Nanneius.

391 2062 529 2127 Flamini
551 2083 618 2127 stro.

397 2164 514 2229 blando
546 2165 621 2245 tibi,
652 2174 686 2228 ut
715 2166 885 2229 exercendi
918 2167 1023 2248 gratia
1054 2166 1095 2230 ad
1131 2185 1256 2231 eamren
1288 2166 1346 2232 hoe
1378 2173 1489 2248 poetae
1521 2169 1620 2230 Saxo-

314 2267 378 2330 nici
407 2267 609 2350 respondeas.
657 2268 727 2348 Ego
759 2269 928 2332 immodice
961 2268 1109 2332 laudatus
1147 2289 1208 2331 non
1247 2269 1348 2332 audeo
1380 2287 1438 2351 par
1473 2269 1542 2351 pari
1573 2288 1620 2330 re-

314 2372 404 2448 terre,
429 2389 468 2433 ne
490 2371 561 2451 quis
583 2371 724 2433 nasutior
745 2371 848 2434 client:
881 2370 1060 2449 „linteum¹
1083 2371 1156 2433 nmli
1171 2371 1353 2435 seaburrt.“³
1394 2369 1498 2434 Nolim
1515 2369 1619 2432 dieas:

313 2472 499 2551 „Silentium
531 2473 607 2535 mihi
638 2472 819 2551 iniunxisti,
852 2473 996 2536 obliuisci
1025 2471 1231 2556 Pythagorici
1263 2472 1397 2536 instituti
1420 2493 1481 2535 non
1508 2472 1619 2535 debeo.

312 2574 426 2638 Verum
447 2575 587 2637 narrasf‘
631 2574 774 2637 Imitatus
802 2595 869 2638 surm
896 2575 1125 2638 llorutiarrum4
1154 2573 1355 2652 Quintilium:
1399 2573 1570 2654 „erintilio
1592 2575 1617 2636 si

310 2675 386 2758 qnid
409 2677 573 2747 recitares,
602 2676 738 2758 corrige,
765 2676 866 2740 sodes¹
900 2677 968 2741 Hoc
991 2676 1098 2739 aicbat
1118 2687 1149 2739 et
1171 2677 1263 2740 lroe.“
1305 2676 1457 2740 Mutnuda
1480 2674 1619 2740 notavi.b

311 2779 389 2858 Egic
412 2798 473 2841 non
496 2777 703 2842 inotliciosum
725 2779 940 2842 Aristarchum
964 2799 1019 2861 pro
1043 2778 1273 2858 benevolentia,
1298 2799 1361 2858 qua
1386 2787 1415 2840 te
1437 2763 1617 2860 prosequor,

311 2881 461 2961 iussique,
483 2887 517 2942 ut
537 2879 726 2944 lectionibus
747 2881 850 2960 magis
871 2901 965 2961 quam
989 2881 1071 2960 stylo
1087 2901 1227 2946 vacares.
1270 2882 1355 2944 liene
1376 2881 1459 2945 enirn
1482 2879 1620 2942 seribere

311 3002 373 3046 non
395 3001 568 3071 possumus,
589 2983 650 3046 nisi
673 2982 771 3046 multa
792 2992 824 3046 et
845 2982 961 3046 idonea
983 2983 1076 3046 lectio
1092 2985 1307 3065 praecesserit.
1350 2981 1390 3046 Et
1409 3001 1486 3046 sane
1506 2981 1620 3044 melius

310 3092 446 3148 meretur
466 3083 507 3147 de
528 3083 642 3147 studiis
665 3085 780 3148 nostris
799 3083 955 3150 eiusmodi
977 3103 1125 3163 censura,
1153 3103 1246 3163 quam
1269 3103 1389 3148 errores
1415 3082 1622 3146 dissimulans

312 3186 517 3265 indulgentia.
563 3186 671 3267 ltaqrre
692 3187 954 3250 nonsomautord
978 3185 1181 3269 Pythagorici
1205 3185 1332 3248 silentii.
1374 3185 1490 3248 Crebro
1511 3184 1620 3264 legen-

225 3315 235 3356 .·
310 3288 384 3351 dum
408 3307 478 3352 esse
505 3288 682 3370 praecipio,
710 3308 772 3350 nnn
802 3296 906 3352 tamen
930 3287 962 3351 id
985 3288 1084 3352 solum
1106 3295 1137 3350 ct
1158 3306 1282 3370 semper
1300 3286 1468 3368 agendum.
1510 3285 1621 3366 Stylns

310 3389 434 3452 interim
463 3390 589 3454 lectioni
610 3390 768 3454 succedat.
816 3390 866 3453 Ad
887 3411 966 3458 rem:
1002 3389 1157 3456 scribitur
1179 3389 1365 3466 hloetianns,
1391 3397 1423 3452 et
1450 3386 1545 3463 bene,
1568 3407 1621 3451 ve-

310 3493 384 3555 tusti
406 3492 533 3556 codices
554 3492 671 3558 habent
693 3493 847 3557 interdum
869 3513 907 3557 oc
929 3513 985 3573 pro
1007 3511 1034 3554 n.
1078 3492 1190 3554 Testes
1212 3491 1311 3555 citare
1332 3491 1419 3568 nolo,
1443 3509 1482 3552 ne
1502 3489 1562 3552 sim
1587 3489 1620 3552 in

311 3594 405 3674 nugis
431 3594 579 3658 curiosos.
627 3595 736 3658 Rnffus
762 3595 844 3659 male
871 3593 1029 3668 scribitur,
1057 3593 1149 3656 unico
1176 3593 1190 3654 t'
1215 3591 1413 3657 scribendum
1441 3597 1496 3655 cst.
1546 3589 1620 3654 Non

310 3696 433 3776 attingo
462 3715 602 3774 carmen,
631 3697 689 3760 etsi
717 3696 911 3776 mendosum,
940 3717 1001 3760 non
1030 3693 1176 3758 omnibns
1197 3694 1301 3775 vigilo.
1345 3693 1439 3757 Absit
1459 3693 1491 3755 in
1513 3691 1622 3756 alieno
1667 3743 1671 3750 .

310 3815 406 3878 opere
432 3797 644 3878 interpolandi
674 3798 864 3880 delendique
892 3817 975 3862 eura.
1018 3797 1088 3861 Nisi
1112 3804 1143 3861 te
1164 3815 1312 3871 annuerem,
1341 3816 1401 3859 non
1424 3795 1620 3877 castigarem

311 3906 375 3962 tua.
401 3898 609 3963 cautissimus
628 3901 761 3981 quisque
777 3919 928 3963 resanum
944 3908 1068 3981 poetam
1092 3899 1237 3979 tetigisse
1258 3898 1379 3962 timet⁵
1409 3896 1520 3961 Dulcis
1535 3897 1621 3961 enim

310 4006 471 4079 poetarum
498 4002 638 4080 insania,
665 4003 712 4065 sic
738 4002 827 4064 inflat
856 4003 1006 4083 opinione
1028 4003 1090 4080 sui,
1126 4009 1160 4063 ut
1186 4000 1291 4063 adhue
1320 4000 1476 4062 neminem
1504 4000 1546 4062 ab
1574 3999 1623 4062 in-

379 4098 390 4125 ‘¹
411 4106 444 4150 Tc
462 4105 563 4152 Melum.
637 4098 649 4126 ⁰
668 4107 700 4151 Ta
718 4107 787 4152 novi.
858 4101 868 4126 ⁰
888 4108 922 4152 Ta
943 4107 1002 4164 Ego.
1074 4091 1086 4126 ‘¹
1108 4107 1139 4151 Tc
1158 4117 1254 4152 artetur.

374 4258 385 4300 l
406 4262 470 4331 Vgl.
491 4260 589 4316 3232
612 4263 637 4318 S.
653 4261 691 4315 45
710 4263 793 4320 Anm,
809 4264 834 4314 l.

373 4337 387 4378 ²
409 4342 474 4411 vgt.
497 4342 612 4397 Plinius.
637 4343 776 4396 Naturalis
796 4343 912 4397 historia
933 4343 1024 4395 XXX.
1050 4345 1093 4398 ll).
1115 4345 1160 4398 36.

373 4417 387 4460 ³
408 4422 472 4491 vgl.
491 4421 628 4490 Erasmus,
649 4423 756 4491 :idagia
776 4442 801 4492 p.
818 4423 885 4474 266.

371 4497 384 4539 ⁴
408 4501 451 4554 De
472 4509 531 4555 arte
558 4503 668 4572 poetica
688 4502 745 4556 438
762 4502 855 4560 -439,

373 4578 387 4618 ⁵
409 4581 487 4635 >lach
510 4581 608 4636 lloraz.
630 4583 673 4636 Dc
696 4591 754 4636 arto
774 4583 885 4652 poetica
906 4581 972 4638 455.
