3625 5192
242 311 248 318 ’
306 313 359 370 418
683 313 939 382 Gesehiebtsquellen
958 313 1006 366 der
1023 311 1097 370 Prov.
1116 311 1239 367 Soeboen.

306 464 499 528 Henrieuml
536 473 567 527 et
594 469 685 527 eaute
721 463 862 546 proferas
888 462 976 526 talia.
1029 461 1126 524 ltome
1155 469 1202 524 eut
1224 461 1334 540 frater,
1363 463 1412 524 eui
1440 459 1519 525 nibil
1548 461 1610 524 nisi

305 573 449 632 sanetum
470 565 603 650 proponi
624 583 663 628 ae
682 564 780 630 scribi
800 564 953 629 volumus.

375 676 555 722 Handsehristt
574 673 655 722 Flos
673 674 714 720 iol.
727 673 832 721 toov-
845 672 919 721 lolr.

305 879 390 952 324.
410 879 455 952 ll.
477 899 524 947 au
545 878 681 946 Urban.
833 876 966 960 (Gotho
978 876 1076 946 1513.
1109 875 1277 948 tllrtober.
1298 876 1444 946 Erstere
1459 876 1610 960 florus.)

375 965 437 1038 Murlt.
458 991 515 1038 teilt
533 992 590 1037 dem
604 990 689 1038 Urban
709 989 767 1036 eine
781 989 957 1047 Unterrednng
975 988 1020 1036 mit
1031 988 1168 1049 Friedrich,
1187 988 1242 1036 dem
1262 988 1516 1036 Reinhardsbrunner
1528 989 1610 1036 Oolro·

297 1077 404 1122 nomen,
422 1062 469 1108 mit
488 1061 538 1108 und
556 1061 633 1108 bittet
652 1075 693 1106 um
714 1060 755 1105 dia
773 1059 926 1119 Erledigung
945 1059 1072 1105 mehrerer
1089 1059 1307 1118 Blieberaustrltgo.

384 1145 692 1230 Circumpeetissimo
713 1160 878 1220 eeonomo,
904 1142 1058 1224 magistro
1078 1141 1216 1207 Henrieo
1236 1141 1418 1222 Urbano,
1448 1162 1505 1208 suo
1527 1143 1610 1226 patri

302 1232 486 1328 reverendo,
507 1246 668 1310 Matienus
689 1244 795 1310 Rufus.

384 1349 485 1414 Salus.
527 1348 665 1411 Narrare
685 1347 745 1411 tibi
766 1348 869 1428 gestio
890 1366 951 1411 non
974 1344 1067 1410 modo
1089 1347 1278 1422 necessarie,
1303 1345 1358 1412 sed
1380 1347 1482 1412 eeiam
1503 1346 1610 1411 aliena

303 1460 335 1516 et
362 1449 538 1535 popularia.
586 1449 704 1514 Audiri
731 1467 771 1513 ex
800 1468 950 1514 eeonomo
979 1468 1095 1530 magne
1126 1451 1271 1532 potencie
1296 1448 1480 1514 Friderieo²
1511 1453 1609 1513 totam

301 1553 442 1618 tabulam
471 1551 624 1635 nuptialis
651 1551 856 1635 spectaculis
898 1549 1069 1630 „Fuimus
1098 1551 1215 1632 inquit,
1242 1571 1303 1616 ono
1327 1551 1359 1615 in
1380 1550 1525 1634 bospieio
1546 1549 1611 1614 Du-

301 1656 409 1719 ronius
434 1662 466 1719 et
492 1673 566 1735 ego.
609 1652 794 1736 Spoletinus
825 1651 967 1718 dedisset
993 1653 1118 1717 abituro
1154 1652 1231 1715 mihi
1258 1653 1438 1736 epistolam,
1475 1651 1531 1718 sed
1550 1653 1609 1718 sub

302 1756 388 1822 idem
411 1763 534 1840 tempus
559 1753 759 1821 sacrificavi-t.
806 1754 1039 1837 Degenburdus
1065 1753 1408 1822 mi1·ifieetesolutat“
1434 1761 1466 1819 et
1495 1762 1609 1820 estere.

301 1858 363 1922 Hie
393 1864 497 1942 pater,
529 1858 591 1922 nisi
624 1877 673 1921 me
705 1857 797 1921 fallat
824 1857 947 1940 opinio,
975 1856 1122 1923 suecedet
1147 1859 1232 1941 abbe
1259 1877 1316 1922 suo
1348 1858 1411 1921 iam
1442 1859 1609 1940 egrotanti,

301 1961 447 2044 quamvis
467 1966 555 2025 uetus
580 1959 834 2026 Bursteldensis⁴
865 1962 948 2025 serio
977 1967 1008 2025 et
1033 1979 1142 2026 severe
1175 1961 1318 2043 prelioiat
1347 1959 1521 2041 antistites,
1551 1959 1609 2024 sed

300 2069 446 2147 penetrat
474 2064 610 2146 pecunia
638 2069 670 2127 et
696 2061 868 2127 efficaciter
893 2061 1071 2146 persuadet.
1122 2062 1193 2126 Den
1222 2060 1470 2145 Oatbrynueins⁵
1501 2061 1610 2126 wullet

301 2163 376 2229 bald
397 2163 460 2226 und
482 2164 568 2247 ylieh
590 2162 670 2228 aueb
692 2163 745 2230 die
767 2165 840 2235 bete
853 2162 893 2240 (t)
916 2183 977 2228 von
997 2163 1084 2229 diser
1105 2183 1192 2228 zeum
1214 2162 1354 2243 bezealn,
1370 2160 1439 2230 ¹(lon
1460 2162 1513 2228 die
1529 2156 1626 2228 aoeit'

302 2267 415 2348 brengt
427 2265 485 2328 mit
500 2265 569 2330 sieh
582 2285 644 2348 eyn
666 2284 748 2348 pene
770 2265 841 2329 auis
862 2284 1067 2330 verseumnus
1087 2264 1151 2330 und
1173 2265 1398 2330 contumation.
1434 2264 1512 2330 ltem
1529 2265 1610 2330 slaet

301 2389 342 2432 an
376 2368 554 2433 Hilarium6
584 2367 637 2431 rel.
689 2366 771 2431 Nolo
800 2367 898 2448 enim,
932 2373 965 2431 ut
997 2375 1052 2432 tua
1085 2367 1239 2432 benevola
1269 2367 1445 2451 paternitas
1478 2367 1607 2432 eireum-

300 2469 465 2534 scribatur.
525 2467 574 2533 De
604 2468 694 2532 libris
729 2469 957 2534 excellentibus
985 2469 1204 2553 perquirendis
1234 2487 1358 2534 assume
1390 2469 1422 2533 in
1455 2470 1607 2534 auxilium

301 2571 452 2635 Sebalbil
474 2571 571 2634 nostri
595 2568 810 2652 diligenciam.
853 2571 953 2634 Novit
974 2571 1028 2635 ille
1049 2571 1246 2636 verecundus
1266 2571 1391 2635 iuvenis
1409 2578 1441 2636 et
1454 2591 1608 2637 uommen-

300 2672 434 2738 dacione
460 2672 628 2754 probitatis
656 2671 852 2753 diligendos,
880 2674 952 2753 quis
979 2673 1110 2748 idoneos
1138 2671 1300 2755 possideat
1325 2671 1482 2738 authores.
1536 2673 1607 2738 Non

301 2775 386 2839 enim
408 2774 525 2838 latinus
552 2782 600 2838 est
627 2780 763 2854 tantum,
790 2773 846 2839 sed
876 2775 976 2840 eeiam
1000 2773 1226 2855 semigreeulus
1251 2780 1283 2838 et
1305 2772 1479 2839 studiorum
1500 2795 1609 2841 aman·

301 2876 449 2942 tissimus
506 2875 668 2954 Quotatis,
706 2875 837 2955 amabo,
874 2876 1026 2960 epistolas
1059 2874 1240 2940 Ambrosii⁸
1273 2875 1435 2952 monaehi,
1466 2877 1618 2956 eiusdem¹

300 2998 428 3060 grecam
463 2978 718 3059 grammaticam,
754 2980 828 3042 item
856 2977 1063 3060 Egnaeium⁹‚
1097 2977 1128 3042 iu
1150 2976 1300 3058 Plinium,
1332 2977 1607 3061 Opportunitatem

302 3079 447 3162 Equieuli
459 3083 493 3161 ¹⁰,
516 3080 708 3159 Solinum¹¹‚
728 3079 770 3143 de
791 3100 851 3161 quo
867 3079 1010 3144 Petreius
1025 3077 1150 3144 scribit:
1172 3078 1329 3158 „Multum
1345 3080 1437 3144 nobis
1458 3080 1608 3164 prodesse

301 3181 493 3247 etinimicis
521 3200 633 3246 noeere
654 3182 803 3265 poterit“.
852 3181 989 3262 Vellem,
1015 3187 1049 3244 ut
1070 3177 1226 3245 Sebalb'us
1247 3181 1348 3246 eeiam
1369 3181 1467 3247 Rome
1489 3189 1608 3266 ageret,

302 3283 378 3366 quia
406 3284 493 3366 greei
523 3282 667 3347 doctores
698 3282 741 3347 ad
766 3282 903 3346 Leonem
937 3282 1093 3347 deoimum
1127 3281 1304 3346 convolant.
1358 3281 1412 3348 Sie
1443 3283 1608 3368 proficeret

302 3378 423 3445 sodalis
447 3385 533 3460 tnus,
567 3379 630 3443 imo
658 3386 772 3444 noster.
821 3379 905 3444 Nam
928 3381 1005 3445 boni
1034 3382 1161 3448 eodiees
1185 3403 1255 3448 sero
1280 3381 1323 3447 ad
1345 3404 1403 3449 nos
1425 3384 1607 3453 deveniunt.
1657 3375 1659 3378 ⁵

303 3482 386 3547 Vale
404 3489 436 3547 et
456 3480 555 3547 salve.

372 3590 553 3637 Handsoltrittl.
574 3590 655 3638 Flet
674 3590 921 3638 t01.101r-101v.
985 3603 988 3612 ·

365 3743 377 3786 ¹
396 3748 531 3803 Heinrich
551 3748 705 3804 Eberbaeh.

366 3823 380 3866 ²
400 3827 463 3899 Vgl.
472 3828 518 3884 Br.
531 3828 569 3880 29
588 3827 616 3883 S.
627 3827 666 3882 40
681 3829 762 3884 Anm.
774 3828 801 3886 2.

364 3901 378 3946 3
398 3907 453 3962 Die
475 3907 611 3963 Hoehzeit
630 3910 679 3964 des
697 3909 820 3981 Herzogs
838 3909 951 3964 dohann
971 3928 1026 3965 rou
1047 3908 1177 3968 Saehsen.
1238 3925 1245 3935 ·

361 3981 377 4106 ἒ
397 3987 499 4043 Hierzu
518 3989 634 4059 gehbrte
653 3989 900 4044 Reinhardsbrunn
923 3991 1005 4045 nebst
1027 3990 1064 4043 74
1084 3993 1187 4046 anderu
1209 3991 1349 4046 Kliistern.

397 4067 459 4138 ugr
472 4066 518 4125 nr.
531 4067 597 4125 323.

363 4141 377 4185 6
397 4147 461 4218 vgt
472 4147 518 4204 Br.
532 4147 599 4218 306,
611 4147 669 4224 322
685 4167 712 4204 u.
726 4148 793 4204 323.

364 4221 464 4298 ⁷ng
483 4226 598 4281 Buteo
620 4225 647 4283 S.
658 4228 714 4282 381
737 4228 861 4284 Anm.2.
1053 4251 1056 4260 ·

362 4299 378 4344 ⁸
398 4306 517 4378 vgtssr.
529 4307 584 4360 211
611 4307 706 4364 8227
728 4308 803 4363 Anm
823 4308 850 4364 3.
891 4309 947 4364 Die
967 4310 1140 4382 griechisohe
1160 4311 1337 4366 Grammatik
1358 4312 1395 4366 ist
1416 4313 1586 4368 unbekannt..

272 4432 278 4441 .
364 4380 379 4425 9
398 4386 587 4458 vgtssreto
608 4388 690 4443 Anm.
702 4388 728 4444 5.
769 4388 922 4444 Vielleieht
939 4389 986 4445 fiel
1007 4391 1068 4445 hier
1087 4391 1207 4446 Fabrunr
1230 4409 1288 4446 uus.

365 4460 394 4505 ¹⁰
411 4467 476 4538 Vgl.
487 4466 534 4522 Br.
546 4467 603 4521 323
626 4467 653 4524 S.
662 4467 719 4522 417
741 4469 824 4524 Anm.
836 4468 862 4524 4.

366 4541 391 4583 ¹¹
415 4546 480 4618 vgt.
491 4547 574 4618 Halm,
594 4547 786 4619 Repertorium
809 4549 1129 4605 N0.14873-14886.

850 4685 1051 4695 ————.-..-
