3625 5192
638 346 727 402 Brielc
745 347 864 402 Mutisns
882 345 942 400 4:34.
959 346 1019 401 43&
1449 345 1483 397 93

176 498 341 563 lectionem
363 503 548 581 perpetuam
561 516 629 560 cunr
652 495 822 577 stipendio,
843 493 1050 578 philosophos
1070 501 1189 558 tueare.
1231 493 1267 557 ln
1285 495 1345 557 huc
1359 511 1483 576 quoque

176 620 209 664 re
231 599 308 664 mihi
329 599 441 678 uelim,
462 599 489 663 si
511 607 618 682 potes,
638 598 853 681 obtemperes,
873 604 907 660 ut
928 595 1146 680 Aporhacchis
1173 594 1342 660 alliuibus1
1362 597 1482 661 ihreas.

175 702 245 784 Ego
268 704 312 766 ita
334 721 403 766 sum
425 702 596 782 ingenuus,
624 707 658 764 ut
686 720 764 782 quos
785 699 883 764 semel
904 700 937 763 in
959 699 1066 763 album
1088 699 1258 763 amicorum
1280 699 1401 781 recepi,
1428 719 1484 763 eos

176 803 208 867 in
229 823 336 868 amore
356 804 611 868 constantissime
633 822 764 867 servem.
808 800 843 864 ld
867 807 921 865 tue
941 800 1094 881 dignitati
1122 806 1186 865 tam
1207 821 1240 864 re
1260 819 1355 883 quam
1376 801 1484 866 verbis
1526 788 1529 794 ¹

174 905 355 970 laciendum
378 923 446 970 esse
468 905 623 970 existimo.
666 902 730 969 Sed
752 911 785 967 ut
806 902 848 967 ad
874 901 1000 967 initium
1027 911 1180 983 reuertar,
1207 923 1269 967 non
1297 903 1483 968 temerarius

145 1027 241 1082 ‚sum
272 1016 327 1072 aut
355 1027 481 1071 euersor
510 1006 636 1072 honoris
667 1005 727 1085 tui,
762 1004 847 1087 quod
880 1004 950 1067 diui
977 1002 1178 1085 diligentiam
1206 1005 1482 1088 iurisperitorum

150 1177 153 1182 ,
176 1111 332 1176 miseram.
374 1109 493 1174 Extant
514 1109 547 1171 in
570 1108 734 1190 Digestis2
754 1106 942 1171 Triboniani
965 1106 1055 1170 titulo
1076 1107 1117 1169 dc
1136 1105 1255 1188 legatis
1271 1116 1304 1172 et
1325 1106 1482 1172 fideicom-

176 1214 282 1278 missis
308 1211 447 1280 secundo
467 1212 599 1276 Scevole
631 1211 729 1276 verba
749 1210 783 1274 L.
805 1209 978 1275 codicillis:
1008 1209 1147 1291 „Lucius
1168 1210 1273 1274 Titius
1299 1209 1358 1274 hoc
1377 1230 1481 1274 meum

175 1321 397 1380 testamentum
424 1315 537 1398 scripsi
564 1315 633 1378 sine
658 1314 720 1378 ullo
749 1313 930 1398 iurisperito
959 1314 1114 1378 rationem
1147 1312 1247 1377 animi
1282 1313 1343 1378 mei
1376 1316 1482 1398 potius

175 1423 301 1482 secutus
321 1434 416 1498 quam
443 1417 591 1481 miseram
618 1423 649 1481 et
674 1416 805 1479 nimiam
835 1415 1064 1498 diligentiam.“
1105 1416 1159 1479 Sic
1185 1434 1243 1480 vos
1269 1417 1379 1480 soletis
1405 1417 1480 1481 alle·
1579 1437 1589 1456 ·

105 1539 111 1548 ·
174 1538 253 1602 gare
287 1520 319 1584 in
351 1518 464 1583 vestris
497 1517 712 1597 contionibus,
747 1537 938 1600 quamquam
972 1517 1072 1582 inane
1097 1517 1139 1582 sit
1171 1517 1230 1581 hoc
1256 1517 1480 1582 testimonium.

178 1621 262 1698 Quid
284 1621 352 1685 ita?
393 1621 476 1698 Quia
497 1641 559 1685 non
588 1620 640 1684 hic
667 1619 843 1684 authoritas
869 1621 1002 1684 Scevole
1029 1627 1206 1704 spectatur,
1233 1621 1290 1684 sed
1316 1620 1480 1685 cuiusdam

175 1722 266 1787 Lucii
289 1723 367 1786 Titii
390 1721 554 1805 scriptum,
583 1722 665 1805 qnod
693 1721 822 1786 elevans
843 1721 998 1806 interpres
1020 1721 1124 1803 legum
1147 1721 1347 1786 Florentinus
1366 1723 1481 1786 Accur-

174 1827 275 1890 sius-³:
299 1824 432 1907 „Audi,“
454 1826 593 1906 inquam,
615 1823 762 1904 „stultum
775 1831 964 1888 testatorem.
1007 1823 1078 1888 Non
1094 1831 1199 1888 tamen
1217 1823 1247 1888 ei
1264 1823 1392 1907 prodest
1406 1825 1482 1889 stul-

174 1927 259 1991 ticia.
303 1926 385 2008 Ergo
410 1946 471 1990 non
492 1934 540 1991 est
561 1927 678 1990 misera
699 1925 898 2007 diligentia.“
940 1925 1008 1992 Hoc
1030 1925 1088 1989 tihi
1111 1925 1267 2010 placebit,
1292 1935 1378 1990 certo
1406 1927 1480 1991 scio.

176 2030 238 2094 Sed
254 2029 331 2093 mihi
347 2029 472 2093 videtur
495 2027 665 2094 Accursius
686 2047 748 2090 non
768 2027 810 2091 ob
832 2026 866 2090 id
888 2027 1084 2110 increpuisse
1106 2035 1299 2108 testatorem,
1319 2027 1377 2092 sed
1393 2048 1482 2110 prop

177 2139 279 2208 terea,
305 2150 366 2212 que
389 2137 574 2212 sequuntur,
597 2131 657 2194 etsi
678 2130 780 2193 nrinus
802 2128 923 2211 aliquid
942 2129 1084 2210 legitime
1111 2137 1143 2194 et
1166 2131 1297 2212 reliqua.
1340 2131 1376 2192 ln
1398 2131 1481 2194 hunc

176 2233 302 2297 modum
322 2234 452 2298 lusitarc
474 2252 543 2296 cum
560 2230 742 2296 Herehordo
763 2250 833 2295 meo
853 2231 948 2294 volui.
993 2231 1080 2295 Vale.
1122 2231 1200 2296 Mihi
1223 2241 1294 2297 tuus
1314 2240 1362 2295 est
1383 2231 1482 2295 honor

174 2337 311 2419 propriis
332 2335 523 2400 utilitatibus
544 2333 711 2416 antiquior.

245 2459 425 2506 llaudsclrriftl.
448 2459 466 2504 l*
485 2453 536 2504 404
556 2458 599 2504 lol.
619 2456 814 2506 actv—losa

749 2597 928 2605 —-——--

175 2681 255 2751 435.
278 2679 322 2751 ll.
342 2679 533 2750 unUrbmr.
596 2677 730 2761 (Gotho
743 2679 836 2750 1514.
865 2678 1231 2749 soloccumberet.
1245 2681 1480 2766 September).

245 2805 307 2853 Mut.
331 2806 380 2851 will
405 2805 491 2850 sciucn
515 2804 645 2863 Famulus,
672 2803 717 2849 (lor
743 2803 757 2848 3
778 2803 845 2858 Tage
867 2804 928 2850 iiber
947 2806 1033 2850 coinon
1058 2807 1151 2879 llrlunlr
1179 2807 1205 2852 iu
1229 2808 1313 2853 Ersrrrt
1336 2809 1481 2868 gablieben,

173 2875 252 2921 liober
272 2876 317 2921 auri
332 2875 420 2920 immor
438 2875 494 2920 dem
512 2875 596 2920 Urbun
615 2874 747 2920 nuserrdcn.
786 2875 905 2920 llcrsclhc
926 2877 986 2921 tlruc
1005 2875 1152 2935 iiberhuupt,
1171 2891 1223 2922 was
1244 2878 1295 2924 ihm
1313 2879 1411 2924 boliebe
1430 2881 1481 2925 und

175 2945 302 2991 hiirnmerc
326 2947 379 2991 sich
402 2945 473 2990 nicht
496 2959 535 2990 um
556 2944 656 2988 Bciclrle
679 2944 760 2988 seinos
781 2945 871 2992 lton-n.
910 2947 965 2990 ileu
985 2947 1113 2992 llerebord
1138 2963 1186 2992 von
1211 2948 1389 2994 cerularium
1416 2950 1480 2995 hnhe

176 3030 203 3062 or
223 3025 308 3074 mugen
327 3017 370 3062 des
388 3016 545 3061 Berrclrmcns
563 3029 641 3074 gegeu
662 3015 818 3073 Engolmann
836 3017 988 3072 gcsclroltcrr.

253 3113 465 3176 Sotertissimo
486 3111 625 3193 quiestori
645 3111 761 3192 Georgi
784 3112 914 3176 vallium
936 3113 1072 3178 Henrico
1095 3114 1261 3196 Urbano,
1282 3115 1480 3199 philosopho,

175 3215 370 3299 presbytero,
390 3215 493 3278 amico
518 3213 597 3277 hene
620 3211 760 3292 merenti,
782 3213 942 3277 Mutianus
963 3214 1070 3281 liuius.
1127 3235 1131 3239 ·

256 3321 290 3380 S.
332 3317 489 3396 Iusseras,
511 3322 545 3378 ut
566 3314 710 3377 Publium
732 3316 928 3396 relegarem⁴
950 3317 980 3381 in
1002 3317 1145 3383 Pontum.
1187 3319 1275 3394 Hem,
1298 3321 1402 3402 qualis
1425 3321 1450 3384 ll
1456 3341 1480 3383 r-

175 3418 251 3484 bani
262 3419 434 3502 asperitas!
478 3417 646 3481 hlitiusest
667 3416 835 3498 agendum.
879 3419 1048 3483 Remittam
1064 3423 1168 3504 potius
1186 3422 1226 3485 ad
1244 3430 1285 3502 te,
1307 3414 1479 3486 amatorem

175 3542 275 3587 suum.
317 3523 366 3586 lta
387 3521 507 3585 solutus
526 3525 574 3584 cst
599 3513 739 3583 amasius
766 3526 821 3582 tua
849 3520 991 3586 bonitate
1011 3529 1043 3586 et
1064 3523 1281 3604 indulgentia,
1310 3532 1343 3587 ut
1366 3525 1479 3588 Rulirm

175 3631 355 3689 contemnat
384 3628 550 3703 tecumque
578 3621 685 3685 vivere
715 3620 861 3686 destinet.
910 3623 994 3686 Nam
1023 3625 1086 3688 nisi
1111 3625 1158 3688 sic
1178 3633 1277 3706 esset,
1303 3646 1364 3689 non
1386 3627 1480 3691 isthic

174 3726 278 3791 triduo
300 3725 447 3790 continuo
469 3723 638 3787 mansisset
659 3722 747 3787 nulla
767 3725 894 3806 penitus
914 3725 1018 3790 culine
1038 3727 1160 3791 ratione
1176 3727 1297 3808 hahita,
1318 3735 1351 3791 ut
1367 3730 1480 3793 mirum

174 3828 251 3892 mihi
283 3827 442 3906 videatur,
476 3845 531 3890 our·
556 3825 697 3908 potueris
725 3845 849 3890 servum
877 3826 936 3892 hoo
963 3847 1061 3911 pecus
1088 3825 1152 3893 ta'm
1178 3828 1233 3892 din
1262 3830 1364 3893 soluto
1391 3831 1480 3895 lreno

174 3930 287 4012 vagari
315 3929 382 4011 pati
408 3935 440 3992 et
462 3927 573 3991 deesse
603 3945 659 3990 sno
685 3927 866 3992 ministerio.
913 3928 1001 3992 'lunc
1027 3931 1069 3993 sit
1098 3931 1209 4010 igitur,
1238 3932 1366 4012 quando
1391 3953 1480 4002 meus

174 4052 244 4096 esse
265 4037 397 4096 recusat.
439 4031 550 4112 Neque
571 4031 654 4093 enim
676 4030 753 4109 l'cro,
775 4031 827 4110 qui
846 4029 969 4098 duobus
987 4031 1124 4096 dominis
1145 4040 1256 4097 contra
1272 4035 1479 4117 prescriptum

173 4134 394 4216 evangelicum
416 4133 486 4198 sive
504 4137 616 4214 suapte
634 4138 747 4194 natura
767 4132 835 4196 sive
848 4132 981 4196 aliorum
995 4152 1089 4198 suasu
1108 4135 1215 4199 servit.
1251 4135 1336 4212 Quid
1352 4137 1480 4202 multis?

237 4339 249 4381 ¹
270 4341 333 4415 Vgl.
343 4343 388 4402 Br.
402 4342 470 4401 419.

237 4419 251 4462 ²
273 4423 389 4496 Digesta
397 4423 504 4480 XXXI.
516 4423 561 4477 88.
573 4423 619 4478 17.
1351 4484 1357 4492 ,

233 4499 246 4542 ³
267 4505 352 4558 Eiuer
372 4506 421 4558 der
442 4505 649 4558 heriilrmtcsten
671 4503 850 4558 Glossatoren
870 4521 921 4560 aus
941 4503 1003 4559 dem
1028 4506 1072 4563 13.
1093 4505 1289 4563 lahrhuudert

235 4579 250 4623 4
272 4584 379 4657 chen
400 4585 490 4639 seines
511 4585 684 4656 allzulnngen
707 4585 877 4641 Verweilens
897 4585 927 4638 in
947 4586 1051 4645 Erfurt.
1092 4587 1154 4659 Vgl.
1174 4591 1246 4644 aueh
1269 4589 1314 4646 Br.
1329 4588 1396 4644 423.
