3625 5192
314 321 367 375 426
525 301 530 310 ⁸
687 321 946 389 Gesehichtsquollen
964 311 1014 372 der
1030 319 1106 382 Pron,
1123 319 1247 373 Sachsen.

314 438 413 549 tasse,
434 471 526 550 novi,
546 468 630 552 quod
653 469 796 552 plerique
817 471 849 533 in
871 467 978 532 causis
1000 467 1135 552 propriis
1156 467 1339 549 ignaviores
1360 467 1425 531 sint
1445 473 1476 530 et
1498 467 1617 548 pavidi.

232 571 236 578 ’
314 573 434 654 Cicero,
456 580 576 637 tantum
597 573 701 636 lumen
723 574 826 635 nuruis
846 571 1014 654 sapientie,
1033 589 1101 634 cum
1124 569 1281 634 aClodiis
1302 571 1335 633 in
1357 568 1506 633 iudicium
1529 587 1620 632 voca-

313 682 406 757 retur,
428 675 583 758 expalluit
601 683 632 738 ot
652 674 825 738 tanriliares
837 674 1023 754 ignotosque
1034 672 1220 756 suppliciter·
1240 682 1271 736 et
1292 669 1508 755 plorabundus
1530 668 1619 733 adiit.

207 842 211 851 ,
313 776 425 857 ltaque
452 797 513 840 uon
543 777 611 840 sine
641 777 786 859 exemplo
817 774 973 840 modestia
1000 794 1072 839 mea
1102 775 1247 839 submisit
1278 794 1312 838 se
1337 774 1470 839 consilio
1495 771 1620 837 iuvenis

313 879 464 959 studiosi,
493 900 513 944 a
538 899 600 960 quo
621 899 670 942 me
691 880 849 943 contemni
871 878 1015 943 arbitror.
1058 877 1247 943 Contemnat
1273 875 1436 940 insciciam
1458 882 1553 956 atque
1574 873 1620 936 in·

293 981 444 1044 landam
466 988 619 1059 nostram,
648 980 741 1044 fidem
762 989 794 1044 et
813 981 1025 1045 constantiam
1047 981 1078 1043 in
1102 979 1248 1043 amicicia
1273 979 1341 1042 iure
1361 997 1423 1042 noo
1446 976 1542 1040 debet
1567 993 1619 1038 ne-

312 1101 373 1163 que
394 1089 498 1166 potest
519 1103 678 1148 accusare.
719 1083 834 1146 Amavi
854 1102 988 1166 auroque
1011 1090 1043 1172 ut
1062 1083 1197 1145 doctum.
1239 1083 1288 1144 An
1311 1083 1379 1162 ipse
1398 1079 1474 1144 mibi
1498 1077 1620 1158 tibique

312 1183 474 1266 protirerit,
503 1192 589 1249 tuum
614 1195 681 1249 esto
708 1184 868 1249 iudicium.
911 1184 990 1248 Vale
1021 1190 1053 1249 et
1080 1203 1154 1248 ama
1184 1190 1215 1247 te
1243 1191 1400 1246 amantem
1433 1181 1619 1244 Matianum

310 1287 364 1366 qui
386 1304 470 1351 nuno
489 1295 578 1369 optat
595 1286 652 1351 tibi
665 1287 781 1352 honore
791 1295 823 1351 et
843 1287 1019 1352 eruditione
1043 1286 1172 1370 pollenti
1195 1287 1263 1350 viro
1285 1285 1382 1349 vitam
1395 1284 1617 1366 longiturnam.

312 1466 318 1478 Ι
338 1466 362 1511 d·
380 1396 563 1478 ΙΗιιιιᾰιιοΙιι-ἱιίῑ,
585 1396 648 1444 1185
668 1398 708 1443 sol.
721 1399 785 1444 bhv.
823 1398 898 1444 seur.
919 1398 942 1444 b.
964 1398 997 1443 Ta
1016 1399 1039 1444 S.
1055 1396 1166 1442 71-72
1187 1395 1400 1442 corallerebordus
1413 1398 1434 1440 'a
1452 1407 1492 1440 me
1510 1392 1546 1439 bis
1564 1398 1617 1438 osto

311 1479 337 1511 ιιι
355 1479 438 1512 terum.

865 1557 1065 1564 ---.--.-----ι

311 1627 392 1697 333.
414 1627 459 1699 11.
479 1647 524 1695 an
546 1618 732 1695 Herebord
748 1648 780 1700 r.
792 1629 828 1694 d.
841 1627 1015 1695 llarthon.
1229 1625 1361 1712 (tiotha
1375 1621 1617 1706 rell-1513.)

381 1739 442 1786 blut.
464 1741 550 1786 urteilt
570 1741 631 1787 iiber
648 1740 745 1787 Plinius
764 1741 812 1786 don
829 1742 958 1799 Jdngeron
977 1741 1028 1786 und
1046 1740 1131 1787 scinon
1151 1739 1352 1784 Kommentator.

390 1822 440 1887 nd
465 1823 742 1889 Herebordum.

391 1925 461 1989 Huc
481 1925 572 2006 ades,
601 1927 761 1992 habitator
786 1927 941 1991 tomiois¹.
990 1925 1085 1990 Plinii
1112 1927 1174 1989 duo
1204 1925 1336 1990 floruere
1364 1926 1422 1990 sub
1455 1924 1617 1988 cesaribus

314 2026 527 2109 vespasianis.
569 2028 657 2091 Prior
676 2029 874 2110 equestribus
896 2028 1024 2092 milioiis
1050 2029 1251 2110 integerrime
1277 2028 1401 2092 thnctus
1422 2027 1618 2110 posteritatis

263 2182 265 2185 ,
310 2130 476 2209 negocium
498 2130 573 2211 egit.
615 2129 712 2194 Extat
733 2131 866 2195 historia
886 2140 1007 2209 nature,
1028 2149 1106 2214 opus
1127 2130 1280 2210 divinum,
1300 2130 1363 2193 imo
1386 2129 1561 2207 thesaurus,
1584 2134 1618 2192 ut

310 2229 469 2294 Domitius
499 2233 595 2306 hier,2
624 2230 756 2310 diceret,
789 2232 842 2313 qui
869 2231 968 2296 libros
999 2231 1138 2297 thesauri
1164 2231 1385 2313 appellaeione
1414 2230 1615 2312 dignabatur.

308 2331 466 2396 Posterior
485 2353 560 2398 vero
581 2335 697 2397 sororis
717 2331 800 2396 iilius
821 2334 853 2395 in
875 2333 951 2413 foro,
973 2334 1082 2398 rostris
1102 2341 1134 2397 et
1156 2333 1247 2396 domo
1270 2332 1440 2416 principali
1460 2332 1500 2396 ob
1523 2331 1615 2396 tidem

309 2440 342 2496 et
363 2434 579 2515 eloquenciam
602 2432 758 2498 inclaruit.
803 2433 885 2499 Usus
907 2435 980 2500 stilo
1001 2435 1092 2499 tardo
1111 2445 1143 2499 et
1154 2434 1301 2516 diligenti
1313 2435 1403 2498 iuxta
1422 2434 1616 2518 preceptoris

310 2535 520 2613 t,}11intiliaui³
542 2536 715 2600 consilium.
756 2536 868 2618 Neque
889 2539 973 2601 enim
994 2537 1085 2601 stilus
1101 2537 1292 2617 minusagit,
1315 2555 1384 2601 oum
1406 2534 1498 2612 delet,
1521 2555 1615 2618 quam

310 2657 379 2701 eum
401 2638 519 2702 scribit.
562 2638 663 2702 Huius
684 2639 715 2702 in
738 2639 881 2722 epistolis
900 2647 932 2704 et
943 2639 1136 2722 panegyrico
1152 2659 1284 2704 acumen
1307 2651 1394 2716 (nam
1415 2646 1520 2702 cetera
1540 2642 1614 2718 tere,

309 2759 370 2819 que
391 2741 527 2821 scripsit,
552 2741 669 2804 iniuria
690 2750 864 2823 temporum
886 2743 1021 2823 periere)
1044 2743 1139 2830 ualde
1160 2742 1313 2805 mirantur
1336 2741 1452 2804 eruditi
1475 2750 1507 2804 et
1522 2743 1613 2822 quasi

309 2841 387 2906 daut
407 2842 547 2925 palmam
567 2844 682 2907 oratori
704 2844 807 2908 Plinio
829 2844 868 2907 de
887 2844 1039 2908 Cicerone
1062 2846 1224 2927 presertim
1248 2844 1281 2907 in
1303 2843 1468 2926 epistolari
1486 2844 1614 2907 charae

309 2952 384 3008 tere.
425 2943 523 3008 Latus
544 2945 670 3017 Cicero,
699 2946 826 3009 strictus
846 2945 978 3009 Piinius.
1025 2945 1079 3009 llle
1101 2946 1208 3028 copia,
1235 2944 1287 3009 hio
1315 2945 1425 3009 robore
1451 2956 1483 3008 et
1509 2947 1615 3010 nervis

236 3063 240 3070 ·
308 3045 415 3109 vineit.
458 3045 495 3108 ln
523 3047 702 3112 uuiversum
728 3046 839 3110 babuit
866 3057 935 3111 etas
956 3047 1128 3112 Pliniorum
1153 3049 1237 3112 viros
1267 3048 1299 3110 in
1325 3045 1461 3110 dicendo
1488 3037 1614 3128 graves,

308 3154 426 3220 acutos,
448 3149 578 3212 Atticos.
622 3149 711 3212 Talis
732 3157 780 3211 est
797 3149 974 3222 Suetonius,
995 3150 1070 3214 talis
1091 3148 1256 3214 Cornelius
1276 3149 1416 3226 Tacitus,
1439 3148 1519 3213 tales
1534 3149 1613 3212 biar-

308 3248 427 3314 cellus4
447 3249 923 3338 etNeratius⁵-et1ab01enus⁶‚
946 3250 1168 3330 iurisconsulti,
1188 3269 1318 3331 quorum
1330 3251 1451 3316 Plinius
1462 3251 1612 3316 meminit.

370 3428 381 3470 1
403 3433 482 3488 Nach
511 3435 588 3488 einer
607 3434 862 3505 Randbemerlrung
889 3434 918 3486 in
942 3434 992 3487 der
1021 3431 1203 3488 Frarrkfurter
1222 3433 1404 3487 Hsndsehrift
1428 3451 1462 3487 au
1484 3432 1532 3490 Nr.
1554 3433 1609 3486 461

307 3513 418 3568 wohnte
438 3514 582 3569 Herebord
601 3533 625 3568 v.
639 3515 663 3568 d.
681 3513 808 3569 blarthen
831 3515 860 3567 in
883 3515 932 3568 der
952 3512 1026 3566 Arca
1045 3513 1091 3567 bei
1113 3513 1322 3584 Allerheiligen.

369 3587 546 3649 21)(ιιιιίιίιιε
574 3594 640 3649 Piso
667 3594 704 3648 ist
728 3595 860 3665 gemeint.
901 3593 1010 3646 Plinius
1041 3599 1103 3664 sagt
1131 3593 1255 3647 nbmlich
1281 3592 1310 3645 in
1342 3594 1391 3648 der
1413 3593 1536 3648 Vorrede
1563 3611 1612 3647 zur

307 3673 447 3727 Naturalis
468 3674 592 3730 Historia
614 3674 663 3728 17:
695 3673 845 3741 Quoniam,
875 3681 907 3727 ut
926 3673 967 3728 ait
988 3673 1129 3727 Domitius
1150 3673 1230 3742 Piso,
1247 3673 1391 3728 thusumes
1412 3679 1522 3743 oportet
1544 3691 1613 3742 esse,

306 3772 361 3808 non
382 3754 475 3809 libros.

367 3829 382 3872 3
403 3833 558 3896 Quintilian
580 3834 648 3888 Inst.
670 3834 709 3888 Or
738 3835 775 3902 X,
795 3835 820 3889 3.
841 3835 872 3888 ὃς
894 3834 936 3888 Sit
956 3834 1046 3904 primo
1068 3834 1111 3888 vel
1132 3834 1225 3887 tardus
1246 3835 1311 3886 dum
1332 3828 1452 3904 dili'gons
1473 3833 1561 3887 stilus.

368 3909 474 3970 4ΡΙὶιι.
495 3915 544 3984 Ep.
564 3913 623 3976 III,
653 3915 685 3969 8:
717 3933 800 3985 quem
820 3916 867 3986 (sc.
894 3913 1079 3984 tribunatum)
1105 3931 1123 3968 a
1142 3913 1264 3967 ‘Neratio
1286 3913 1434 3984 Marcello,
1459 3913 1611 3968 clarissimo

305 3995 617 4130 iimplsspgtlffisttlgp
627 4075 755 4130 Neratius
776 4076 903 4145 Priscus,
930 4077 978 4130 der
997 4075 1146 4146 allerdings
1170 4074 1213 4128 ein
1235 4073 1411 4147 Zeitgenossc
1431 4076 1479 4130 des
1498 4075 1611 4131 Kaisers

306 4153 408 4224 'Ihajan
430 4173 494 4221 war,
514 4155 639 4209 erwiihnt
659 4156 769 4210 Plinius
788 4157 875 4214 nicht.
917 4156 1069 4212 Vielleieht
1089 4156 1125 4209 ist
1146 4155 1195 4209 der
1213 4153 1350 4210 Brieftext
1369 4172 1405 4210 an
1426 4155 1515 4210 dieser
1525 4155 1611 4211 Stelle

306 4234 479 4305 mangelhaft
499 4235 662 4290 iiberliefort
682 4237 739 4290 und
765 4235 876 4291 einfaeh
900 4255 935 4290 zu
956 4237 1045 4291 lesen:
1070 4235 1140 4290 tales
1161 4234 1289 4290 Neratius
1311 4235 1458 4290 Marcellus
1482 4241 1511 4290 et
1530 4236 1610 4291 Iabe-

305 4315 385 4368 lenus
404 4314 592 4370 iurisconsulti
612 4323 664 4371 etc.

367 4389 473 4450 6Plin.
494 4395 715 4467 spinetula:
746 4397 791 4450 Ad
815 4398 870 4452 hoc
890 4397 1037 4452 Iavolenus
1057 4397 1167 4452 Priscus
1289 4395 1339 4451 Est
1364 4396 1478 4451 omnino
1499 4396 1610 4452 Priscus

304 4475 406 4530 dubiae
426 4477 561 4543 sanitatis,
582 4477 684 4532 interes
695 4485 800 4531 ttamen
811 4475 921 4548 officiis,
943 4477 1091 4532 adhibetur
1112 4477 1235 4533 consiliis
1254 4486 1339 4550 atque
1360 4477 1445 4532 etiarn
1463 4477 1506 4531 ius
1528 4478 1609 4533 civile

303 4555 416 4630 publice
436 4557 590 4630 respondet.
