3625 5192
699 351 788 407 Briefe
806 351 927 407 Mutians
945 351 1004 406 320.
1451 350 1503 404 413

196 512 245 568 tus
265 503 313 568 ira
339 503 506 585 loquiturz·
522 502 630 585 „Male
655 508 787 586 pereant
815 499 1007 566 incendiarii
1033 500 1196 581 librorum,
1230 511 1362 584 pereant
1394 521 1503 567 omnes

196 605 276 670 talia
295 625 376 688 equo
396 606 504 670 animo
525 606 676 683 terentes,
701 604 860 686 percutiat
880 621 935 668 eos
956 602 1043 670 Deus
1064 605 1222 684 egestate,
1252 602 1355 683 febre,
1376 605 1501 685 frigore,
1574 621 1577 626 ·

194 708 322 782 ardore,
352 714 430 789 estu,
460 727 534 773 aere
556 715 703 789 corrupto
732 725 771 769 ae
790 705 1250 786 rubigine„doueepereant,
1272 707 1428 789 percutiat
1449 725 1503 772 eos
1589 780 1592 785 ,

194 810 298 876 ulcere
309 810 439 894 Egypti,
460 810 569 874 scabie
589 817 621 874 et
641 808 814 892 prurigine,
836 808 882 872 ita
903 815 937 871 ut
959 808 1060 872 curari
1082 813 1250 888 nequeant,
1272 809 1428 890 percutiat
1448 829 1503 874 eos

194 912 334 976 amentia
352 920 402 976 et*
422 912 557 977 cecitate
577 913 635 976 acb
656 911 769 990 furore,
791 929 849 975 nee
869 909 1018 988 habeant,
1040 909 1094 990 qui
1114 908 1227 974 liberet
1248 929 1316 990 eos,
1339 911 1504 976 tradantur

75 1040 96 1064 .-
194 1021 315 1094 satane,
334 1022 369 1079 ut
383 1015 515 1098 spiritus
535 1014 643 1078 salvus
656 1011 747 1076 fiar“.
790 1011 831 1075 Et
850 1019 892 1090 tu,
916 1011 1053 1085 Urbane,
1077 1011 1104 1076 si
1126 1018 1228 1092 vacat,
1249 1011 1331 1076 adde
1348 1013 1502 1096 psalmum

194 1117 282 1182 Deus
306 1116 433 1182 laudern
459 1124 492 1182 et
516 1116 659 1182 stimulos
686 1115 825 1180 omnium
850 1115 1053 1178 devotionum
1080 1112 1367 1180 etmaledietionis
1388 1117 1501 1210 sempi-

194 1227 291 1284 terne.
334 1219 446 1302 Neque
473 1219 558 1283 enim
589 1217 730 1282 comburi
761 1217 844 1282 liber
875 1216 986 1296 debet,
1022 1215 1079 1280 sed
1110 1213 1270 1284 silentium
1303 1217 1502 1298 litigantibus

193 1321 327 1403 iniungi,
348 1321 432 1404 qnod
453 1328 485 1386 et
506 1320 605 1385 cesari
628 1328 660 1385 et
680 1339 765 1402 pape
786 1319 911 1402 placere
934 1319 1085 1384 videmus.
1127 1319 1289 1384 Hactenus
1313 1320 1353 1384 de
1370 1339 1503 1386 censura

194 1423 368 1488 bardorum.
413 1423 507 1488 Venit
528 1430 639 1487 octavo
660 1423 702 1486 ab
723 1421 798 1486 hine
818 1421 1015 1503 diequidanr
1033 1421 1502 1506 chiromanticushlrphurdiam

193 1525 319 1590 nomine
346 1524 504 1606 Georgius
531 1524 687 1589 Faustus¹
717 1523 915 1587 Heluiitheus
941 1521 1236 1604 Hedelbergensim,
1272 1545 1376 1590 ruerus
1399 1533 1502 1592 osten-

192 1635 275 1693 tator
303 1634 335 1692 et
364 1628 478 1691 l'atuus.
525 1627 603 1690 Eius
629 1633 661 1689 et
681 1625 820 1690 omnium
846 1623 1097 1690 divinaculorum
1120 1644 1205 1688 vana
1226 1633 1275 1690 est
1296 1627 1449 1708 professio
1471 1635 1503 1692 et
1529 1625 1530 1630 ’

69 1767 78 1774 .
191 1729 267 1794 talis
288 1729 594 1814 physiognomonial
613 1728 713 1792 leuior
731 1727 849 1811 typula
893 1727 999 1791 Rudes
1022 1725 1227 1793 adorirentur.
1262 1729 1296 1793 ln
1321 1750 1391 1794 euur
1417 1731 1501 1795 theo

192 1832 256 1912 logi
279 1832 459 1914 insurgant,
489 1850 551 1895 non
586 1827 755 1894 conficiant
784 1828 1236 1913 philomphumAEapnionem.
1291 1829 1359 1913 Ego
1391 1833 1502 1896 audivi

191 1934 383 2015 garrientem
411 1935 443 1996 in
466 1932 619 2016 hospicio,
642 1952 704 1996 non
725 1930 882 2012 castigavi
905 1931 1104 1996 iaetanciam.
1147 1931 1231 2009 Quid
1251 1933 1358 1998 aliena
1375 1934 1502 1998 insania

182 2021 234 2099 ‘ad
256 2036 328 2100 nie?
375 2035 534 2119 Spoletini
565 2044 598 2097 tu
625 2035 737 2098 unicus
758 2054 793 2098 es
817 2034 966 2098 salvator.
1016 2033 1166 2098 Graciam
1197 2035 1309 2100 referet
1341 2043 1372 2100 et
1400 2036 1501 2100 solvet

194 2137 313 2202 debita.
354 2137 444 2203 Vale.
501 2207 504 2210 Δ

273 2239 300 2302 V
321 2239 432 2304 Nonus
452 2239 598 2306 Octobris
618 2239 771 2302 MDXlll.

201 2327 206 2340 ’
228 2433 238 2478 l
264 2364 447 2412 nannetem.
466 2365 487 2409 n
503 2364 552 2411 rao
571 2364 611 2411 ror.
623 2362 778 2411 uer-arr.
815 2363 892 2410 esur.
909 2362 933 2411 u.
952 2363 986 2408 rs
1004 2365 1027 2411 s.
1043 2363 1162 2412 oa-ce.
1210 2361 1369 2426 rarrnaoq‘,
1394 2381 1440 2412 ‚mr
1460 2365 1500 2412 aa

196 2434 298 2480 Aurorae
309 2435 385 2493 fehlt.

146 2587 155 2598 ‚
265 2535 365 2586 “seru
382 2541 420 2586 bei
440 2541 480 2587 Ta
552 2524 616 2586 bf'x
634 2545 668 2586 et.
739 2533 1028 2600 wurtembergensis.
1099 2525 1112 2560 ‘¹
1132 2542 1165 2588 fle
1183 2542 1377 2602 physiognomia.

698 2749 808 2819 Bcilcge
825 2768 858 2805 zu
877 2751 926 2805 No.
946 2751 1005 2804 320.
1032 2717 1035 2724 Ι

272 2853 445 2938 Exemplar
478 2855 587 2919 iudicii
615 2834 866 2920 Erfurdiensium
892 2855 1108 2938 theologorum
1139 2855 1180 2920 de
1206 2855 1333 2920 Oculari
1364 2857 1499 2942 Speculo

194 2955 323 3020 loannis
342 2955 508 3021 Reuehlin.
998 2953 1001 2962 '

273 3057 537 3142 Quandoquidem
561 3061 701 3125 omnium
731 3067 780 3125 est
810 3063 855 3140 (et
885 3079 991 3126 eorum
1023 3061 1175 3141 maxime,
1212 3061 1265 3142 qui
1299 3071 1499 3128 sacrosancte

192 3159 379 3244 theosophis
409 3162 595 3244 professioni
632 3171 829 3226 sacramento
862 3181 931 3228 sese
964 3161 1231 3239 constrinxerunt)
1266 3161 1340 3227 fidei
1372 3165 1499 3230 veritati

193 3262 260 3341 (ubi
280 3264 313 3327 in
331 3263 471 3345 periculo
493 3264 613 3329 versari
635 3263 775 3346 ridetur)
795 3264 889 3330 fidele
910 3265 1076 3349 perhibere
1097 3265 1320 3346 testimonium,
1343 3287 1400 3331 nos
1422 3267 1498 3332 Her-

191 3383 327 3430 mannus
341 3364 456 3447 Serges
467 3364 508 3430 de
526 3365 671 3446 Dorsten,
692 3367 812 3431 areium
829 3373 861 3432 et
876 3387 967 3431 sacre
984 3367 1143 3448 theologie
1160 3365 1326 3449 professor,
1348 3367 1498 3451 decanus,
1597 3371 1601 3378 '

192 3466 353 3548 ceterique
373 3467 519 3547 magistri
548 3466 642 3532 modo
670 3469 703 3531 in
725 3468 831 3533 studio
852 3469 994 3551 generali
1016 3488 1054 3532 ac
1077 3468 1246 3534 universali
1269 3468 1498 3552 Erphurdiensi

192 3569 402 3650 theologii-arn
423 3569 606 3634 facultatem
631 3577 896 3653 representantes'
919 3591 975 3654 per
1005 3571 1218 3636 venerabilem
1250 3578 1281 3635 et
1315 3572 1497 3655 religiosum

91 3690 97 3698 ·
193 3679 325 3754 patrem,
346 3671 465 3734 areium
477 3679 508 3734 et
531 3690 620 3736 sacre
641 3672 801 3754 theologie
820 3674 1029 3756 professorem
1046 3673 1206 3754 eximium,
1225 3673 1346 3740 ordinis
1367 3675 1496 3739 fratr'um

193 3773 425 3855 predicatorum
446 3781 619 3839 conventus
633 3774 831 3840 coloniensis
852 3783 974 3858 patrem
992 3775 1186 3840 Bernardurn
1208 3776 1248 3839 de
1268 3776 1494 3859 Loczenhurgh
1527 3775 1530 3782 ’

96 3887 99 3894 ·
193 3875 347 3956 requisiti,
369 3893 431 3956 quo
446 3875 589 3954 ‚libellum
605 3875 765 3958 quendam
785 3877 895 3940 decem
918 3883 949 3942 et
963 3895 1074 3942 novem
1088 3877 1266 3942 chartarum
1284 3879 1324 3942 de
1341 3880 1499 3944 erroribus

193 3976 298 4056 falsis,
325 3977 450 4061 impiis,
478 3977 562 4055 mule
583 3979 771 4043 sonantibus
798 3998 837 4042 ac
866 3978 1015 4043 hereticis
1037 3981 1305 4062 propositionibus
1330 3983 1498 4046 multorum

159 4070 163 4078 ’
192 4079 342 4160 opinione
365 4089 545 4161 suspectum
570 4079 785 4144 resideremus
813 4081 1128 4164 examinaremnsqne
1155 4101 1275 4146 necnon
1303 4091 1333 4148 et
1358 4091 1497 4148 nostram

193 4179 233 4243 de
262 4179 316 4243 illo
341 4183 411 4262 (pro
437 4180 560 4246 illibate
588 4181 824 4264 orthodoxeque
849 4181 925 4247 fidei
952 4185 1161 4248 attestaoione
1188 4191 1220 4248 et
1243 4185 1389 4249 scandali
1413 4206 1497 4250 amo-

192 4277 293 4360 tione)
320 4283 515 4365 aperiremus
539 4285 733 4348 sentenciam
760 4284 1045 4366 sentimentuurque
1069 4285 1279 4368 panderemus
1310 4287 1399 4351 iuxta
1427 4308 1497 4372 pro

190 4383 340 4476 fessionis
368 4390 474 4448 nostre
504 4383 645 4449 debitum
677 4393 709 4450 et
733 4386 903 4457 charitatis,
929 4387 1048 4467 legem,
1080 4388 1233 4468 refragari
1259 4389 1342 4452 votis
1374 4389 1497 4473 nephas

255 4602 265 4640 1
285 4597 505 4656 Der'bekannte
525 4601 688 4675 Sehiitnling
708 4604 757 4659 des
774 4591 863 4658 Franz
880 4622 937 4659 von
957 4605 1116 4677 Sickingen.
