3625 5192
638 303 726 356 Briefe
745 303 863 357 Mutians
882 303 941 356 828.
962 304 1021 358 329.
1043 306 1102 357 330.
1125 368 1131 384 ·
1472 307 1524 360 423

216 447 315 512 lensis
335 455 441 512 noster
459 446 597 514 officium
625 451 740 516 iudicis
769 451 955 517 introducat.
1002 451 1071 534 Ego
1097 450 1192 515 lidum
1218 459 1249 517 et
1277 451 1392 518 bonum
1420 455 1523 520 virum

219 549 375 632 prestabo.

297 650 414 716 Datum
436 653 538 716 natali
559 653 786 720 Helisabetano
809 654 863 737 qni
883 655 944 719 luit
964 673 985 718 a
1007 657 1108 738 primo
1130 675 1185 720 occ
1205 661 1322 722 sextus.

286 773 467 822 umuunrmr.
487 776 507 822 r
524 777 573 822 roa
591 778 633 826 ror.
645 777 803 826 rer-rav.

218 931 303 1003 330.
325 931 369 1005 ll.
391 952 436 1000 an
458 934 593 1007 Urban.
883 906 899 912 ’
961 935 1095 1020 (Hotha
1106 937 1202 1004 1513.
1233 936 1437 1006 November
1450 937 1523 1026 23.)

196 1051 200 1060 '
286 1043 347 1090 Mut,
367 1045 490 1091 kritisiert
508 1045 549 1092 die
566 1046 860 1108 Batraclromyomoehiu:
887 1063 915 1094 er
933 1047 1028 1096 erklltrt
1048 1049 1097 1094 den
1116 1048 1218 1095 Tilonin
1236 1049 1275 1094 filr
1296 1049 1370 1096 einen
1389 1049 1524 1109 Plaglntor.

216 1113 267 1160 Das
286 1113 352 1161 Gute
370 1115 435 1161 lrnbe
453 1130 487 1177 er,
506 1116 563 1162 dass
581 1130 608 1162 er
625 1117 667 1162 die
683 1117 821 1177 Jdnglinge
841 1133 871 1164 zu
889 1118 938 1164 deu
957 1118 1112 1165 lrlsssiscHen
1133 1117 1239 1166 Studien
1258 1120 1371 1168 anlocke.

297 1198 434 1263 Henrico
456 1199 628 1281 Urbano,
651 1203 753 1266 amico
775 1199 831 1266 fidi
853 1204 1002 1285 pectoris.

298 1302 331 1363 S.
374 1301 453 1383 Legi
485 1302 885 1384 Batrachomyomachian¹
913 1304 965 1369 vel
999 1305 1105 1388 potius
1133 1304 1250 1386 relegi,
1282 1326 1357 1370 nem
1389 1315 1421 1371 et
1449 1307 1523 1373 olim

215 1401 363 1467 vidimus.
412 1402 668 1486 Deprehenditor
686 1405 719 1468 in
744 1405 835 1470 titulo
860 1406 979 1472 crimen
1007 1407 1119 1489 plagii.
1152 1406 1237 1471 Dio²
1256 1407 1349 1488 mihi,
1376 1408 1522 1486 Deusta,

215 1505 319 1568 cuium
345 1523 451 1588 pecus.
499 1505 712 1570 Subditicius·
739 1508 894 1596 interpres
919 1509 1014 1572 sumit
1045 1509 1107 1586 sibi
1133 1509 1241 1574 aliena
1268 1509 1401 1590 dignus,
1431 1530 1522 1592 quem

216 1606 376 1689 plagiaria
396 1608 588 1691 postulemus
609 1609 741 1674 actione.
783 1607 937 1685 Quamvis
958 1609 1059 1674 eeiam
1082 1617 1227 1675 teneatur
1247 1611 1318 1693 lege
1332 1612 1462 1694 Aquilia
1482 1612 1523 1677 de

216 1708 288 1773 dolo
310 1708 403 1787 malo,
424 1709 500 1772 item
511 1709 708 1773 stellionatus
722 1716 754 1774 et
772 1710 966 1786 iniuriarum,
989 1710 1093 1792 quodb
1114 1711 1242 1776 Homeri
1261 1712 1416 1778 familiam
1438 1733 1522 1778 men-

216 1810 309 1875 dacio
330 1809 512 1875 violavitet
532 1811 747 1876 nesciocuius
767 1811 965 1897 interpretis,
995 1813 1061 1894 (qul
1082 1811 1194 1878 doetus
1216 1814 1289 1893 luit,
1318 1823 1353 1880 ut
1378 1821 1523 1899 apparet,

216 1931 404 1995 quamquam
438 1913 587 1978 librarius
617 1915 748 1994 erravit)
779 1914 955 1998 suppilavit
986 1915 1120 1982 labores.
1179 1916 1286 1982 Movet
1316 1916 1395 1982 mihi
1426 1917 1521 1982 risum

215 2014 341 2097 Esopee
362 2014 522 2080 cornicula
541 2014 656 2080 alienis
678 2015 829 2080 decorata
849 2015 980 2100 plumis,
1005 2017 1032 2080 si
1054 2017 1138 2081 l'urta
1157 2017 1318 2082 decorant.
1360 2017 1421 2095 Qui
1443 2018 1523 2100 legit

106 2132 109 2139 ’
215 2117 406 2198 epistolam³
427 2125 457 2182 et
471 2115 691 2201 epithaphial,
712 2117 807 2200 plane
828 2117 917 2182 videt
937 2117 1069 2201 phrasin
1087 2128 1119 2183 et
1130 2118 1289 2185 dialecton
1312 2139 1375 2184 non
1395 2139 1522 2203 respon-

215 2217 290 2284 dere
311 2218 576 2301 interpretationi.
624 2217 709 2300 Ergo
735 2219 801 2284 suis
823 2220 939 2303 pennis
960 2226 1056 2304 capta
1076 2221 1225 2285 esteris.
1268 2219 1392 2303 Κίχλοιο
1419 2212 1521 2304 χίζειῑτι

216 2316 294 2399 αὐτῇ
313 2313 433 2381 sedet.
476 2319 595 2384 Debuit
620 2321 792 2404 separatim
813 2321 922 2402 edere,
942 2340 982 2386 ne
1004 2340 1054 2386 res
1074 2323 1192 2388 furtiva
1212 2341 1252 2386 ex
1274 2323 1448 2388 collacione
1467 2341 1521 2388 no·

214 2424 379 2488 coercent.
421 2423 512 2487 Fecit
532 2423 583 2501 id,
610 2423 694 2504 quod
715 2441 815 2504 nuper
834 2423 974 2505 qnidam.
1016 2424 1106 2506 Equo
1127 2425 1233 2489 furtim
1256 2424 1365 2490 ablato
1385 2425 1522 2506 precidit

214 2544 317 2590 aures.
358 2524 410 2589 Ita
428 2525 618 2608 depravavit
638 2525 756 2607 aliqua,
777 2531 812 2588 ut
831 2527 858 2589 si
870 2523 950 2591 lorte
962 2526 1109 2591 dominus
1126 2545 1215 2591 suum
1238 2545 1334 2611 pecus
1354 2534 1519 2610 repeteret,

214 2626 357 2692 cavillari
386 2634 507 2708 posset:
535 2627 607 2690 Non
628 2634 696 2691 tota
716 2633 774 2692 tue
792 2637 858 2692 est²
887 2628 1127 2710 interpretacio,
1154 2626 1267 2694 addidi
1291 2628 1420 2710 aliquid.
1467 2629 1521 2694 Sic

215 2735 319 2811 potest
339 2727 422 2808 lieri,
448 2738 483 2792 ut
502 2728 670 2792 Tiloninns
689 2729 731 2792 sit
751 2748 914 2811 possessor
934 2729 1112 2814 partiarius.
1154 2730 1197 2795 So
1218 2729 1274 2794 hat
1300 2749 1335 2794 cr
1359 2730 1441 2795 auch
1465 2731 1521 2796 teil

215 2850 256 2894 an
278 2831 334 2894 der
354 2849 485 2913 grossen
513 2829 648 2912 glocken
676 2850 732 2895 zcu
758 2829 897 2896 ltrffnrtt
939 2834 1052 2914 Apage
1082 2831 1177 2896 istum
1203 2824 1411 2914 νυμφόληπτον
1435 2821 1521 2894 διθυ-

214 2925 449 3015 ραμβικώτερονῦ
458 2925 566 3006 νήπιον,
579 2939 743 3016 tantopere
753 2933 971 3016 suppositiciis
983 2935 1077 3015 nugis
1085 2952 1123 2997 ec
1132 2933 1313 2998 desultoriis
1323 2934 1520 3016 gloriantem.

214 3033 256 3098 Et
276 3055 346 3098 cunr
367 3017 457 3098 rudis
476 3036 517 3099 sit
537 3034 700 3116 utriusque
719 3033 838 3115 lingue,
858 3039 980 3098 tantum
996 3034 1177 3115 blaterator,
1197 3034 1296 3100 audet
1315 3035 1521 3117 philosophos

215 3132 350 3202 irritare.
389 3135 440 3200 Ad
462 3155 540 3218 quos
561 3137 608 3200 ita
627 3136 766 3207 clamare
787 3136 878 3201 libet:
900 3135 947 3216 „0
970 3137 1058 3220 passi
1079 3139 1237 3218 graviora,
1259 3135 1350 3201 dabit
1372 3135 1521 3201 deustis

285 3254 348 3304 'Tu
374 3258 524 3306 Subditicus.
605 3243 618 3280 b
643 3259 677 3304 l'z
695 3258 745 3318 qui.
818 3251 829 3280 ⁰
849 3259 882 3304 Tc
901 3251 982 3306 κῖλλα.
1054 3243 1111 3304 dF
1124 3252 1186 3322 χέξει
1205 3250 1274 3318 udor,
1308 3259 1342 3306 Ta
1369 3251 1429 3315 λέξει
1456 3247 1518 3318 αὐτὴ

241 3331 276 3376 Ta
295 3335 333 3376 eet
351 3334 406 3376 tna.
478 3313 488 3350 ¹
505 3329 539 3376 Tz
559 3329 656 3377 Gloclre
673 3344 704 3376 zu
724 3329 818 3376 Erlnrt.
896 3320 910 3356 ⁸
929 3329 954 3373 F
966 3343 989 3376 u.
1010 3329 1043 3375 Te
1061 3319 1308 3392 διδυραμβικώτερον,

279 3541 289 3582 ¹
310 3544 428 3616 Vgl.Br.
441 3544 499 3598 242
521 3545 547 3601 S.
560 3545 618 3599 318
640 3545 722 3600 Anm.
732 3546 758 3600 3.
792 3543 1099 3600 Batrach0miomaohia
1111 3543 1231 3599 Homeri·
1246 3538 1251 3614 Ι
1269 3542 1420 3613 Philymno
1435 3542 1520 3598 inter·

215 3632 293 3695 prete
315 3621 320 3698 ἱ
345 3633 373 3680 et
403 3626 514 3697 eulogia
541 3626 607 3680 fune
631 3622 635 3698 Ι
658 3627 727 3681 bria.
768 3625 949 3696 Wittenbcrg
974 3624 1057 3679 1513.
1102 3624 1138 3677 16
1161 3624 1203 3677 Bl.
1235 3624 1278 3678 4⁰.
1320 3622 1375 3678 Die
1404 3623 1519 3694 Kdnigl.

216 3705 377 3760 Bibliothek
398 3706 427 3758 in
451 3707 592 3760 Miinchen
614 3706 713 3761 besitnt
740 3707 785 3760 ein
809 3705 958 3776 Exemplar
983 3705 1072 3760 dieses
1089 3703 1223 3772 Werlres,
1249 3703 1369 3760 welches
1396 3705 1520 3758 vendes

215 3785 372 3841 Verfassers
391 3785 489 3857 cigncr
504 3787 586 3841 Hand
607 3786 659 3840 mit
678 3785 824 3857 folgender
844 3785 999 3857 Widmung
1018 3786 1151 3840 verschen
1173 3785 1277 3840 werde:

456 3884 518 3938 Hcc
537 3884 590 3938 tibi
611 3901 685 3938 nunc
706 3883 793 3938 mittit
813 3890 897 3950 rates,
919 3882 1004 3937 Meli.
1017 3925 1038 3938 ..
1052 3901 1130 3954 .ane,
1150 3877 1317 3954 Philymnus

416 3964 541 4030 Munera,
560 3964 718 4020 Sarmaticis
737 3981 794 4018 non
813 3963 938 4034 iugulate
959 3963 1041 4020 notis.
1219 3959 1220 3964 '

416 4044 521 4114 Accipe
543 4063 605 4099 cum
626 4047 710 4111 done,
735 4043 838 4110 Musas,
857 4043 1000 4114 Musisque
1021 4043 1202 4114 Philymnum

416 4125 479 4179 Hiis
498 4124 551 4178 tibi
572 4142 646 4180 nunc
666 4132 797 4194 mentem,
817 4124 928 4194 quando
950 4124 1065 4191 minora,
1081 4123 1179 4184 ieram.

277 4216 291 4259 ²
309 4221 416 4294 Vergil,
435 4223 540 4294 Ecloga
558 4222 611 4291 ΙΙΙ,
624 4221 649 4276 i.

276 4295 291 4340 ³
312 4301 357 4355 An
377 4303 489 4357 Jolrann
508 4303 635 4358 Werlicb
655 4304 712 4358 und
731 4301 880 4358 Maternus.
922 4301 985 4373 Vgl.
1004 4302 1049 4357 Br.
1061 4297 1120 4356 280
1140 4300 1167 4359 S.
1179 4301 1248 4356 361.
1369 4295 1371 4298 ’

276 4376 290 4418 ⁴
311 4381 372 4436 Auf
389 4381 483 4453 Georg
504 4382 659 4452 Eberbach,
679 4383 772 4438 Herm.
793 4381 941 4458 Buschius,
962 4381 1132 4454 vigilantius
1151 4400 1176 4436 u.
1198 4400 1223 4441 a.

276 4456 291 4500 ⁵
312 4460 373 4534 Vgl.
385 4463 515 4517 Erasmus
522 4463 630 4535 Adugia
647 4482 675 4534 p.
689 4463 737 4520 44.

277 4536 291 4580 ⁶
313 4541 371 4598 Das
392 4543 492 4599 Latcin
513 4543 562 4598 des
581 4543 690 4600 Briefes
710 4544 747 4599 ist
765 4543 822 4600 fast
840 4541 1003 4598 barbariaeh
1024 4543 1080 4598 und
1101 4548 1199 4605 strotzt
1223 4560 1277 4598 von
1299 4541 1518 4598 Druekfehlern.
