3625 5192
679 1277 1013 1396 Nachlreue.

195 1587 278 1656 6392
300 1585 455 1655 t'tromos
477 1585 576 1659 ll'olf
593 1607 638 1654 sn
662 1587 808 1656 llution.
878 1589 1089 1670 Strassburg
1105 1590 1204 1656 lblll.
1239 1589 1498 1662 llczcmbcrlb.

264 1711 333 1756 Woll
352 1711 421 1756 liurm
449 1711 519 1756 niclrt
541 1727 585 1758 sna
604 1712 651 1758 den
673 1713 771 1758 Lobron
790 1714 835 1759 dur
854 1714 1020 1772 Philosopben
1042 1714 1114 1760 Trost
1132 1713 1158 1760 in
1177 1714 1271 1762 seiuom
1287 1711 1418 1762 Submene
1439 1715 1499 1762 tiber

193 1781 241 1826 don
268 1781 368 1826 Verlust
392 1781 436 1826 des
459 1781 567 1828 llrudors
588 1783 721 1846 sclriiplmr,
747 1783 793 1830 wie
816 1800 842 1830 os
868 1781 966 1830 blutisn
991 1801 1017 1828 so
1042 1783 1147 1830 trelllich
1172 1783 1196 1829 in
1222 1785 1331 1842 plciclrer
1355 1786 1421 1842 Meo
1444 1801 1499 1832 verr·

192 1851 311 1965 ⁵¹⁸ssd0d¹¹l
344 1866 370 1896 or
401 1852 436 1896 soi
471 1851 594 1898 viulrnelrr
625 1853 702 1898 durch
733 1853 781 1898 don
814 1854 1019 1900 or-scbirtternden
1048 1853 1171 1900 'l'odoslnll
1203 1854 1321 1912 pliitzlich
1355 1855 1395 1902 cin
1424 1855 1497 1903 Greia

192 1935 273 1976 umor
291 1935 329 1967 en.

270 2017 409 2084 Thomas
444 2018 637 2104 Vnolphius¹
673 2020 790 2094 iunior,
816 2019 1017 2084 Decretorum
1037 2019 1166 2104 edoctor,
1194 2019 1372 2086 blotiano
1406 2023 1496 2088 Rulo.

190 2123 222 2184 S.
244 2120 278 2186 P.
298 2120 336 2184 D.
1495 2191 1499 2198 ,

269 2221 471 2308 Epistolam²
497 2234 583 2287 tuam
609 2225 649 2286 de
675 2224 762 2286 obito
786 2225 912 2287 fratris³
934 2224 978 2287 tui
999 2222 1071 2304 legi.
1120 2224 1153 2288 ln
1179 2243 1218 2289 ea
1243 2224 1326 2304 vidi,
1352 2225 1385 2289 id
1412 2225 1495 2308 quod

190 2332 248 2405 est,
269 2325 442 2389 Mutiannm
464 2327 533 2390 sine
556 2325 770 2389 controversia
789 2345 860 2388 csse
876 2325 1096 2407 philosophum
1114 2327 1283 2391 maximum
1295 2333 1327 2392 et
1343 2335 1497 2393 oratorem

190 2428 369 2491 maximum.
418 2427 465 2490 Er
496 2427 752 2510 pbilosophorum
785 2427 902 2491 sobolis
934 2433 964 2489 ct
1000 2427 1151 2510 graphice
1180 2435 1211 2492 et
1249 2428 1366 2493 diserte
1400 2429 1499 2494 multa

189 2528 296 2601 affers,
328 2549 391 2611 qne
418 2551 478 2594 non
509 2529 707 2594 mediocriter
733 2529 852 2592 lbi-ient
879 2529 921 2591 ad
955 2529 1148 2610 mitigandos
1176 2529 1300 2595 dolores
1337 2532 1498 2613 animique

190 2632 354 2711 passiones
383 2631 615 2715 propellendas.
658 2632 799 2696 llortnna
818 2632 934 2695 acerba
961 2639 992 2696 et
1013 2631 1123 2711 iniqua
1148 2631 1257 2696 eodem
1288 2632 1390 2712 vultu,
1417 2633 1495 2698 truci

189 2731 260 2796 diro
295 2741 327 2796 et
355 2735 473 2798 minaci
503 2755 561 2797 nos
595 2736 743 2814 respexit.
798 2733 867 2815 Ego
898 2734 983 2797 enim
1004 2733 1114 2798 eodem
1141 2753 1222 2816 pene
1243 2741 1397 2818 tempore,
1433 2754 1495 2816 quo

189 2843 314 2918 ereptus
336 2842 384 2900 est
408 2836 505 2900 l'reter
526 2845 610 2915 tous,
637 2856 737 2898 meum
760 2854 883 2917 ‹ruoque
905 2836 996 2898 amisi
1022 2837 1178 2916 lintrem,⁴
1205 2836 1259 2918 qni
1280 2845 1312 2900 et
1333 2836 1402 2920 ipse
1427 2838 1497 2902 iure

188 2938 347 3002 consultus
372 2939 445 3018 init,
472 2939 563 3002 lmmo
591 2938 711 3019 ingenii
734 2938 857 3002 vivacis
877 2947 910 3001 et
932 2938 983 3018 qui
1015 2937 1171 3001 neminem
1199 2938 1230 3002 in
1258 2939 1342 3003 omni
1366 2939 1432 3002 vita
1456 2938 1497 3001 le·

188 3040 265 3102 serit
285 3040 380 3104 etiam
404 3041 576 3104 lacessitus.
612 3040 692 3103 Illira
713 3039 773 3102 lirit
792 3041 823 3103 in
846 3060 883 3103 eo
906 3039 1088 3109 liberalitas,
1112 3039 1189 3101 mira
1208 3041 1359 3121 probitas.
1389 3041 1497 3106 Cuius-

188 3141 261 3204 dam
289 3141 424 3205 bominis
452 3142 592 3206 nralivoli
621 3141 752 3225 pertidia
779 3141 891 3205 ductus
917 3149 965 3204 est
994 3141 1025 3202 in
1049 3141 1277 3204 melancoliam.
1321 3140 1368 3205 Ex
1389 3160 1428 3203 ea
1450 3142 1497 3204 in-

187 3242 267 3306 cidit
287 3243 429 3308 morbum
440 3245 602 3308 intercutis
621 3262 714 3326 aqtre,
736 3262 797 3325 qno
817 3242 934 3307 deinde
946 3243 1149 3306 acerbissime
1166 3253 1274 3326 raptus
1292 3252 1347 3306 est.
1383 3243 1498 3306 Dicunt

185 3345 231 3408 ita
252 3345 385 3425 periisse
409 3345 580 3428 Ephesium
603 3346 794 3411 Heraclitum
818 3345 1049 3428 philosophum,
1075 3353 1109 3406 ut
1130 3343 1202 3422 scis,
1224 3344 1444 3426 lamigeratum
1466 3351 1498 3409 et

187 3447 337 3510 inclitum.
385 3446 457 3512 Non
479 3449 567 3530 potui
587 3447 695 3528 aliquo
719 3457 813 3530 pacto
835 3467 885 3512 me
909 3449 1012 3528 ipsum
1035 3445 1084 3508 bis
1106 3446 1278 3522 consolari,
1313 3465 1376 3528 que
1397 3445 1496 3528 pbilo-

186 3549 276 3631 sophi
301 3548 342 3613 de
362 3548 557 3631 perferendis
578 3547 826 3613 adversitatibus
845 3548 1051 3632 perscribunt.
1087 3547 1156 3630 Ego
1178 3551 1252 3624 (non
1274 3547 1373 3630 pudet
1387 3547 1495 3626 fateri)

184 3669 225 3713 ex
246 3650 386 3732 singultu
409 3658 441 3716 et
461 3649 623 3715 doloribus
643 3658 781 3715 mutatus
801 3671 879 3728 som,
899 3669 962 3714 non
984 3657 1089 3714 tamen
1109 3651 1141 3712 in
1153 3668 1264 3713 saxum
1279 3657 1333 3713 ant
1348 3657 1495 3728 statuam,

184 3759 218 3815 ut
245 3751 370 3816 Nioben
397 3752 592 3823 fabulantur,
629 3761 767 3817 nmtatus
793 3761 898 3816 tamen
925 3771 994 3816 sum
1019 3770 1059 3814 ex
1089 3752 1202 3814 iuvene
1233 3749 1326 3815 hilari
1362 3758 1394 3815 el
1431 3751 1494 3816 leto

182 3854 284 3918 lactus
308 3872 404 3918 senex
430 3861 566 3919 moestus
587 3860 620 3918 et
640 3854 802 3936 querulus;
831 3873 904 3917 nam
936 3855 989 3936 qni
1011 3852 1107 3916 XXX
1135 3852 1230 3934 etatis
1260 3854 1398 3915 tronum⁵
1421 3870 1501 3916 non,

177 3954 253 4019 dum
289 3956 464 4038 complevi,
494 3974 612 4039 apareo
639 3957 789 4021 annosior
814 3957 885 4037 ipso
907 3955 1049 4020 Nestore.
1091 3954 1233 4019 Profecto
1256 3973 1318 4020 non
1341 3963 1405 4019 tam
1426 3973 1490 4018 ann

245 4241 257 4283 l
279 4245 343 4313 vgt.
364 4243 438 4297 Bas
459 4244 486 4298 S.
503 4244 538 4296 12
561 4244 642 4298 dnm.
655 4245 682 4296 3.

245 4319 258 4364 ²
279 4324 338 4378 Der
358 4323 436 4376 Brirf
456 4324 492 4376 ist
510 4325 586 4378 nicht
608 4326 742 4382 orbalton.

198 4473 201 4476 ἢ
243 4399 257 4442 3
282 4405 340 4458 Dcr
360 4405 500 4458 hossisclrc
525 4404 649 4458 liunzlcr.
678 4405 741 4476 Vgl.
765 4404 841 4458 Bae
863 4405 919 4458 Ἀθ
942 4405 1014 4458 Anm
1040 4405 1065 4462 2.

241 4479 256 4521 4
278 4485 330 4538 ltir
353 4483 459 4554 Nomen
482 4485 632 4539 Arnondrrs.
675 4486 711 4538 Er
731 4485 806 4539 strub
827 4503 871 4538 mn
891 4487 937 4539 ⁸20.
951 4486 1058 4555 August
1077 4483 1163 4540 1504.
1190 4483 1269 4538 Nach
1286 4484 1336 4543 Ch.
1348 4487 1484 4544 Schmidt.

182 4564 304 4619 Histoire
324 4561 456 4617 littdrairc
478 4565 511 4617 de
533 4565 658 4620 l'Alsnce
700 4565 778 4619 Paris
800 4565 884 4618 1879.
912 4565 929 4617 2
952 4565 1018 4619 Bde.
1043 4563 1138 4636 Bdll,
1160 4563 1185 4619 S.
1203 4563 1250 4618 74.

243 4639 258 4682 ⁵
278 4643 316 4700 Er
331 4661 387 4700 war
411 4641 486 4697 1475
505 4645 636 4718 geboren.
