3625 5192
550 401 556 410 ·
607 387 697 443 Brieie
717 387 837 443 Mutians
857 387 916 442 358.
936 387 995 443 359.
1015 390 1075 445 360.
1464 387 1495 441 19

193 537 373 606 easearios¹
404 543 436 600 et
462 537 650 620 phanaticos
678 537 876 621 pedieatoves
886 537 910 619 ²,
936 538 1007 602 hem
1029 538 1245 622 predicatores
1275 537 1380 603 dicere
1402 539 1497 602 volui.
1601 611 1612 628 ,

195 639 262 704 Nos
283 641 309 702 ei
333 638 526 720 probaveris,
548 646 580 704 te
602 640 827 704 constituemus
847 641 1077 723 imperatorem.
1110 639 1176 723 Heu
1192 643 1362 707 scribenda
1380 643 1498 726 putavi,

193 761 263 806 cum
281 761 359 825 puer
371 741 579 825 Nepotianus,
603 742 724 807 Urbani
741 743 839 806 nostri
855 763 963 828 nepos,
986 743 1026 808 ad
1044 743 1182 808 scholam
1199 744 1496 810 Vuratislavieusem

192 844 423 928 ablegaretur3.
465 843 553 908 Vale.

273 968 375 1034 Nouis
396 969 561 1053 Aprilibus
581 968 763 1034 MDVlXX.
806 971 918 1036 Gothe.

262 1127 444 1173 liundeehristl.
467 1128 487 1172 F
498 1127 545 1174 291
558 1127 600 1174 tot.
614 1125 685 1173 leae
696 1151 723 1160 -
733 1126 782 1174 186
788 1142 808 1174 r.

191 1320 278 1387 tou.
300 1319 345 1391 li.
367 1339 412 1387 an
434 1321 568 1392 Urbau.
748 1291 775 1296 -
807 1287 947 1358 Ὗ,-
1064 1321 1211 1407 (Gotho)
1226 1321 1321 1389 1514.
1356 1324 1500 1406 hprllb.

263 1445 323 1490 hirst
342 1445 386 1491 hat
406 1445 463 1492 dem
482 1446 605 1505 Nepotian
626 1447 708 1493 lirinis
733 1447 797 1492 noch
817 1447 921 1492 Brealau
945 1447 1101 1504 mitgogeben
1124 1447 1174 1492 und
1199 1447 1286 1493 sentiet
1305 1447 1349 1492 des
1368 1447 1499 1494 (leschonk

194 1517 299 1564 zurich.
323 1515 428 1562 welches
451 1517 501 1562 ihm
522 1517 611 1576 jiiussst
629 1518 715 1564 Urbau
741 1532 785 1563 aus
805 1514 897 1564 arurae
920 1518 964 1564 der
983 1517 1110 1564 Meeeseior
1128 1517 1300 1577 dnrgehrueht.
1337 1517 1421 1564 Urban
1441 1520 1501 1564 ovillo

193 1587 233 1631 dio
253 1586 587 1645 GiidiseheArugelegeuheit
605 1588 639 1633 im
660 1589 730 1646 Ange
749 1587 875 1634 belualten.
914 1588 947 1633 lir
966 1587 1038 1648 zoigt,
1058 1588 1103 1634 uio
1122 1603 1149 1634 er
1167 1587 1356 1647 ‹lasblesaopt'or
1374 1589 1500 1652 evineat..

273 1683 338 1747 Suo
358 1690 510 1767 perpetuo
532 1684 649 1748 vindici
672 1685 809 1749 ilenrico
833 1684 998 1750 Urbano.

275 1788 305 1850 S.
348 1786 430 1850 Nolo
451 1787 509 1850 tibi
532 1785 741 1870 praeiudicium
760 1787 867 1868 faciat,
888 1787 971 1868 quod
994 1787 1079 1850 dedi·
1091 1787 1198 1851 literas
1220 1788 1425 1871 Nepotiano,⁴
1445 1786 1503 1851 sed

193 1889 269 1969 quia
289 1887 373 1952 idem
393 1889 513 1972 delegit
534 1888 792 1969 Vuratislaviam‚
815 1890 926 1974 paravi
949 1888 1238 1954 commendationes
1260 1889 1311 1956 vel
1333 1890 1437 1974 potius
1458 1890 1503 1953 in-

193 1990 407 2056 troductiones
433 1991 475 2054 ad
503 1990 768 2056 benevolenciam.
818 1991 929 2073 Itaque
957 1992 1016 2055 tibi
1037 1991 1078 2054 sit
1100 1992 1258 2074 integrum
1280 1992 1329 2056 vel
1353 1991 1503 2074 ablegare

193 2091 244 2158 vel
265 2093 401 2156 retinere
421 2092 583 2173 gentilem.
625 2091 694 2174 Ego
715 2093 799 2174 quod
821 2092 898 2156 felix
921 2093 1120 2176 leuatumque
1133 2093 1183 2175 sit,
1204 2093 1279 2158 dedi
1292 2093 1504 2158 Deonrnnusf'

193 2215 254 2260 uon
277 2202 342 2259 tam
363 2193 535 2258 secundum
557 2194 700 2259 ordinem
720 2194 952 2260 Melchisedech
975 2215 1067 2276 quarn
1092 2216 1147 2279 pro
1168 2195 1285 2260 Christi
1308 2195 1451 2260 instituto
1474 2203 1520 2286 et·
1602 2201 1606 2209 '

192 2297 254 2362 ritu
285 2306 459 2361 nostrorum
488 2297 573 2360 dixi:
606 2296 779 2378 „Paratum
802 2317 994 2376 cormeum,
1024 2297 1125 2378 Deua,
1146 2305 1291 2381 paratum
1314 2317 1367 2361 eor
1387 2317 1504 2375 ureunu

194 2399 331 2464 cantabo
358 2405 390 2463 et
414 2399 549 2484 psallam
571 2399 644 2476 tibi,
672 2399 808 2462 Domine
828 2399 943 2464 Deua.“
985 2399 1194 2463 Honorarium
1224 2419 1297 2463 vero
1320 2399 1450 2484 pietatis
1474 2401 1504 2463 in

195 2521 244 2566 me
265 2507 317 2566 tue
337 2503 461 2568 remitto
488 2522 551 2566 nou
580 2501 678 2566 veluti
706 2507 917 2584 contemptor,
944 2501 1002 2566 sed
1028 2520 1068 2565 ne
1087 2497 1216 2584 putares
1243 2501 1316 2566 ideo
1338 2502 1504 2586 scripsisse

194 2624 243 2669 me
270 2604 346 2684 tibi,
373 2611 407 2668 nt
436 2604 580 2669 donares.
628 2603 793 2668 Contertur
822 2603 906 2668 euim
936 2622 1060 2684 semper
1087 2602 1209 2684 aliquid
1236 2605 1268 2666 in
1291 2623 1389 2668 novos
1410 2604 1504 2668 saeri-

194 2705 302 2771 ficulos
329 2705 372 2772 ad
397 2706 534 2772 officium
562 2707 626 2770 tale
654 2713 835 2770 sanctarum
864 2705 1088 2788 primiciaruvn.
1138 2705 1208 2768 Non
1239 2711 1270 2769 te
1298 2706 1419 2769 vocavi.
1469 2705 1504 2770 Si

194 2828 372 2898 vocassem,
402 2810 504 2874 locum
531 2808 662 2872 haberet
687 2809 820 2872 tortasse
847 2806 993 2888 largicio.
1047 2806 1211 2888 Utcunque
1239 2827 1288 2871 ves
1309 2826 1349 2871 ea
1370 2807 1426 2880 sit,
1444 2807 1501 2870 tibi

193 2913 316 2996 gratias
341 2931 412 2994 ago.
463 2911 512 2976 De
536 2911 726 2991 Heuuiugo6
756 2908 834 2972 nihil
863 2911 939 2974 certi
976 2909 1086 2973 habeo.
1137 2909 1320 2990 Vigilate,
1355 2917 1388 2973 ut
1414 2910 1504 2976 soles.

193 3015 273 3080 Mihi
294 3021 423 3079 senatus
443 3013 526 3099 (Deo
548 3013 713 3093 sitgloria)
734 3011 969 3093 suffragabitur.
1012 3012 1396 3103 Parceoceupacionibus.
1439 3013 1503 3078 Alii

194 3118 364 3201 pertusum
376 3122 517 3180 mactant
537 3115 684 3195 hostiam,
705 3121 819 3196 putant
840 3133 904 3178 rem
926 3134 996 3178 esse
1018 3133 1151 3198 parvam
1172 3114 1332 3178 immolare
1354 3115 1502 3196 pocillum

194 3227 227 3286 et
247 3239 416 3304 peponum.
457 3218 520 3283 Sed
542 3217 623 3299 fugit
644 3236 698 3280 eos
718 3215 1053 3298 lateussignificancia
1076 3215 1238 3279 verborum
1261 3221 1292 3279 et
1311 3215 1504 3279 divinissimi

195 3321 338 3406 mysterii
359 3320 456 3385 ratio:
485 3318 620 3402 „Recepi
649 3325 679 3382 te
710 3317 743 3381 iu
765 3317 948 3381 memoriam
976 3317 1151 3396 vivorum,“
1180 3316 1211 3380 in
1242 3336 1305 3398 qua
1325 3317 1504 3381 diutissime

194 3423 296 3506 (Deus
315 3422 408 3500 faxit)
430 3429 461 3487 te
480 3421 684 3486 conservabo.
727 3419 813 3484 Vale.
856 3419 992 3502 Raptim.

276 3549 378 3613 Nonis
395 3546 561 3630 Aprilibus
577 3543 748 3608 MDXllll.

264 3709 446 3759 Hmdsuhriltl.
467 3705 553 3754 stet
573 3707 614 3754 iol.
634 3703 710 3752 188v.

179 3957 184 3964 ·
258 3921 327 3979 ¹80
351 3925 462 3977 worden
490 3923 534 3976 die
564 3921 774 3976 Bettelmdnehe
803 3915 983 3972 vom-Volke
1008 3916 1164 3985 spottvveise
1192 3922 1328 3986 generunt.
1365 3914 1425 3968 weil
1458 3915 1498 3968 sie

196 4007 273 4060 Kese
293 4004 510 4061 einsammelten.

257 4082 271 4124 ²
293 4086 356 4156 Vgl.
376 4085 421 4138 Br.
434 4084 501 4152 349,
522 4081 549 4140 S.
562 4084 589 4138 9.

255 4162 270 4206 ³
290 4166 354 4238 Vgt.
376 4163 422 4223 Br.
434 4163 500 4218 350.
511 4163 579 4218 366.
591 4163 657 4216 357.
668 4163 735 4216 358.

256 4241 270 4284 ⁴
292 4246 355 4317 Vgl.
374 4245 419 4298 die
440 4243 533 4315 vorige
554 4243 740 4312 Bemerhung.

256 4322 513 4464 wilt-53:333&
534 4403 592 4458 sich
613 4404 659 4456 die
676 4398 881 4456 Anwartschast
900 4397 952 4452 aurs
970 4395 1063 4452 Giides
1084 4395 1208 4450 Pfriinde
1230 4396 1259 4448 iu
1272 4391 1366 4448 Gotha
1384 4394 1530 4493 sichem..

1264 4699 1303 4752 2·
