3625 5192
299 351 352 406 402
511 424 513 429 Ι
573 344 577 352 ’
672 351 932 422 Geacbichtsqucllen
951 352 1000 405 der
1020 351 1092 406 Prov.
1113 351 1236 407 Sechsen

299 496 385 565 truc.
407 499 451 570 n.
474 517 520 565 an
541 499 712 569 ursan„
999 471 1003 479 '
1107 499 1239 583 (curru
1255 500 1365 579 1513.)
1399 498 1535 580 raguse
1546 493 1605 562 ec.

368 624 431 671 Mul.
452 625 522 685 gicht
540 625 596 671 dem
617 623 704 670 Urbau
722 595 905 684 Anweisungen
926 625 1116 684 gescbiil'tlicbsr
1133 625 1214 671 Natnr
1238 624 1289 670 und
1308 624 1415 682 sraiiblt,
1440 621 1486 668 wie
1505 637 1533 668 cr
1550 621 1606 670 d'em

298 695 427 742 Herebcrd
445 711 470 743 v.
486 695 510 741 d.
525 695 643 741 Marthen
661 695 774 754 zugleich
792 695 838 741 mit
856 695 905 740 den
924 696 1111 758 Sinnsprlicben
1129 697 1193 742 auch
1213 695 1269 742 eino
1288 695 1392 740 Lcction
1412 693 1474 740 liber
1494 692 1606 739 scindis·

299 765 395 812 babrcn
414 767 498 812 ericilt
516 765 587 811 habe,
1318 795 1319 798 =
1509 776 1514 785 “

379 863 562 928 Venerabili
583 864 665 946 patri
686 862 824 928 Hearicc
846 863 1005 928 Urbano
1026 863 1186 965 Matianus
1207 863 1314 928 Rufus.

377 963 409 1030 S.
452 965 542 1030 Binis
564 966 627 1029 tuis
649 965 749 1029 literis
769 964 969 1049 respondebo
990 985 1050 1030 uuo
1078 965 1209 1030 redditis
1230 972 1414 1044 moment0²·,
1429 962 1498 1028 sed
1521 983 1541 1028 a
1562 962 1609 1026 di-

187 1100 189 1103 ·
297 1067 413 1133 versis:
443 1087 521 1132 unas
543 1067 800 1144 Dithmarianus,
831 1067 949 1132 alteras
971 1068 1081 1150 aurige
1103 1089 1181 1151 puer
1199 1069 1277 1136 mibi
1305 1065 1447 1132 tradidit.
1495 1065 1549 1146 Si,
1575 1072 1609 1128 ut

299 1169 356 1251 ais,
377 1168 493 1252 hospes
514 1169 591 1235 emit
612 1176 649 1237 et¹
664 1169 741 1247 vult,
762 1188 822 1251 que
845 1169 926 1234 velle
937 1168 1041 1252 debet,
1062 1171 1205 1236 volumus
1226 1177 1258 1235 et
1278 1190 1344 1249 nos,
1365 1189 1426 1251 que
1447 1167 1608 1248 debemus,

299 1272 464 1353 presertim
495 1277 530 1334 ut
549 1277 623 1335 acta
645 1280 699 1335 tua
717 1271 801 1336 vires
823 1278 855 1337 et
868 1271 971 1350 robur
997 1273 1168 1357 accipiant.
1209 1274 1251 1337 At
1276 1271 1302 1336 si
1330 1271 1444 1336 laisum
1470 1269 1550 1334 dicit
1577 1279 1610 1332 et

298 1372 463 1437 Coticnum
485 1372 606 1436 amicus
627 1392 661 1436 se
681 1372 1122 1459 ostenderitaeceptabilem,
1151 1382 1204 1440 tua
1227 1376 1269 1438 sit
1295 1373 1461 1458 pruvincia
1487 1378 1609 1436 mutare

299 1476 460 1557 placitum.
502 1474 585 1539 lllud
606 1495 676 1554 crc,
704 1482 738 1539 ut
763 1475 854 1541 testis
882 1495 953 1541 esse
975 1477 1056 1542 velis
1083 1475 1240 1550 oculatus,
1270 1495 1343 1542 ncn.
1359 1474 1450 1541 solim
1478 1473 1609 1538 auritus.

300 1576 397 1657 Vide,
425 1578 502 1659 quid
523 1580 640 1642 emerit.
668 1576 844 1668 xSittamen
866 1577 1060 1660 quid-emit,
1087 1586 1159 1663 pust
1179 1598 1240 1661 que
1259 1579 1382 1644 Coticni
1404 1570 1610 1660 respondeas,

299 1687 365 1744 tute
382 1680 515 1745 noveris.
556 1679 663 1745 Bonus
677 1700 721 1754 es,
743 1680 880 1758 domine,
899 1682 1068 1764 etplenum
1080 1682 1149 1745 auri
1164 1675 1368 1764 marsupium.
1410 1679 1482 1743 Non
1504 1677 1610 1743 erede-

300 1781 373 1846 bam
404 1781 485 1845 adeo
514 1793 546 1846 te
576 1781 705 1846 beatum
731 1802 810 1847 esse.
857 1783 927 1864 Ego
954 1803 1016 1846 non
1048 1782 1239 1863 diminuam,
1272 1783 1328 1848 sed
1355 1782 1459 1864 magis
1484 1780 1610 1862 augebo

223 1920 225 1923 ·
300 1884 483 1949 facultatem
511 1884 614 1948 amici.
654 1885 736 1950 Utar
761 1892 868 1950 tamen
896 1885 956 1950 boc
979 1893 1040 1950 tuo
1066 1893 1174 1965 mutue
1202 1892 1233 1950 et
1263 1905 1321 1968 par
1346 1885 1425 1968 pari¹
1448 1899 1609 1967 reponam.

300 1985 515 2067 Brengbirusl
537 2006 598 2051 nun
626 1970 803 2052 remoretur
823 1994 936 2070 optata
958 1988 1126 2071 Spalatini.
1160 1971 1279 2064 ¹Queie
1308 1988 1339 2052 in
1369 1987 1475 2067 theca,
1504 1986 1610 2050 lbrsau

299 2087 445 2153 invenies
476 2108 537 2152 non
570 2089 669 2152 sulum
701 2088 927 2172 Brengbirnm,
962 2088 1019 2154 sed
1053 2097 1084 2154 et
1115 2089 1305 2153 Bromiuma
1353 2087 1465 2153 Fidem
1493 2087 1611 2168 obligo.

299 2189 430 2254 Redibit
450 2189 484 2254 in
505 2192 655 2268 erarium,
691 2190 841 2272 quicquid
870 2191 980 2254 exibit.
1031 2189 1316 2274 Egocastigavil,
1340 2197 1374 2255 ul
1396 2191 1499 2270 sulec,
1528 2190 1611 2265 insc-

301 2291 416 2356 ientem
437 2293 590 2372 amicum,
617 2291 672 2355 sed
694 2290 735 2356 dc
757 2292 858 2355 altera
879 2311 974 2356 manu
995 2292 1152 2376 lapidem,
1180 2294 1282 2357 altera
1308 2312 1432 2376 panem.
1483 2289 1613 2356 Videbis

300 2393 469 2456 mirabilia.
510 2393 606 2458 Petiit
628 2393 754 2457 unicum
776 2393 914 2474 titulum,
944 2393 1021 2458 dedi
1048 2414 1103 2459 sex
1125 2403 1157 2459 et
1179 2395 1323 2477 ampliua
1365 2394 1417 2462 lta
1442 2413 1511 2458 sum
1533 2394 1611 2457 libe-

182 2505 185 2512 ·
249 2566 252 2573 ,
301 2495 470 2559 ruliacum
491 2502 580 2561 aceto
601 2495 913 2576 quodamacerrimo.
956 2497 1005 2560 'Pu
1022 2515 1125 2560 ceram
1137 2495 1238 2561 literis
1249 2495 1353 2578 affige,
1375 2516 1415 2560 ne
1437 2496 1614 2578 suspicetur

307 2596 373 2660 tibi.
388 2597 512 2661 lectum,
553 2599 681 2661 Arcana
692 2597 759 2662 vult
780 2617 860 2662 esse.
903 2597 967 2663 Sed
988 2617 1052 2680 ego,
1069 2604 1171 2662 tecum
1193 2617 1255 2663 non
1268 2618 1404 2684 possum
1424 2618 1487 2662 non
1509 2597 1624 2662 omnia-

215 2685 219 2691 ’
303 2700 541 2763 communicare.
585 2698 671 2764 Vale.

272 2837 278 2846 ·
385 2800 443 2864 llle
464 2819 499 2864 se
520 2807 554 2865 ut
568 2799 690 2868 Teucer
704 2801 813 2865 Aiacis
834 2802 948 2885 clypeo
969 2800 1129 2867 defendat.
1159 2793 1232 2884 Tu,
1252 2795 1394 2888 ὦπάτερ,
1414 2821 1489 2866 cura
1507 2809 1613 2868 testes.

242 2973 245 2977 ,
303 2902 393 2967 Hem.
443 2902 527 2980 Sed,
555 2895 580 2963 ὦ
606 2897 717 2985 πάτερ,
750 2904 895 2986 intellige
924 2911 1021 2968 testes
1042 2905 1301 2987 supradictcs'et
1326 2907 1434 2989 aspice
1460 2905 1526 2972 tuis
1549 2905 1613 2970 illis
1693 2965 1695 2968 .

303 3005 413 3086 oculis,
434 3004 510 3087 quid
531 3003 618 3069 domi
639 3004 704 3071 fiat.

382 3106 503 3185 Quarto
525 3106 684 3196 calendas
707 3107 918 3193 Septembres.

374 3231 557 3277 Handschrit'tl.
578 3232 600 3277 F
610 3229 661 3278 353
671 3232 713 3278 sol.
724 3231 797 3278 222ν
808 3231 919 3278 -223r.

374 3332 386 3358 ⁸
403 3337 429 3382 F
441 3341 609 3384 monumento.

305 3551 388 3626 309.
409 3553 455 3620 ll.
476 3571 523 3620 an
542 3553 677 3620 Urban.
1123 3554 1269 3638 (lictba)
1281 3555 1375 3626 1513.
1410 3555 1547 3640 August
1559 3557 1612 3626 31.

375 3678 437 3726 blut.
455 3679 521 3736 neisst
540 3679 593 3724 cicli
613 3679 660 3730 mit
679 3679 725 3725 der
733 3678 906 3741 Abmaclruug,
926 3680 1018 3726 welebe
1036 3679 1122 3726 Urbau
1143 3679 1188 3726 ruit
1199 3679 1314 3726 Dietrnar
1331 3680 1453 3738 getrotl'sn
1472 3681 1524 3738 bnt,
1543 3680 1627 3726 nieht

305 3749 377 3794 recht
395 3748 598 3797 einuerstanden.
1327 3767 1329 3770 ·

385 3845 538 3928 Magistro
552 3845 688 3911 Heinicc
701 3846 878 3928 Urbane,
901 3847 970 3912 virc
983 3846 1075 3928 bcnc,
1086 3847 1205 3912 homini
1217 3847 1319 3928 docto,
1338 3847 1441 3912 amico
1451 3845 1614 3912 fidissime.

266 4013 272 4020 ,
387 3948 486 4013 Have.
537 3947 716 4021 Absurdum
746 3949 921 4030 videretur,
949 3949 1095 4028 Urbane,
1125 3951 1152 4014 si
1180 3950 1286 4014 verbis
1312 3949 1443 4033 planum
1468 3950 1614 4022 facerem,

305 4050 390 4132 quud
411 4055 464 4115 est‘
480 4051 696 4130 manifestum,
722 4050 832 4132 quanti
862 4051 905 4115 sit
927 4070 966 4115 ac
992 4071 1117 4134 semper
1140 4052 1236 4116 fucrit
1265 4071 1397 4133 esseque
1426 4051 1542 4116 debeat
1568 4052 1613 4116 tui

305 4151 390 4236 apud
413 4171 464 4216 mc
485 4152 677 4232 reverencia,
697 4159 834 4232 quantus
855 4152 932 4216 item
954 4171 1040 4216 meus
1052 4172 1129 4234 erga
1140 4159 1172 4217 te
1192 4173 1289 4218 amur.
1329 4154 1518 4218 Auctoritati
1530 4161 1628 4218 certe

375 4424 387 4466 1
407 4429 471 4500 Vgl.
492 4426 609 4482 Balce
631 4426 656 4481 S.
668 4427 726 4480 272
748 4427 868 4482 Anm.3.

373 4505 387 4546 2
408 4509 494 4563 Diese
516 4507 641 4563 Gctbacr
661 4507 885 4582 Pcrslinliclrkcit
904 4508 940 4563 ist
962 4509 1014 4562 mir
1036 4509 1111 4564 nieht
1131 4511 1261 4566 bekannt.

370 4584 385 4627 ³
406 4589 471 4661 vgl.
492 4590 544 4643 den
567 4589 812 4659 vcrhcrgebenden
831 4587 918 4646 Brief.
