3625 5192
605 352 695 417 Brieie
714 354 835 416 blotiano
852 357 895 417 31,
910 356 952 417 aa.
968 356 1010 415 53.
1025 356 1067 416 tt.
1453 360 1488 413 45

182 508 331 596 Baptima
340 508 552 578 Mantuanus¹
577 520 627 578 est
636 530 775 576 summus
788 518 961 595 poetarum.
1004 512 1088 594 Ergo
1100 512 1152 576 bio
1163 510 1244 576 idem
1265 516 1314 575 est
1325 510 1486 575 Homerus.

182 614 359 680 Ostultam
391 614 565 681 cavillandi
588 614 765 679 lieentiam!
814 614 910 679 Talia
933 612 1043 678 dieunt
1067 614 1108 679 de
1136 622 1265 697 peeoato
1291 620 1488 680 assumentes

180 717 283 781 laeum
304 716 408 782 illum:
435 716 497 795 „Et
516 717 586 781 sine
606 716 677 799 ipso
697 719 815 781 tautum
836 724 886 782 est
905 716 1032 783 nibil.“²
1073 716 1147 798 Sed,
1169 716 1213 780 mi
1234 712 1371 797 Urbane,
1393 718 1488 800 longe

180 819 394 901 prestantiora
412 838 470 891 nou
491 819 694 901 exquirimus.
737 817 873 883 Valeant
895 818 1035 902 imperiti
1053 826 1086 883 et
1107 816 1239 900 maligni
1264 818 1333 884 sire
1352 819 1488 885 Alexan-

180 918 266 985 drini
285 920 351 985 sint
371 922 600 1005 sireuopbiste.
644 920 767 985 Valetu
780 920 922 1001 ferietur,
943 920 986 983 mi
999 920 1135 1001 Urbane,
1156 919 1253 985 deone
1273 928 1306 985 et
1326 922 1486 1005 specimen

181 1022 377 1088 Bemardine
394 1024 526 1089 familie.

227 1146 424 1263 lusllandsebriltl
453 1148 473 1193 Ρ
492 1149 522 1194 ll
544 1147 754 1196 soliar-ido.
791 1148 867 1195 (lodr.
883 1147 907 1194 b.
918 1146 951 1193 Tu
970 1148 993 1194 S.
1008 1146 1121 1193 59—60
1144 1162 1190 1193 nna
1209 1146 1362 1194 Psalmornrn
1380 1146 1417 1193 tis
1434 1148 1488 1195 sira

180 1230 227 1277 sup
245 1218 251 1229 '
266 1224 300 1265 ts.

737 1356 937 1365 *ω-

183 1491 242 1557 83.
267 1488 311 1560 ll.
329 1508 375 1557 an
388 1486 565 1575 Spalatln.
717 1489 850 1577 (liotba
870 1492 973 1564 1505.
1006 1490 1104 1559 liurz
1127 1508 1192 1559 ror
1213 1491 1245 1559 i'.
1262 1491 1488 1577 benembor.)

253 1615 314 1661 blut
334 1615 385 1661 will
405 1615 524 1675 norlaude
544 1630 591 1662 nar
609 1616 801 1663 versrrrlnwaise
819 1617 873 1662 siole
893 1616 939 1662 mit
958 1616 1036 1663 Aldus
1055 1616 1080 1663 in
1100 1617 1140 1663 ein
1155 1616 1273 1663 Gosebill't
1293 1618 1415 1665 ainlassen
1436 1618 1485 1663 und

182 1686 276 1733 fordere
294 1686 408 1745 spalatin
426 1686 476 1745 aul,
496 1686 538 1732 ein
558 1686 824 1733 Bllelrerverzoiehniss
841 1688 907 1733 noeb
926 1686 1018 1733 oinmal
1037 1686 1240 1733 abunsebreiben.

263 1782 401 1864 Georgio
422 1781 646 1866 Spalatino,
668 1784 772 1849 amieo
794 1784 921 1864 eximio,
944 1783 1104 1849 Matienus
1123 1784 1231 1850 Rufus.

263 1886 296 1951 S.
337 1885 498 1949 Aunotavi
518 1905 652 1970 pannos,
677 1886 773 1968 idque
795 1887 912 1952 suetum
942 1893 1076 1953 estnon
1103 1886 1171 1951 sine
1194 1906 1305 1967 eansa;
1335 1906 1409 1952 nam
1436 1906 1488 1951 ex-

181 1987 279 2071 periri
301 1988 388 2068 volo,
417 1988 495 2069 quid
518 1988 725 2071 benignitatis
750 1989 793 2052 sit
819 1988 905 2071 apud
926 1988 1063 2053 ΑΙᾱιιιιι3
1091 1996 1123 2052 et
1148 1988 1223 2053 item
1246 1988 1488 2075 Fooebariorum

181 2090 288 2154 sociis.
319 2089 414 2153 Vivat
426 2088 582 2171 Urbanus,
602 2090 695 2156 buius
715 2090 828 2155 author
849 2090 973 2155 bonesti
994 2092 1175 2155 eorumertil.
1218 2092 1252 2156 Si
1274 2090 1386 2175 planet,
1406 2090 1489 2155 buno

182 2191 320 2256 indicem
342 2191 526 2273 transcribe,
547 2212 619 2257 uam
643 2201 699 2258 tua
718 2194 874 2277 scriptura
897 2192 1024 2277 politior
1046 2202 1103 2259 est.
1147 2192 1234 2257 Vale.

253 2316 435 2361 Handsrhrlltl.
455 2316 475 2361 F
490 2316 523 2363 45
542 2317 584 2363 iol.
597 2316 662 2366 aar.
699 2316 775 2363 Gedr.
793 2317 817 2364 b.
835 2317 870 2363 Tu
887 2318 911 2364 S.
928 2314 969 2362 4⁴2.

187 2648 243 2713 34.
265 2644 362 2731 Suel.
383 2663 430 2713 an
451 2644 600 2713 llutlan.
797 2646 1070 2733 (deorgentbal)
1092 2646 1191 2715 1505.
1225 2648 1257 2720 7.
1280 2646 1489 2723 lienember.

255 2771 369 2831 Spalatin
388 2771 489 2831 meldat,
507 2770 564 2817 dam
583 2785 618 2830 er,
637 2769 684 2815 wie
703 2770 755 2815 ihm
773 2769 891 2817 balohlen
909 2786 973 2831 war,
1004 2772 1048 2819 das
1064 2772 1224 2819 l'oraalebnla
1243 2773 1287 2820 der
1306 2772 1347 2819 bei
1364 2775 1443 2822 Aldus
1461 2791 1491 2822 zu

185 2842 356 2888 bustellenden
378 2842 476 2887 Blleber
497 2840 693 2900 abgesebrieben
717 2840 781 2887 habe
805 2842 857 2887 und
879 2842 944 2901 lrltgt
966 2856 1011 2903 an,
1042 2842 1075 2889 ob
1102 2842 1194 2889 diesem
1217 2844 1287 2889 nieht
1314 2845 1374 2891 awai
1395 2846 1491 2893 tornare

185 2912 280 2959 werae
297 2911 445 2971 beizussigen
464 2911 541 2960 raian.

266 3010 465 3075 blutianus
483 3009 592 3090 Rufo,
614 3007 791 3075 eruditione
811 3010 1017 3076 miscellanea
1038 3017 1069 3075 et
1090 3009 1255 3077 honestate
1276 3014 1362 3078 vitae
1383 3012 1492 3096 nobili,

182 3132 310 3179 snorum
331 3111 477 3196 principi.

266 3214 297 3278 S.
339 3211 562 3277 Arnstadium⁴
584 3212 733 3279 Urbanus
753 3221 858 3279 noster
878 3213 1105 3280 nudiustertius
1124 3216 1185 3281 ivit
1203 3215 1314 3298 bodie,
1336 3217 1369 3282 ni
1391 3218 1491 3300 lullor,

182 3316 351 3383 redituros.
392 3314 455 3393 Qui
474 3315 608 3381 simulne
628 3319 807 3395 reverterit,
837 3336 967 3399 operam
989 3316 1191 3383 hauddubie
1212 3317 1302 3383 dabit
1328 3320 1491 3402 egregiam

182 3420 218 3483 in
240 3418 367 3499 negotio
386 3417 517 3483 librario
539 3417 741 3501 perficiendo.
784 3417 945 3483 lodieem⁵
967 3417 1178 3501 conditorum,
1205 3440 1266 3485 non
1288 3422 1372 3504 quod
1394 3422 1490 3505 serip-

181 3522 271 3586 tione
290 3527 346 3585 tna
366 3540 437 3584 mea
452 3522 494 3584 sit
514 3521 627 3585 onltior
645 3525 751 3599 (nemo
771 3521 854 3585 enim
876 3528 951 3585 tuae
973 3539 1074 3585 meam
1096 3522 1157 3586 nisi
1172 3542 1249 3586 sane
1264 3522 1383 3587 delirus
1402 3543 1491 3608 prae-

182 3622 292 3698 ferret)
313 3622 371 3687 sed
393 3622 476 3705 qnod
505 3624 551 3686 ita
578 3623 636 3687 tibi
658 3624 759 3687 uisum
786 3631 851 3704 est,
880 3625 1067 3689 exscribam.
1115 3624 1180 3689 lam
1206 3632 1238 3689 et
1265 3625 1374 3690 literas
1402 3646 1490 3711 prae-

182 3724 322 3808 scriptas
348 3726 391 3791 ad
412 3725 548 3789 aldum6
575 3725 733 3790 dabimus.
790 3724 860 3789 Nee
885 3733 934 3791 est
959 3735 993 3791 ut
1015 3728 1196 3793 inventione
1226 3736 1333 3793 nostra
1353 3735 1489 3825 utampm

251 3954 343 4012 ¹Der
367 3956 518 4013 Humanist
541 3958 670 4029 Baptista
696 3958 865 4015 Mantuanus
891 3956 1124 4030 (rste-1516)
1150 3960 1209 4031 golt
1235 3960 1339 4014 seinem
1362 3958 1493 4015 'heitalter

184 4039 229 4095 als
248 4040 298 4092 der
317 4038 573 4096 aberchristliehate
594 4039 717 4094 Dichter.
747 4039 810 4111 Vgl.
831 4058 858 4094 n.
878 4058 902 4095 a
925 4038 1042 4111 Geiger,
1062 4038 1246 4095 Renaissanee
1267 4042 1323 4093 und
1344 4038 1491 4095 Humanis·

184 4137 249 4174 mus
271 4116 298 4176 S.
314 4116 372 4172 174
385 4118 489 4173 --176.

247 4194 262 4237 ²
282 4199 332 4260 Eu.
353 4199 496 4254 dohannes
512 4200 539 4267 1,
557 4218 583 4256 v.
599 4199 627 4253 3.

247 4274 262 4318 ³
282 4279 338 4350 Vgl
368 4279 414 4336 Br.
432 4278 593 4335 12.13.14.
608 4278 654 4333 24.
667 4278 713 4334 25.

245 4354 339 4414 ‘Das
363 4358 477 4413 Kloster
502 4358 691 4431 Georgenthal
716 4360 793 4414 hatte
820 4359 1005 4433 &siurrngen
1032 4364 1061 4417 in
1085 4364 1174 4419 dieser
1198 4362 1283 4420 Stadt
1330 4363 1394 4433 Vgl.
1421 4362 1492 4418 Zeit-
1591 4352 1593 4355 ¹

184 4439 286 4558 sobrglt
304 4441 353 4493 des
370 4440 487 4495 Vereins
506 4438 526 4493 f.
542 4442 615 4495 tluiir.
634 4440 736 4495 Gesolr.
759 4459 784 4495 ιι.
804 4442 1072 4498 Altertbnmslrnnde
1092 4444 1141 4500 Bd.
1155 4445 1175 4499 l.
1194 4442 1221 4502 S,
1235 4442 1300 4499 327.

247 4596 262 4639 ⁶
281 4520 344 4672 ξι.
362 4519 409 4654 Idi
426 4520 566 4657 ixi-14.
581 4600 628 4660 ιι,
644 4600 691 4656 ns.
704 4601 752 4655 aa.
