3625 5192
614 376 616 380 ·
651 355 741 411 Briele
758 355 879 411 Mulians
897 355 956 416 484.
975 357 1034 416 485.
1447 357 1495 410 145

189 523 250 584 que
270 505 499 568 Germanorum
527 505 600 568 lmic
621 506 760 569 lauream
783 506 917 587 primam
940 507 1018 586 iuro,
1039 505 1124 587 quod
1144 505 1246 568 maius
1267 511 1323 581 cst,
1346 504 1497 569 Christia-

188 625 296 669 norum
320 600 482 690 poetarum
504 607 642 687 palmam
662 613 694 670 et
714 608 893 690 prestancie
916 627 1062 682 coronam
1085 607 1235 686 assignet.
1280 607 1361 670 lussi
1382 606 1496 688 igitur,

189 707 351 772 utstatim
373 728 407 772 se
433 709 502 786 tibi,
524 702 680 773 blecenati
702 715 818 788 nostro,
839 709 1022 773 insinuaret.
1065 707 1232 772 Miraberis
1250 708 1495 773 concinnitatem

188 810 348 873 carminis.
384 811 455 873 Non
475 811 608 883 Bavium
619 814 639 886 ¹,
659 831 720 876 non
738 811 874 875 Meuium
882 813 903 886 1,
927 831 988 876 non
1008 810 1166 876 Cherilum
1175 811 1196 890 1,
1215 810 1271 874 sed
1283 809 1444 875 Tibullum
1466 817 1497 876 et

189 912 339 976 Ovidium
362 913 520 996 exprimit.
562 913 675 978 Parnm
697 912 775 978 dixi.
817 914 978 978 Tibullum
1001 911 1293 996 etOvidiumvel‚
1315 912 1441 992 siquid
1464 914 1497 976 in

189 1034 227 1078 co
255 1033 372 1096 genere
392 1015 567 1098 preclarius
589 1024 652 1088 est,
678 1017 773 1097 longo
799 1022 872 1097 post
896 1033 931 1078 se
960 1015 1129 1079 interuallo
1150 1013 1294 1094 reliquit²
1324 1020 1356 1077 et
1377 1013 1498 1080 obtinet

189 1116 324 1196 gloriam
346 1135 505 1198 nunquam
526 1117 683 1181 interituri
705 1117 851 1180 nominis.
895 1115 977 1197 Ego,
1005 1117 1047 1179 mi
1074 1116 1179 1198 presul
1209 1123 1241 1178 et
1266 1122 1414 1198 patrone,
1442 1113 1497 1197 qui

190 1237 230 1282 ex
251 1218 399 1282 secundis
422 1219 516 1281 rebus
537 1219 600 1283 tuis
620 1218 839 1283 incredibilem
866 1219 1059 1301 voluptatem
1080 1217 1234 1300 concipio,
1251 1223 1334 1280 totns
1350 1216 1497 1281 addictus

189 1328 242 1383 tue
269 1319 415 1384 felicitati
443 1318 607 1384 Eobunmn
630 1319 764 1384 Hcssum
791 1318 925 1384 concilio
953 1319 1011 1382 tihi
1034 1337 1083 1406 ac,
1098 1318 1211 1382 dedico
1232 1318 1368 1382 futurum
1388 1319 1421 1381 in
1443 1326 1497 1382 tua

190 1422 289 1485 tutela
300 1431 332 1485 ct
343 1421 491 1505 presidio.
533 1419 798 1486 Honestissimum
808 1427 892 1486 esset
902 1429 935 1485 et
945 1421 1046 1484 instar
1057 1417 1312 1495 immortalitatis,
1329 1420 1355 1483 si
1370 1421 1496 1484 Crotum

190 1533 222 1587 ct
244 1523 406 1587 Euhenum
428 1523 530 1616 1⁴]ulde
552 1525 660 1587 aleres.
703 1524 830 1588 Crotum
851 1523 956 1588 fecisti
977 1519 1187 1602 cardinalem,
1209 1530 1320 1601 restat,
1349 1530 1382 1586 ut
1404 1523 1498 1587 Croto

191 1634 315 1708 poetam
338 1625 569 1690 nobilissimum
591 1625 757 1706 adiungas.
800 1625 872 1689 Non
895 1625 975 1709 petit
995 1614 1181 1707 templorum
1196 1623 1376 1704 vectigalia.
1396 1642 1498 1704 neque

191 1727 276 1790 enim
297 1728 363 1791 diis
380 1727 536 1809 fumigare
557 1735 662 1812 potest
682 1728 777 1792 ducta
798 1727 925 1790 domum
948 1727 1080 1808 virgine.
1124 1725 1170 1788 Ex
1188 1745 1250 1808 quo
1267 1744 1346 1790 sane
1361 1726 1496 1807 intelligi

193 1836 304 1912 potest,
325 1848 441 1910 magne
462 1831 613 1914 pontifex,
635 1830 806 1914 optimuml
826 1829 893 1894 fore
914 1829 1137 1900 cancellarium
1158 1828 1208 1891 vel
1229 1845 1391 1892 censorem
1406 1828 1496 1892 rusti-

193 1949 308 1994 corum.
351 1914 539 2013 Quanquam
564 1932 604 1995 ad
631 1933 738 1997 omnia
767 1931 853 1996 domi
874 1932 1012 2014 forisque
1035 1929 1224 1994 illustranda
1245 1929 1339 1994 valde
1366 1929 1498 2011 idoneus

192 2053 262 2097 esse
283 2033 438 2098 videatur·
480 2034 595 2098 Veruru
616 2035 676 2100 hcc
697 2041 748 2099 tue
769 2034 940 2117 prudencie
968 2034 1093 2117 plenius
1118 2031 1335 2115 dispensanda
1356 2032 1498 2114 relinquo

194 2141 359 2199 contentus
380 2135 532 2201 obtulisse
554 2136 688 2219 primum
707 2144 738 2200 ct
760 2129 961 2200 utilissimum
985 2141 1156 2218 poetarum,
1180 2134 1211 2197 ln
1227 2153 1289 2216 quo
1307 2134 1395 2198 nulla
1410 2135 1498 2198 mali-

193 2237 310 2317 gnitas,
332 2237 436 2302 nullus
454 2239 552 2311 livor,
566 2239 652 2302 nulla
674 2240 863 2320 arrogancia
878 2227 1037 2316 timeatur.
1079 2236 1179 2302 Totus
1200 2237 1283 2300 euim
1305 2235 1423 2319 probus
1441 2243 1499 2316 est,

194 2347 278 2402 totus
299 2340 448 2416 sinceros,
468 2347 552 2404 totus
573 2341 733 2405 modestus
754 2351 786 2406 et
806 2340 980 2418 officiosus;
1007 2341 1040 2404 in
1062 2339 1154 2403 seriis
1176 2341 1332 2419 attentus,
1360 2338 1392 2400 in
1420 2337 1499 2401 iocis

195 2440 333 2504 urbanus
355 2448 387 2504 et
409 2441 539 2522 cythare
560 2441 686 2507 deditus
706 2436 738 2505 et
758 2442 874 2526 plane⁰
905 2443 1043 2505 omnium
1071 2441 1215 2504 horarum
1240 2437 1339 2504 honre.
1382 2438 1498 2518 Habes,

194 2537 389 2620 amplissime
412 2547 501 2621 pater
527 2546 559 2602 et
584 2538 710 2604 domine
738 2546 859 2618 noster,
889 2557 1102 2623 papyraceum
1124 2539 1305 2615 Ecbanunn
1333 2542 1359 2604 si
1390 2559 1502 2605 verum

195 2641 339 2724 aspicere
358 2648 390 2704 et
411 2641 541 2706 audirel
561 2640 707 2721 volueris,
728 2661 790 2704 non
812 2641 942 2704 errabis.
984 2641 1086 2706 blaicr
1106 2651 1154 2707 est
1174 2643 1258 2705 omni
1280 2641 1415 2705 laudum
1431 2661 1498 2724 pre-

194 2743 285 2806 conio
306 2749 339 2806 et
358 2742 581 2823 dignissimus,
608 2761 699 2825 quem
728 2752 814 2806 tuum
842 2743 953 2808 facias.
995 2743 1155 2808 Meliorem
1182 2751 1234 2809 tue
1258 2744 1359 2825 glorie
1387 2763 1499 2827 propa-

195 2851 352 2923 gatorem,
379 2844 424 2908 ita
452 2863 503 2908 me
523 2843 609 2910 Deus
630 2853 726 2932 amet,
754 2865 912 2926 nunquam
943 2846 1059 2909 inveni.
1109 2845 1201 2926 Vale,
1230 2846 1499 2928 nostrum'presi-

195 2946 310 3026 dium0,
329 2946 478 3029 princeps
498 2956 530 3009 et
549 2947 664 3028 legate.
798 2936 801 2944 ’
1345 2961 1348 2968 ’

276 3046 324 3109 Ex
347 3047 442 3111 beata
463 3048 693 3130 tranquillitate
714 3057 821 3113 nostra
842 3069 926 3112 auno
948 3049 1153 3113 recentatoris
1174 3049 1293 3113 Christi
1314 3049 1447 3116 MDXV.

267 3169 449 3218 Haudsehriftl.
471 3171 491 3216 F
510 3169 561 3217 463
586 3172 627 3220 fol.
649 3169 847 3219 nstv-reus
882 3171 959 3218 chr.
982 3169 1006 3217 b.
1030 3171 1064 3217 Tc
1082 3171 1105 3218 S.
1118 3171 1264 3218 tot—210
1282 3171 1438 3230 collaetatus,
1463 3171 1499 3218 tte

195 3237 246 3299 aas
258 3239 298 3284 dfe
315 3239 427 3288 Adi-csse.
445 3287 449 3293 ,

267 3334 331 3391 ²f'z
350 3346 477 3405 relinquit.
550 3318 616 3392 ”Ta
633 3347 734 3406 optimc.
805 3340 870 3392 ⁰7⁸2
887 3348 969 3406 plene.
1040 3329 1106 3393 df'z
1123 3347 1218 3394 vidore.
1280 3340 1344 3393 ‘’Tz
1362 3347 1405 3392 hat
1422 3347 1501 3392 hintcr

196 3415 330 3476 presidium
348 3418 409 3462 noch
427 3423 461 3463 et.

820 3505 950 3512 ...υ-«-

197 3628 279 3700 485.
303 3628 346 3701 ll.
369 3649 414 3696 sn
437 3632 503 3697 hbt
520 3631 732 3700 llartmsnn.
1048 3632 1196 3716 (hetha)
1208 3631 1299 3700 1515.
1332 3630 1500 3698 nareae.

196 3751 329 3870 prosblut.
347 3753 424 3800 bittet
442 3755 491 3801 dou
505 3755 556 3801 Abt
575 3770 616 3801 um
635 3755 704 3802 scine
723 3755 818 3815 thtltigo
833 3755 1030 3816 Unterstirtuung
1048 3759 1088 3802 lilr
1101 3757 1193 3804 flcssus
1211 3771 1255 3803 aur
1268 3757 1414 3816 Erlnngnng
1432 3755 1501 3814 einer

257 3838 332 3872 eccur.

278 3921 434 3987 bleccuati
461 3928 623 4004 poetarum
650 3922 907 4004 Hermanno,
936 3923 1074 4008 principi
1100 3925 1314 4004 serenissimo,
1342 3923 1502 3988 Mutiauus

196 4022 303 4087 Rufus.

279 4126 487 4190 Sacrosanete
513 4126 674 4203 hlecenas,
712 4128 820 4191 salvus
840 4128 893 4191 sis.
943 4128 1050 4192 Habes
1076 4128 1107 4192 in
1135 4127 1303 4192 clientela2
1330 4128 1501 4191 niaximum

199 4236 338 4309 pectam:
366 4227 440 4291 huic
460 4230 580 4307 faveas,
602 4228 683 4292 hunc
705 4238 789 4291 tuum
815 4228 980 4310 Virgilium
1002 4229 1107 4294 dicito.
1149 4229 1285 4293 'fantum
1309 4231 1502 4294 llartmauuo

197 4328 354 4411 prestabit
375 4327 542 4410 EobauuS,
570 4337 720 4411 quantum
742 4330 828 4393 Maro
850 4329 1006 4394 llleccnati
1027 4350 1083 4394 suo
1104 4332 1255 4414 prestitit,
1284 4331 1342 4394 hoc
1360 4339 1426 4412 est,
1448 4333 1502 4394 im-

196 4447 399 4457 ...ι-ο...-

262 4499 274 4540 1
297 4502 361 4558 Alle
381 4504 440 4558 drei
462 4503 580 4560 Dichter
600 4523 653 4560 von
674 4505 769 4559 iiblcm
791 4505 872 4564 Rufe.

259 4577 359 4654 ²vgl.
380 4585 433 4638 den
454 4584 568 4657 rotigen
589 4584 675 4644 Bricf.

248 4689 612 4746 manducaertur.
