3625 5192
286 320 338 374 174
651 309 928 389 'Geschiehtsquellen
948 321 996 375 der
1013 319 1089 374 Prov.
1109 317 1232 380 Saelncn.

285 469 471 550 Quanquam
491 469 643 534 sincerior
658 475 690 533 et
709 471 847 534 sanctior
867 468 1115 553 sitSpalatinus,
1137 489 1232 552 quarn
1253 476 1288 534 ut
1302 473 1381 538 teste
1397 468 1593 534 conscientia

284 571 500 653 redarguatur.
548 571 714 653 Castigari
743 572 854 636 falsam
885 572 972 636 iliius
997 572 1180 656 opinionem
1215 570 1256 636 de
1283 590 1336 652 eo,
1369 571 1453 654 qaod
1486 573 1591 636 auiam

286 675 391 752 exilio,
413 679 562 756 tanquam
585 681 640 738 aut
660 674 819 755 relegatus
840 681 895 739 aut
906 674 1091 756 deportatus
1102 680 1194 755 esset,
1215 680 1333 739 temere
1342 681 1591 758 comparaverat.
1618 733 1620 736 ,

286 775 409 839 Salsum
431 782 479 840 est
501 794 627 840 carmen
649 782 680 839 et
702 776 829 858 pienum
852 776 1059 840 urbanitatis:

536 895 627 960 Valle
646 882 735 978 copis
757 901 849 960 vasta
871 915 1004 978 semper,
1026 897 1203 981 Spaiatine,
1227 897 1340 974 iacere,

510 1039 512 1044 .
577 998 659 1062 Auia
679 998 738 1061 tibi
758 998 861 1062 thedis
883 997 991 1062 durior
1012 1004 1059 1062 est
1081 998 1199 1084 Gyaris
1208 1002 1229 1062 ¹.

537 1101 627 1178 Qumi
649 1101 797 1164 miseram
819 1100 946 1182 'Porgae
967 1101 1107 1183 praeiere
1128 1101 1162 1164 in
1182 1101 1299 1165 honore
1321 1088 1526 1184 Seriphum,¹

578 1202 673 1266 Exilii
695 1196 812 1268 sterilis
834 1203 941 1286 pergis
962 1202 1050 1267 obire
1072 1203 1157 1284 iuga.

538 1305 565 1370 Ο
588 1305 741 1387 Corydon,
764 1304 922 1387 Corydon,
942 1305 1048 1370 foveat
1068 1311 1117 1370 te*
1138 1324 1246 1370 mensu
1265 1304 1397 1384 ducalis,

579 1405 701 1470 hiomus
726 1408 756 1470 in
781 1407 938 1472 obscoena
960 1407 1042 1471 vatic
1063 1412 1200 1475 rueretur
1223 1408 1314 1472 iners.

367 1527 485 1604 Credo,
509 1525 676 1610 resipiscet
697 1527 833 1610 perlecto
860 1533 925 1591 tam
947 1526 1053 1611 lepido
1074 1528 1313 1610 epigrammate.
1356 1527 1424 1611 Ego
1446 1530 1542 1593 miror
1561 1539 1593 1594 et

287 1624 414 1706 dbhito,
441 1648 495 1692 eur·
515 1636 639 1709 taceas,
666 1647 740 1693 num
767 1629 865 1694 libros
891 1631 1061 1716 acceperis.
1104 1629 1226 1712 Urgere
1252 1649 1314 1696 non
1337 1649 1426 1696 cesso
1447 1632 1593 1696 sacerdo-

286 1731 407 1796 tulum³
429 1737 460 1796 et
482 1732 609 1810 instare,
632 1738 665 1795 ut
686 1731 932 1815 opusabsoirat.
975 1733 1054 1810 Quis
1064 1739 1113 1798 est
1128 1733 1285 1816 interpres
1294 1733 1410 1797 Dionis
1430 1733 1594 1799 historici?

286 1833 372 1911 Quid
398 1833 492 1898 habet
521 1833 570 1897 lex
598 1834 798 1917 imperatoris
828 1834 868 1898 de
897 1835 1046 1901 tollendis
1072 1821 1244 1900 adortst?
1285 1835 1395 1900 Cicero
1425 1844 1517 1901 vocat
1538 1839 1594 1900 tn.

286 1935 452 2017 Fabiumd,
478 1955 569 2018 quem
595 1935 786 2020 Pomponius
812 1945 933 2020 noster,
963 1945 996 2003 ut
1017 1943 1107 2022 puto,
1135 1938 1191 2002 Gn.
1221 1937 1378 2003 Flavium.
1427 1936 1516 2002 Haec
1543 1939 1593 2002 usi

286 2045 415 2121 praesta
437 2039 486 2104 vel
507 2057 600 2120 nega.
646 2038 731 2104 Vale.

370 2141 484 2205 Datum
503 2141 540 2222 in
563 2141 747 2224 crepusculo
767 2143 874 2208 senis⁶
896 2143 1017 2208 abitum
1039 2141 1212 2208 Benedicta
1234 2142 1413 2206 nunciante.

360 2251 435 2298 (11111.
458 2247 482 2305 1)
504 2251 537 2296 rm
559 2250 614 2298 111.
634 2265 692 2297 nov.
710 2246 752 2297 uu.
771 2250 845 2298 saur.
885 2251 910 2307 a)
930 2251 964 2297 uz
982 2252 1168 2301 sesamam.

361 2345 373 2374 ⁸
392 2343 424 2388 Ίῖτ
445 2343 485 2392 de.
843 2410 995 2417 *φ’-μ

288 2459 365 2530 121.
388 2455 432 2527 hi.
454 2475 500 2524 an
521 2455 657 2524 Urhan.
1064 2457 1313 2543 (cornardus.
1346 2457 1415 2526 Um
1437 2455 1595 2543 butero.)

357 2582 419 2629 Mnt.
436 2581 490 2628 lobt
509 2582 556 2628 den
577 2583 708 2642 cinganton
719 2582 830 2628 Briosstii
841 2583 939 2628 Urhuns
957 2583 1008 2628 und
1028 2583 1168 2643 rerspriebt
1184 2583 1244 2641 ihm,
1264 2583 1317 2629 sich
1331 2583 1596 2642 11118011(1111*81111111111,1
1679 2616 1681 2619 -

287 2653 313 2700 111
333 2653 418 2698 Err'nrt
439 2653 487 2698 ulio
506 2651 581 2698 Miiho
602 2652 681 2711 gehen
703 2668 731 2701 uu
751 2653 849 2704 walion,
886 2652 1054 2701 Mittlerweilo
1073 2654 1133 2699 suile
1153 2668 1180 2699 er
1199 2668 1248 2700 narr
1265 2652 1291 2698 in
1311 2653 1415 2712 Leipzig
1436 2646 1533 2712 tdehtipg
1552 2654 1596 2698 das

289 2723 450 2769 (triechisrho
469 2723 508 2768 boi
528 2723 584 2768 riam
603 2723 698 2769 Isshrsr
718 2737 762 2768 urus
771 2723 851 2769 Krete
869 2723 997 2770 studiercn
1018 2723 1069 2770 und
1087 2723 1140 2769 sich
1158 2723 1199 2769 dis
1217 2723 1338 2782 nbtbigeu
1350 2724 1448 2769 Bhehor
1467 2723 1595 2778 iresorpen.

289 2796 373 2840 Darnn
393 2793 458 2838 reibt
478 2792 575 2838 Mutian
595 2792 677 2852 einiger
696 2793 917 2852 spriiehwiirtiieho
935 2794 1106 2840 Rodcnsarten
1126 2793 1188 2838 inber
1206 2794 1246 2839 dic
1266 2793 1366 2841 Kretcr.

368 2890 503 2955 Henrioo
526 2890 683 2955 Urbano
707 2891 867 2956 Matianus
889 2891 997 2957 Rursus.

370 2993 402 3058 S.
444 2992 555 3074 Reiegi
579 2993 686 3058 literas
706 3001 790 3070 toas,
820 2993 950 3074 Urbane
971 2994 1149 3067 carissime,
1176 2994 1287 3078 pienas
1308 2993 1425 3058 auroris
1446 3010 1520 3075 arga
1548 3013 1597 3056 me

286 3095 342 3168 tui.
385 3095 487 3159 Video
511 3114 560 3159 me
583 3101 704 3160 tantum
726 3094 929 3180 respondisse
949 3095 991 3178 ad
1004 3115 1097 3161 unum
1112 3095 1260 3178 caputde
1272 3096 1430 3179 spalatini
1447 3095 1596 3178 palestra.

357 3285 366 3326 ¹
392 3288 446 3343 Die
467 3288 561 3344 kleine
586 3289 626 3344 uls
648 3289 891 3360 Deportationsort
911 3289 1042 3345 beuutzte
1062 3289 1233 3344 Felseninsei
1246 3289 1354 3362 Gyaros
1375 3291 1444 3360 iicgt
1462 3289 1596 3343 zurischeu

292 3367 402 3423 Andros
422 3370 478 3422 und
501 3367 580 3424 Ceos.

355 3447 368 3487 ’ἱ
391 3449 445 3503 Die
474 3451 577 3505 rrnweit
608 3448 715 3520 Gyaros
741 3450 875 3520 gelegone
901 3451 977 3503 insci
1007 3449 1139 3522 Scriphus
1164 3451 1256 3504 aurudo
1284 3450 1442 3518 gieiehfails
1467 3449 1507 3502 ais
1528 3449 1596 3503 Ver-

294 3529 485 3600 bannungsort
505 3530 626 3588 benutnt.

261 3607 266 3618 '
353 3604 460 3664 3Wen
480 3611 588 3664 hiutian
603 3610 699 3676 meint,
719 3611 788 3664 liisst
808 3611 866 3665 sich
889 3611 968 3665 nieht
987 3628 1078 3682 sagon.

350 3685 365 3728 4
387 3687 454 3746 Cod.
480 3690 649 3745 lastinianus
659 3691 708 3760 VI,
721 3689 766 3746 51.
809 3690 878 3761 Imp.
904 3691 1077 3747 lastinianus
1100 3691 1134 3749 Α,
1164 3689 1271 3746 senatui
1300 3688 1377 3743 urbis
1403 3686 1595 3742 Constant-iuo-

292 3771 432 3842 poiitanae
454 3777 482 3825 et
504 3771 581 3826 urbis
602 3769 715 3826 Romae.
748 3769 793 3823 'Et
813 3788 914 3826 nornen
936 3778 965 3825 et
984 3772 1127 3826 materiam
1149 3772 1315 3826 caducorum
1337 3775 1408 3823 ete·

356 3845 370 3888 ⁵
393 3850 431 3904 Es
451 3851 566 3906 handelt
593 3852 652 3907 sich
681 3869 726 3904 um
748 3851 801 3906 den
822 3849 872 3908 On.
893 3851 1020 3926 Flavius,
1045 3852 1117 3906 Anci
1138 3851 1183 3920 lt,
1210 3850 1280 3905 iiber
1300 3849 1422 3903 walcheri
1444 3847 1541 3902 Cicero
1562 3851 1596 3903 ud

293 3931 417 3985 Atticum
431 3931 544 4001 v1,1,8
567 3931 702 3987 schreibt:
724 3931 776 3986 lile
797 3949 861 3986 vero
882 3939 947 3986 ante
968 3933 1204 3987 decemuirosuon
1225 3930 1288 3996 fuit,
1308 3930 1412 4000 quippe
1432 3929 1478 3999 qrri
1500 3929 1598 3985 aorhiis

292 4011 395 4065 eurulis
418 4011 510 4082 fuerit,
533 4013 580 4083 qni
603 4013 780 4084 magistratus
798 4013 893 4066 multis
914 4011 994 4066 annis
1009 4018 1073 4082 post
1093 4009 1417 4065 decemvirosinstit-utns
1442 4018 1491 4069 est..
1535 4009 1596 4063 Van

293 4092 525 4150 ebendernseiben
547 4099 608 4164 sagt
627 4092 725 4146 Sextus
747 4091 919 4162 Pomponius
939 4093 985 4160 11111
996 4109 1038 4144 ser
1060 4092 1096 4144 ist
1117 4091 1179 4144 hier
1198 4108 1250 4144 ron
1268 4089 1376 4143 Mutian
1400 4091 1537 4161 geureintt
1559 4091 1595 4143 irn

292 4171 486 4226 Euchiridion:
509 4173 610 4228 Postea
632 4191 694 4228 eum
717 4172 825 4242 Appius
841 4170 973 4226 Claudius
994 4171 1182 4242 proposuisset
1202 4177 1231 4224 et
1251 4171 1286 4224 ud
1306 4169 1423 4224 fomranr
1446 4171 1597 4241 reriegisset

294 4254 343 4306 hus
364 4251 495 4321 actiones,
516 4252 629 4309 Gnaeus
642 4253 753 4308 Flavius
775 4252 866 4306 scriba
887 4251 946 4305 eius
961 4251 1085 4306 libertini
1106 4249 1180 4305 fitius
1202 4251 1363 4321 subreptum
1379 4251 1479 4304 librum
1493 4251 1598 4321 populo

293 4332 406 4386 tradidit
427 4340 455 4387 et
475 4335 543 4388 adro
564 4340 672 4405 gratum
685 4333 740 4387 fuit
757 4330 786 4384 id
809 4333 1032 4401 munuspopnh,
1054 4338 1085 4385 ut
1104 4331 1233 4386 tribunus
1247 4331 1338 4401 piebis
1357 4329 1437 4386 tieret
1448 4339 1477 4385 ot.
1488 4337 1598 4385 senator

291 4419 320 4466 ut
340 4412 437 4467 aedilis
461 4414 569 4468 cumulis.
610 4413 665 4466 iiie
686 4413 770 4480 iiber,
791 4411 838 4482 qni
861 4411 985 4465 actiones
1006 4412 1144 4486 terminet,
1166 4412 1321 4481 appellatus
1342 4412 1385 4465 ius
1406 4412 1487 4466 civile
1507 4411 1597 4464 Flavi·

292 4511 356 4547 rnnn
441 4511 502 4548 rrarn
525 4491 834 4548 necGnaeinsFlavius
854 4493 888 4545 de
910 4509 959 4545 suo
981 4492 1129 4562 quiequam
1143 4492 1245 4547 adierit·
1260 4492 1339 4546 libro.
1370 4490 1596 4562 Digesiai.2.7.

355 4569 369 4612 ὓ
392 4573 635 4629 Wahrseheinlieh
655 4575 737 4642 jener
748 4570 822 4642 Alte,
842 4572 962 4627 weieber
981 4573 1042 4626 dem
1057 4572 1182 4642 Spalatin
1202 4591 1233 4626 so
1244 4572 1443 4626 rielVerdrnas
1455 4570 1597 4626 bereitete.
