3625 5192
634 377 723 432 Briefe
742 375 861 431 Mutiaus
880 377 939 433 624,
959 376 1018 429 625.
1150 339 1153 350 ’
1429 377 1479 430 307

176 525 409 590 liberalissimis
430 534 466 589 et
483 526 714 591 laudatissimis
733 524 932 609 principibus
952 526 984 587 in
1006 544 1126 589 summo
1148 543 1250 588 rerum
1270 523 1407 588 omnium
1429 525 1481 589 de-

175 627 258 691 lectu
281 647 357 711 prae
380 628 543 693 anxietate
563 629 651 692 mori.
693 628 777 692 Nam
798 646 871 692 mea
891 628 1030 708 ingenua
1053 627 1242 711 simplicitas
1263 626 1378 692 studiis
1398 634 1480 693 tran-

176 729 393 811 quillissimis·
419 729 530 794 dedita
557 749 620 794 non
648 731 751 813 potnit
778 729 901 826 aliquid
932 728 1007 792 mali
1036 729 1207 812 suspicari,
1235 729 1294 794 etsi
1320 749 1360 794 ex
1382 731 1483 796 literis

176 837 208 896 et
229 850 373 896 sermone
394 831 708 912 prudentissimorum
730 849 950 913 cognoscerem
971 831 1095 913 imperii
1117 831 1265 896 civitates
1284 832 1415 896 occultis
1436 832 1481 895 in-

176 933 268 998 sidiis
296 941 328 997 et
353 933 436 998 dolis
461 954 518 1018 per
545 934 683 1018 speciem
712 934 873 1015 evangelii
901 933 1055 1016 instigare
1081 933 1229 997 rusticam
1251 933 1482 999 multitudinem

177 1042 209 1099 et
230 1035 318 1099 miris
339 1035 461 1099 artibus
471 1035 710 1133 {adiuvantibus
730 1004 991 1150 Iudaeidpconari
1012 1036 1199 1117 extinguere
1224 1035 1431 1119 principaleis
1452 1045 1483 1100 et

175 1136 327 1201 illustreis
356 1136 497 1202 familias
525 1143 556 1202 et
586 1157 651 1202 ona
682 1157 752 1202 cnm
783 1137 942 1221 episcopis
971 1139 1148 1221 opprimere
1180 1138 1261 1202 velle
1290 1157 1353 1203 non
1383 1139 1483 1203 solum

125 1253 129 1261 ’
175 1239 387 1322 episcopatus,
409 1238 584 1304 sedetiam
606 1240 804 1324 principatus
823 1239 953 1320 omneis,
982 1247 1017 1303 ut
1040 1238 1162 1304 scilicet
1182 1239 1326 1322 exemplo
1349 1239 1483 1305 Veneto-

176 1359 243 1402 rum
264 1347 297 1404 et
317 1340 517 1422 antiquorum
529 1342 719 1406 Graecorum
731 1342 894 1424 popularis
917 1347 1018 1406 status
1030 1347 1061 1404 et
1072 1340 1265 1406 democratia
1276 1343 1482 1424 praevaleret.

175 1445 276 1506 Acntc
297 1444 481 1507 nronentnrb
508 1462 610 1523 neque
630 1444 753 1508 ratione
771 1441 896 1519 careni,
924 1443 978 1523 qui
997 1449 1127 1507 censent
1150 1443 1243 1506 istam
1265 1442 1368 1525 plebis
1389 1443 1483 1508 licen-

175 1545 252 1608 tiam
282 1545 368 1609 nullo
394 1545 487 1610 modo
509 1545 673 1610 ferendam
704 1565 774 1611 esse
796 1544 1003 1628 principibus,
1027 1564 1096 1609 cum
1119 1544 1263 1609 diversus
1285 1545 1326 1608 sit
1347 1564 1385 1609 ac
1405 1565 1483 1610 sem-

174 1665 232 1730 per
260 1647 354 1710 luerit
381 1647 516 1712 testibus
542 1647 740 1731 pbilosophis
768 1653 800 1711 et
824 1647 984 1714 historicis
1010 1652 1073 1709 tam
1101 1647 1226 1728 graecis
1252 1666 1347 1728 quam
1375 1647 1483 1711 latinis

175 1747 354 1832 principum
374 1749 576 1833 splenderet
597 1750 705 1834 populi
725 1749 903 1829 civiumque
924 1755 1033 1813 status.
1066 1749 1175 1829 ltaque
1192 1750 1323 1812 orednnt
1338 1767 1392 1812 eos
1405 1749 1483 1825 l'alli,

176 1849 231 1930 qui
258 1851 440 1916 existiment
460 1852 502 1914 ad
523 1851 640 1916 clerum
660 1858 782 1916 tantum
804 1851 1045 1935 opprimendum
1063 1849 1274 1915 debacchari⁶
1295 1851 1483 1914 tumultuan-

174 1951 237 2016 teis
257 1953 403 2027 rusticos,
430 1973 501 2017 cum
528 1973 590 2017 uon
614 1954 718 2018 minus
741 1955 860 2017 astutia
884 1952 1096 2035 imperialium
1117 1951 1282 2016 civitatum
1308 1958 1423 2034 agatur
1443 1953 1483 2018 dc

176 2053 299 2117 iactura
319 2060 352 2118 et
373 2053 489 2118 damno
510 2054 606 2119 totius
621 2055 757 2138 imperii,
778 2053 839 2119 boc
858 2061 917 2133 est,
938 2053 1166 2134 deturbandis,
1190 2054 1354 2130 vexandis,
1376 2055 1483 2137 exagi-

176 2154 284 2219 tandis
306 2156 515 2238 principibus,
536 2175 615 2239 quos
637 2157 691 2221 isti
712 2164 902 2220 mercatores
921 2174 979 2239 per
1000 2163 1189 2220 contemtum
1207 2174 1310 2220 meros
1331 2163 1483 2240 tyrannos

176 2257 348 2340 appellant.
379 2257 450 2322 Non
471 2259 592 2339 dubito,
613 2257 984 2343 princepsintegerrime,
1005 2257 1080 2339 quin
1097 2257 1213 2337 omnia,
1235 2276 1317 2339 quae
1340 2257 1484 2323 accidere

177 2361 338 2439 possum¹¹‚
359 2379 417 2441 pro
438 2361 566 2425 coelesti
590 2367 643 2424 tuo
664 2360 793 2442 iugenio
814 2369 847 2424 et
867 2360 979 2423 divina
1000 2359 1128 2422 solertia
1148 2360 1227 2424 satis
1248 2367 1280 2422 et
1298 2359 1371 2444 plus
1389 2379 1483 2442 quam

177 2461 296 2523 caeteri
317 2461 487 2543 intelligas.
529 2463 641 2545 Neque
661 2462 729 2527 lieri
750 2469 867 2547 potest,
897 2463 973 2543 quin
995 2461 1149 2544 plurimae
1170 2463 1325 2542 civitates,
1357 2462 1484 2545 plurimi

179 2560 341 2644 principes
366 2561 472 2628 domui
500 2571 572 2628 tuae
599 2566 731 2629 threant
755 2571 787 2629 et
813 2564 894 2628 bene
920 2563 1027 2629 velint.
1078 2563 1189 2628 Manus
1219 2583 1326 2628 eorum
1357 2565 1484 2647 omuino

176 2661 379 2727 formidanda
400 2671 458 2745 est,
478 2667 532 2747 qui
554 2667 640 2731 nullo
661 2665 812 2745 consilio,
832 2666 920 2731 nulla
941 2667 1059 2749 pietate
1081 2673 1174 2730 ruunt
1197 2665 1240 2730 ad
1261 2685 1352 2730 omne
1372 2666 1484 2732 scelus.

178 2764 289 2844 Neque
314 2763 398 2826 enim
428 2764 478 2826 vis
505 2764 672 2847 imperitae
699 2767 911 2833 multitudinis
936 2767 1033 2832 semel
1061 2769 1200 2832 excitata
1223 2766 1363 2832 cohiberi
1390 2769 1485 2834 laoile

177 2865 301 2948 poterit.
341 2864 425 2930 Novi
447 2885 550 2929 rerum
572 2867 779 2934 humanarum
801 2869 1052 2942 vicissitudines,
1085 2870 1159 2934 novi
1181 2870 1324 2942 incursus
1343 2870 1485 2936 l'ortunae

177 2967 341 3031 variantis.
391 2967 508 3033 Omnia
532 2969 650 3034 babent
677 2990 767 3036 sunm
797 2972 962 3051 circulum,
994 2990 1083 3036 suoru
1117 2972 1231 3051 l'atorn,
1261 2991 1349 3036 suum
1378 2974 1485 3037 iuteri-

177 3076 253 3133 tum.
294 3068 365 3132 Non
393 3075 440 3132 est
466 3070 655 3136 credendum
684 3073 801 3157 populo
825 3092 952 3138 vesano.
1000 3073 1092 3150 Quod
1121 3075 1149 3138 si
1174 3075 1396 3138 canonicorum
1425 3076 1484 3138 col-

178 3168 349 3251 legistam
380 3170 571 3236 biscnnacbi
601 3193 695 3256 quam
717 3177 842 3242 Gothae
867 3195 1027 3258 nunqnam
1054 3177 1117 3240 sint
1137 3182 1359 3257 resurrectura,
1390 3177 1485 3240 liceat

177 3278 243 3335 tum
265 3273 344 3336 mibi
363 3274 600 3357 simplicissimo
630 3284 662 3341 et
683 3278 778 3344 valde
795 3277 938 3343 infirmor
965 3279 997 3342 in
1028 3276 1089 3341 hac
1117 3277 1363 3358 tranquillitate,
1392 3297 1485 3360 quam

178 3373 275 3452 emi,1
308 3394 402 3456 quarn
424 3376 514 3441 libris
535 3379 657 3459 ornavi,
678 3399 773 3461 quam
792 3380 969 3472 senectutis*
983 3399 1074 3446 meae
1095 3379 1285 3444 tutissimum
1306 3387 1486 3464 receptacu-

249 3517 323 3569 Ἥ
342 3525 527 3585 tnuquiuimis.
617 3511 716 3576 bcao.
737 3534 875 3577 moventur.
967 3529 1042 3574 cra
1059 3528 1202 3576 aenaeum.
1292 3512 1366 3574 irs
1382 3529 1485 3590 posunt

70 3599 72 3603 '
179 3587 190 3611 ⁰
212 3593 246 3638 Ta
266 3593 359 3642 infimo.

182 3855 234 3911 wie
255 3855 286 3913 R
308 3854 338 3910 C.
360 3855 394 3911 G.
420 3857 492 3913 auch
518 3876 568 3913 aus
594 3860 642 3914 des
667 3859 868 3916 Melanchthon
888 3860 1034 3916 bedenken
1057 3857 1184 3916 befinden
1206 3861 1328 3932 werden,
1354 3862 1402 3917 dus
1423 3879 1487 3918 man

180 3953 211 3990 so
245 3936 450 3992 erschreolrlich
481 3939 533 3992 mit
563 3940 616 3994 den
648 3941 742 3995 lenton
768 3943 888 3996 handeln
918 3941 971 3996 soll
996 3940 1048 3994 mit
1075 3941 1246 3996 ausstreiben
1275 3949 1328 4001 etc.
1376 3943 1487 3998 Jobann

185 4017 296 4072 machte
318 4018 391 4072 denn
411 4019 498 4087 auch,
527 4019 678 4092 allerdings
695 4027 752 4075 eret
770 4021 809 4076 im
829 4021 960 4092 Anfange
980 4022 1029 4075 des
1049 4021 1184 4076 nilchsteu
1206 4023 1317 4092 dabres,
1344 4024 1407 4078 dem
1429 4023 1489 4077 Mu-

184 4096 242 4150 tian
271 4096 316 4150 ein
340 4097 527 4154 bedentcndes
547 4097 761 4172 Geldgeschenlr
780 4120 833 4156 uon
856 4101 1044 4165 acesinen,
1070 4101 1121 4155 wie
1140 4102 1190 4155 wir
1209 4119 1258 4156 aus
1283 4103 1373 4157 ciuem
1396 4101 1489 4157 Briel'e

182 4175 291 4231 Urbana
317 4177 465 4245 (Derselbe
492 4179 530 4234 ist
557 4180 694 4235 ebcnfalls
721 4183 794 4237 noch
821 4182 901 4238 nicht
928 4181 1052 4236 bekannt
1077 4183 1237 4252 gewordenq
1266 4199 1296 4236 er
1318 4183 1385 4237 wird
1405 4184 1490 4237 daher

183 4256 244 4310 bier
263 4256 304 4310 als
325 4255 439 4329 Beiluge
461 4258 478 4310 2
501 4259 653 4330 gegeben),
679 4263 803 4316 erseben.
849 4263 948 4317 dusius
973 4260 1083 4316 Meuius
1108 4261 1156 4316 bat
1183 4263 1236 4316 den
1257 4261 1420 4333 Myconius,
1444 4264 1489 4318 die
1548 4289 1551 4294 Δ

184 4335 293 4390 Bauern
320 4355 369 4390 zur
392 4338 519 4410 Zablung
547 4340 596 4394 des
623 4341 821 4411 gescbuldeteu
844 4342 969 4398 Zehntcu
998 4359 1033 4396 au
1060 4341 1153 4396 seineu
1179 4341 1269 4397 Onkel
1295 4361 1328 4398 zu
1349 4343 1488 4416 bewegen.

162 4417 165 4422 ’
182 4415 278 4486 (Siche
299 4415 421 4489 Beilage'
435 4417 477 4486 3.)

247 4513 349 4571 lDies
377 4519 443 4573 uird
468 4520 496 4574 in
524 4522 600 4577 cincr
625 4521 760 4578 Urlrundc
786 4542 849 4578 vom
877 4524 902 4579 b.
920 4525 996 4578 littra
1020 4525 1094 4578 1523
1122 4523 1260 4598 (Herzogl.
1281 4526 1367 4585 Goth.
1386 4527 1489 4582 Archiv

37 4623 44 4630 -
115 4604 118 4608 *
182 4595 234 4652 no.
250 4596 320 4668 atq
340 4599 481 4672 semtrgs

1233 4704 1288 4756 20*
