3625 5192
296 325 313 379 8
665 330 925 399 Geschicbtsqnellcn
942 330 991 385 der
1007 330 1084 383 Pron.
1103 328 1228 386 Sacbscn.

295 481 429 547 miliaria
449 480 582 546 studiosi
604 487 636 545 et
655 480 752 546 avidi.
794 478 900 543 Etiam
921 478 955 560 ii,
976 479 1030 560 qui
1046 475 1222 541 ascendunt
1236 476 1279 541 ad
1299 476 1434 557 gradum
1455 476 1604 552 doctoris,

295 602 357 649 non
386 590 451 647 tam
471 582 572 665 glorie
598 590 630 648 ct
656 582 832 663 integritati
857 600 951 663 quam
981 578 1170 663 compendio
1197 597 1254 645 suo
1279 579 1406 645 studere
1427 580 1575 645 videnlur
1586 584 1606 642 1.
1640 608 1652 627 v

297 684 409 767 ltaque
434 704 491 751 nos
517 704 674 769 pauperes
703 694 736 749 et
771 684 954 749 innocentes
980 682 1107 765 publice
1127 700 1236 746 snmus
1255 682 1358 747 odiosi
1382 688 1413 746 et
1442 683 1533 749 litere
1552 682 1607 747 bu-

297 787 454 853 mauiores
486 794 599 853 sortem
626 788 710 852 male
738 784 890 851 audiendi
917 784 1061 850 subeunt.
1103 784 1202 866 Virgo
1222 783 1342 849 nubilis
1366 790 1399 848 et
1419 784 1556 851 l'ormosa
1576 794 1608 850 et

297 890 387 956 cuius
414 890 566 974 precipue
593 888 651 954 dos
677 894 725 954 est
750 894 860 954 sancta
881 887 1055 971 pudicicia,
1085 886 1180 951 lacile
1207 886 1387 953 collocatur.
1428 888 1472 951 At
1496 893 1606 951 contra

297 990 416 1057 accidit
444 991 565 1057 erudite
585 991 746 1057 vetustati.
794 989 948 1069 Quamvis
972 989 1058 1053 euim
1086 988 1144 1054 hec
1169 987 1236 1052 filia
1257 996 1365 1054 nostra
1391 989 1493 1073 proba
1513 990 1556 1054 sit
1575 995 1607 1054 et

297 1093 401 1159 nitida
432 1101 464 1159 et
497 1093 733 1159 circumamicta
758 1092 914 1157 varietate
944 1089 1171 1174 pulcherrima,
1202 1110 1294 1156 nemo
1325 1099 1430 1157 tamen
1459 1098 1524 1172 est,
1552 1091 1606 1173 qui

297 1202 387 1281 petat
409 1196 569 1261 danicam
592 1195 654 1261 sibi
676 1195 709 1259 in
730 1193 974 1260 matrimonium.
1016 1192 1098 1258 Tota
1119 1193 1252 1277 pulchra
1272 1212 1321 1266 es,
1347 1193 1452 1259 amica
1473 1213 1553 1275 mea,
1575 1197 1607 1259 ct

297 1300 422 1365 nracnla
443 1318 506 1363 non
527 1304 575 1364 est
596 1298 629 1363 in
651 1304 681 1362 te
708 1303 739 1362 et
760 1302 866 1362 tamen
887 1294 1057 1361 illocabilis
1077 1302 1109 1360 et
1136 1294 1179 1360 ab
1203 1294 1459 1361 adulescentibus
1489 1302 1606 1380 preter-

297 1402 343 1467 ita
371 1419 480 1466 manes
512 1399 598 1485 apud
634 1419 700 1466 nos.
749 1398 850 1465 Nemo
871 1406 934 1480 est,
962 1398 1016 1481 qui
1046 1398 1155 1482 cupiat
1180 1397 1376 1483 prehendere
1396 1398 1556 1464 amiculas
1576 1405 1608 1463 ct

296 1502 459 1586 adequare
485 1502 604 1568 labella
632 1501 768 1568 labellis.
816 1500 866 1566 Ad
900 1500 1098 1583 qnestuarias
1128 1500 1235 1584 lunas,
1265 1500 1324 1565 hoc
1356 1507 1405 1566 est
1431 1499 1605 1565 altercandi

297 1612 391 1685 artes,
415 1606 558 1670 certatim
571 1606 717 1671 iuventus
736 1601 866 1669 confluit
888 1622 947 1668 nec
965 1602 1054 1667 videt
1074 1602 1164 1669 labes
1184 1601 1304 1669 violate
1325 1602 1484 1687 pudicicie
1503 1622 1607 1685 neque

297 1708 394 1772 sentit
419 1706 526 1773 ledum
553 1706 706 1771 meritorii
735 1705 829 1771 scorti
864 1704 1001 1770 odorem.
1056 1704 1121 1770 Sed
1151 1705 1231 1771 forte
1261 1704 1442 1770 dissimulat
1471 1712 1503 1770 et
1534 1724 1604 1770 cum

301 1808 519 1892 Vespasian02
548 1810 600 1875 vel
633 1809 748 1874 clotio
783 1814 967 1889 congestam
1000 1807 1165 1889 pecuniam
1196 1826 1258 1871 non
1290 1813 1401 1891 putere
1425 1806 1604 1872 arbitratur.

297 1910 387 1978 Adeo
414 1910 516 1977 dulcis
537 1918 585 1977 est
602 1912 671 1975 auri
694 1930 786 1976 sacra
809 1910 941 1975 lames³
986 1907 1215 1975 Themistocles
1237 1910 1419 1991 exagitatus
1447 1927 1469 1972 a
1493 1915 1608 1974 cuncta

297 2012 410 2078 Gracia
433 2012 474 2076 ad
492 2014 707 2079 Araxenon
729 2013 761 2077 in
778 2012 909 2078 Perside
929 2012 1017 2076 venit
1037 2011 1235 2093 donatusque
1250 2017 1299 2075 est
1316 2010 1359 2076 ab
1379 2030 1418 2078 eo
1440 2010 1608 2094 Magnesia

297 2114 471 2197 Lamsaoo,
499 2114 671 2195 Miunthel,
693 2116 793 2181 tribus
816 2134 879 2180 non
900 2113 1139 2179 contemnendis
1161 2112 1304 2193 urbibus,
1328 2132 1399 2179 cum
1423 2113 1473 2178 bis
1492 2113 1608 2193 verbis,

298 2221 332 2281 ut
351 2217 455 2300 prima
481 2236 611 2301 panem,
642 2216 930 2297 secunderinum,
957 2216 1058 2282 tercia
1077 2215 1242 2282 obsonium
1264 2216 1442 2300 preberet.4
1487 2215 1606 2299 Magna

296 2336 375 2384 sane
395 2318 455 2383 bec
475 2326 547 2383 sunt
569 2326 601 2385 et
616 2320 723 2401 opima
744 2318 907 2385 beneficia.
950 2317 1014 2385 Sed
1035 2318 1272 2384 Bartholus⁵
1293 2326 1325 2384 et
1343 2319 1605 2403 Speculator,⁶

298 2440 406 2502 regum
428 2440 529 2503 reges,
550 2423 692 2504 gentium
711 2428 742 2487 ct
759 2422 944 2505 populorum
961 2421 1090 2504 domiui,
1110 2421 1233 2487 maiora
1249 2427 1401 2505 prestant.
1435 2420 1605 2503 Vergilius,

298 2522 423 2603 Cicero,
451 2522 562 2589 Livius
588 2524 729 2589 esuriunt
749 2524 826 2589 nudi
853 2543 912 2590 nee
939 2524 1057 2589 victum
1092 2543 1152 2590 nec
1177 2524 1326 2591 vestitum
1351 2543 1410 2589 nec
1437 2523 1605 2589 calciatum

297 2624 500 2707 elargiuntur.
547 2626 618 2705 Qua
645 2646 688 2706 re,
710 2627 738 2691 si
760 2626 899 2702 videtur,
926 2644 1078 2710 promove
1107 2626 1149 2691 ad
1177 2626 1250 2692 lites
1271 2633 1303 2691 ct
1324 2627 1427 2693 scribe
1453 2626 1605 2696 formulas

187 2718 190 2727 '
296 2726 472 2793 illiteratus.
514 2728 597 2793 Naar
618 2729 680 2793 nisi
706 2735 812 2795 noster·
838 2728 1017 2795 Urbanus
1039 2734 1070 2795 te
1090 2729 1220 2795 novitiis
1240 2728 1520 2795 contubernalibus
1540 2730 1606 2795 suis

296 2829 478 2914 profecerit,
506 2828 590 2894 rrndc
611 2832 707 2895 miser
727 2830 833 2913 vives,
855 2831 947 2897 homo
969 2830 1069 2910 lidus,
1094 2837 1213 2907 certus,
1234 2832 1375 2898 amicus?
1416 2830 1481 2896 Sed
1502 2832 1605 2897 habeo

297 2930 462 2998 consilium
484 2932 588 3013 aliud,
617 2951 678 3015 quo
699 2938 731 2999 te
752 2932 924 3018 impertiar.
965 2934 1116 2998 Animum
1136 2934 1279 2999 attende:
1302 2934 1426 3000 Felices
1447 2941 1528 3008 sunt,
1550 2933 1605 3017 qui

297 3052 366 3099 cum
394 3034 462 3100 Deo
489 3034 608 3100 habent
635 3034 858 3100 commertium.
900 3034 1001 3117 Quid,
1028 3054 1142 3118 queso,
1178 3034 1269 3101 deest
1301 3036 1442 3120 phanum
1475 3036 1604 3102 deorum

297 3136 476 3201 ceremonia
498 3135 697 3202 colentibus?
739 3136 922 3202 Beatissimi
940 3142 1021 3219 sunt
1034 3138 1229 3218 sacerdotes,
1252 3138 1366 3221 quibus
1387 3137 1554 3203 extundis
1575 3144 1607 3204 et

297 3238 384 3320 agris
411 3239 528 3305 Christi
555 3238 685 3305 multum
712 3238 795 3305 redit
815 3239 996 3321 quotannis
1042 3240 1153 3322 ltaque
1180 3242 1207 3306 si
1243 3248 1348 3306 cetera
1382 3240 1607 3325 displicebunt,

368 3373 425 3429 ⁰1⁴¹.
446 3382 597 3429 Artaxansen.
670 3364 726 3428 h1⁴.
746 3380 854 3429 Minthe.

364 3598 505 3657 llluuan
544 3604 652 3659 scheint
683 3604 748 3658 hior
792 3606 845 3658 don
879 3604 1005 3659 anurtor
1041 3603 1185 3659 Professor
1219 3604 1343 3659 ,lodocns
1371 3602 1527 3659 Trutfel-ter
1552 3624 1606 3660 von

298 3682 451 3753 Eiscnach,
477 3683 526 3737 der
548 3682 625 3737 1504
649 3684 757 3739 Doclor
778 3686 827 3739 der
849 3685 1004 3756 Theologie
1024 3685 1170 3756 gewordeu
1194 3702 1262 3755 war,
1289 3684 1328 3737 im
1350 3681 1430 3756 Ange
1452 3703 1484 3738 zu
1506 3686 1605 3741 baben.

297 3762 527 3819 Ebsudonselbcn
559 3764 736 3837 bosclmldigt
765 3782 795 3819 or
823 3766 894 3820 arach
920 3772 998 3821 sonat
1028 3766 1077 3819 dor
1101 3764 1317 3835 schmntaigsteu
1345 3763 1485 3837 Geldgier.
1540 3766 1607 3839 Vgl.

297 3844 368 3976 {ibor
387 3842 496 3977 ilulrsslli(¹5
511 3844 591 3900 Plitt.
608 3845 732 3901 Judocus
753 3845 907 3901 Trutfettsr
933 3863 986 3901 voa
1009 3846 1162 3913 Eisonach,
1189 3846 1238 3899 dcr
1258 3844 1364 3899 Lohrcr
1384 3845 1513 3906 Luthors.
1554 3846 1602 3901 Er·

308 3940 398 3995 angon
499 3968 505 3978 .

358 4016 454 4092 2Vgl,
478 4020 590 4079 Sueten.
631 4022 784 4093 Vespasian
796 4022 842 4080 23.

361 4112 459 4191 ³vgr.
480 4118 552 4175 Aen.
573 4120 627 4191 111,
638 4120 683 4175 os.

360 4210 458 4289 4Vgl.
482 4215 589 4273 Cornel.
611 4218 682 4291 Nep,
704 4219 883 4275 Themistocl.
906 4238 928 4275 c
948 4220 994 4274 10.

361 4308 546 4371 ⁵Bartlrolns
571 4334 625 4372 ron
659 4316 845 4387 Saxofcrrato,
878 4317 970 4374 lurist
995 4319 1044 4373 des
1068 4317 1112 4373 14.
1134 4318 1245 4388 Jahrb,
1271 4319 1369 4373 descen
1395 4316 1514 4374 Glosson
1543 4338 1605 4373 zum

298 4392 405 4467 Corpus
426 4394 494 4450 iuris
516 4396 597 4470 lange
618 4397 679 4453 Zcit
698 4398 728 4452 in
749 4399 850 4453 hohem
871 4396 1004 4453 Anseben
1025 4400 1149 4455 standan.

361 4486 376 4531 6
395 4492 553 4549 Guilelmus
567 4494 696 4565 Duranti,
715 4494 920 4553 derverfasscr
932 4496 980 4553 des
994 4496 1286 4571 speculumiudicialc.
1313 4494 1389 4569 Vrgl.
1401 4495 1483 4551 Hain.
1502 4496 1606 4573 Reper-

298 4573 406 4631 torinm.
429 4572 479 4631 No.
491 4572 710 4635 unul-6517.
