3625 5192
647 377 734 429 liriei'e
753 376 872 430 Martiana
890 379 950 430 625.
966 379 1024 430 626.

587 532 688 590 Beilage
707 532 732 579 8.
763 532 846 587 (Sielru
863 533 962 579 Animi}
981 529 1007 581 S.
1017 533 1086 587 366.)
1176 559 1179 566 ⁴

996 631 1124 695 Erlurt
1146 636 1232 698 1525.
1263 633 1338 698 Jrrni
1359 635 1406 697 24.

265 745 427 810 Fn'derieo
449 745 596 829 Myeenio
617 767 674 811 suo
696 747 800 810 lustus
822 747 953 811 Meuius

264 847 335 910 Non
361 847 479 926 eredes,
502 868 595 929 (puram
617 849 670 912 vix
699 849 852 931 potuerim
875 850 1063 913 avuneulunr
1094 871 1114 912 a
1136 851 1297 933 proposito
1320 851 1488 930 retrabere,

184 949 251 1030 qui,
281 950 386 1030 gratia
413 951 552 1032 superis,
581 951 776 1033 persuasisse
802 970 894 1034 spero
921 971 971 1016 nre
998 952 1115 1015 homini
1143 971 1206 1014 renr
1237 952 1339 1016 arnioe
1360 952 1489 1016 tandem

185 1053 329 1134 componi
353 1061 386 1116 ut
407 1053 500 1127 sinat,
523 1050 616 1115 modo
640 1073 697 1135 per
717 1053 852 1118 arbitros
872 1051 1073 1125 aaronem
1095 1052 1246 1134 quosdam
1270 1054 1351 1117 eitra
1378 1053 1488 1117 utrius-

184 1173 244 1234 que
266 1156 366 1237 partis
384 1155 523 1219 favorem
546 1160 667 1234 agatur.
699 1153 769 1235 Ego
790 1162 821 1219 le
842 1154 954 1218 iterum
977 1156 1116 1236 ebsecro,
1137 1162 1171 1219 ut
1191 1155 1219 1220 si
1233 1146 1488 1237 quander'seh-

184 1256 264 1320 berii
288 1255 452 1320 cuiusdam
478 1256 582 1320 eoloni
608 1256 701 1341 eopia
729 1255 866 1336 dabitur,
894 1276 934 1319 ea
961 1255 1001 1321 de
1023 1277 1056 1321 re
1079 1277 1148 1320 eunr
1170 1257 1224 1320 illo
1246 1258 1426 1338 colloquare
1447 1267 1488 1336 et,

182 1358 209 1422 si
231 1357 427 1422 eonrnrodurn
448 1358 620 1422 arbitratus
640 1359 751 1439 fueris,
777 1379 828 1422 me
849 1379 972 1440 querque
994 1358 1163 1423 adseisens.
1206 1363 1308 1441 Agam
1331 1359 1414 1422 enirn
1437 1379 1487 1423 ne-

183 1461 303 1544 gotium
334 1459 473 1524 alienum
510 1461 585 1540 quin
622 1479 723 1525 rneum
763 1461 864 1544 ipsius
893 1463 972 1526 l'orte
1001 1461 1200 1526 moderatius.
1253 1461 1346 1524 Dolet
1376 1462 1489 1542 euique

184 1581 273 1626 suurn
302 1561 532 1626 incommodum
559 1569 591 1625 et
617 1569 704 1626 nstns
731 1561 846 1625 dieitur
872 1561 1017 1627 flammas
1048 1561 1172 1626 horrere
1204 1583 1288 1645 puer.
1322 1562 1375 1626 'ld
1404 1562 1488 1644 qrrod

183 1665 255 1728 ideo
276 1663 358 1744 dieo,
380 1684 441 1742 ouo
462 1663 611 1729 avunculi
632 1664 900 1743 importunitatem
916 1665 1001 1746 51551
1018 1674 1049 1729 te
1070 1666 1329 1746 utrunqueetiam
1342 1683 1487 1728 excusem

183 1773 238 1832 aut
258 1773 342 1829 eerte
365 1765 516 1846 mitigem.
558 1765 608 1829 De
630 1785 701 1830 nrea
722 1772 851 1830 estnon
875 1767 980 1846 miti03
1009 1786 1042 1830 se
1064 1767 1168 1848 sentit,
1191 1785 1226 1832 se
1247 1767 1313 1830 vult
1335 1766 1486 1849 adeoque,

182 1867 265 1950 quod
287 1867 349 1932 sibi
371 1867 573 1948 adversatur,
595 1867 671 1931 odit.
715 1867 751 1930 ld
773 1887 847 1932 vero
867 1868 932 1933 edii
955 1869 1053 1932 latere
1073 1889 1134 1932 nen
1159 1870 1235 1934 sinit
1256 1871 1411 1949 gerrninns
1439 1890 1487 1933 ea·

182 1970 236 2035 lor.
279 1969 362 2046 Quid
394 1968 515 2033 1551152
556 1969 656 2033 Homo
678 1975 739 2047 est,
777 1969 913 2034 humano
942 1989 1027 2034 more
1054 1978 1084 2033 et
1114 1971 1210 2035 sentit
1237 1978 1269 2034 et
1295 1973 1431 2052 loquitur
1457 1980 1489 2036 et

182 2071 259 2153 agit.
307 2073 356 2135 Tu
387 2072 494 2153 itaque
522 2091 578 2153 per
605 2091 667 2151 nre,
692 2089 749 2154 per
774 2079 913 2134 nostram
941 2071 1115 2136 anrieiliam
1142 2078 1289 2136 exoratus
1316 2090 1375 2154 age
1402 2071 1488 2155 apud

182 2174 317 2238 rustieos
343 2191 477 2238 messem
504 2173 660 2237 avuneulo
689 2173 843 2256 integram
872 2175 1031 2257 impetres.
1074 2175 1128 2237 Sia
1153 2173 1294 2256 utrisque
1315 2174 1489 2237 eonsultunr

183 2276 222 2338 iri
235 2295 337 2358 spero,
360 2282 465 2339 noster
485 2281 570 2340 eerte
590 2277 787 2339 mitescet-et
808 2275 852 2338 illi
877 2275 1050 2340 acerrsandi
1073 2279 1121 2340 sni
1144 2295 1256 2340 ansam
1277 2295 1399 2339 omnem
1422 2275 1490 2340 adi-

182 2386 269 2441 51551
297 2375 425 2440 offenso.
474 2377 603 2440 Summa
629 2395 690 2459 age
717 2383 886 2457 metamus,
912 2377 995 2456 quod
1024 2378 1259 2443 seminavimus.
1302 2375 1392 2454 Quod
1420 2375 1489 2440 reli-

181 2499 276 2561 quum
299 2485 354 2560 est,
375 2497 433 2561 per
454 2486 485 2543 te
507 2497 625 2559 nosque
644 2478 732 2561 ipsos
754 2479 834 2563 eitra
855 2479 1002 2542 avrrneuli
1025 2499 1153 2563 operam
1174 2480 1398 2560 transigemus,
1427 2477 1496 2540 non'

182 2589 213 2644 le
232 2579 405 2644 deterrebit
427 2579 571 2644 hominus
599 2579 731 2659 duritia,
759 2579 813 2644 sed
836 2601 875 2644 eo
898 2581 1002 2662 magis
1024 2587 1054 2645 te
1076 2586 1202 2662 urgeat,
1229 2588 1262 2645 ut
1282 2581 1406 2660 subeas,
1428 2600 1489 2661 qao

181 2682 272 2747 vides
293 2682 548 2765 periculosiorem
570 2681 714 2761 utrinque
735 2700 947 2762 congressum.
987 2683 1071 2764 Age,
1100 2683 1142 2748 uri
1164 2689 1340 2766 compater,
1369 2701 1426 2766 per
1447 2686 1488 2760 te,

181 2791 332 2866 quantuni
353 2783 481 2866 poteris,
502 2782 582 2846 bene
603 2783 645 2847 sit
665 2782 805 2863 utrisque
827 2789 883 2846 ant
902 2790 986 2847 eerte
1008 2785 1111 2847 minus
1133 2785 1224 2850 male.

262 2885 426 2969 Oeyssime
447 2883 556 2949 datum
575 2883 774 2968 Erplnndiae
795 2883 848 2948 die
871 2884 1023 2949 lobannis
1043 2885 1209 2968 Baptistae
1231 2887 1318 2952 1525.

1100 2987 1231 3051 iustus
1251 2987 1400 3053 Meuius

251 3111 432 3157 ilandsrlrristl.
452 3111 511 3156 Cod.
532 3109 610 3155 chart.
631 3109 707 3155 Goth.
728 3109 829 3154 stols
854 3110 894 3154 iol.
914 3109 956 3154 21.
975 3108 1053 3154 nas.
1074 3131 1106 3140 —
1127 3109 1202 3156 Gedr.
1226 3111 1387 3168 l'nperbnelele
1408 3111 1488 3170 Bricse

182 3197 226 3228 ron
249 3183 331 3228 dotales
350 3182 453 3239 ,111εηί51,
477 3180 599 3238 „asperula
622 3195 667 3225 eon
691 3179 732 3225 Dr.
753 3183 783 3224 (ι’.
802 3179 831 3224 L.
852 3177 959 3223 bblonirlt
983 3179 1008 3222 in
1034 3179 1148 3224 liiserrnrlr
1173 3180 1197 3224 iu
1222 3181 1265 3224 der
1285 3181 1424 3239 Zeilselrrr'fl
1447 3182 1489 3226 des

188 3253 279 3297 l'ereinr
290 3251 338 3310 fiir·
356 3252 417 3297 taor,
439 3251 577 3295 (normate
599 3250 649 3294 aad
667 3249 881 3294 allarnorolaonle.
906 3248 969 3293 Neue
991 3250 1070 3306 helpe.
1089 3246 1203 3296 21151111.
1224 3247 1417 3297 ,1.216-217.
1438 3251 1487 3296 Der

183 3323 263 3368 Ilrrrnk
282 3323 347 3368 ocia
364 3321 440 3378 eirrr‘pe
460 3321 543 3365 r'elder
561 3319 613 3378 errf.

183 3507 265 3578 626.
288 3505 331 3572 11.
355 3523 402 3572 55
425 3503 736 3588 5555515115
1035 3503 1182 3586 (Gotho)
1202 3503 1298 3572 1525.
1326 3504 1414 3570 dunl
1430 3506 1488 3576 28.

250 3631 311 3677 blut.
331 3630 449 3676 selrildert
467 3629 522 3675 dern
542 3629 653 3674 Karrzler
677 3627 717 3673 die
735 3627 876 3672 viollnelron
896 3622 1085 3686 Seln'ldigungen
1105 3643 1138 3674 an
1156 3627 1243 3674 soinon
1262 3629 1418 3675 Einklinlton
1438 3629 1489 3675 urld

180 3703 268 3753 bitte-t,
289 3701 332 3746 ibn
356 3706 429 3746 antor
453 3700 507 3744 darn
526 3711 608 3744 neuen
628 3699 734 3744 l‘lirston
752 3697 778 3742 in
798 3697 853 3742 dem
873 3698 971 3742 Bositze
990 3698 1078 3744 dassen
1097 3713 1126 3744 zu
1148 3699 1278 3758 subernon,
1304 3713 1354 3744 urus
1375 3700 1425 3745 llnn
1445 3700 1489 3745 der

181 3774 279 3819 lriibero
297 3771 426 3818 verliolren
445 3771 497 3815 hat.

260 3868 469 3934 Ornatissirno
491 3864 619 3928 domino
640 3885 710 3930 meo
731 3864 922 3928 cancellario
943 3864 1064 3927 doetori
1086 3863 1277 3944 Gregorio
1292 3863 1488 3930 Bruekete.

261 3971 327 4034 Pax
355 3971 427 4032 huie
454 3967 570 4031 domni.
602 3967 635 4029 s'i
660 3967 761 4043 vales,
783 3968 833 4028 rir
853 3965 985 4047 (optime,
1013 3966 1092 4030 bene
1113 3972 1170 4030 est.
1188 4002 1194 4015 ·
1212 3966 1367 4031 Proximis
1389 3967 1489 4030 literis

180 4075 307 4154 signavi
330 4070 559 4136 incommodam
583 4051 726 4132 benefieii
748 4067 789 4131 ad
812 4067 946 4131 senioris
969 4067 1157 4158 dignitatern
1182 4069 1375 4150 pertinentis.
1417 4067 1488 4130 Non

178 4185 228 4241 est
249 4175 333 4256 apud
355 4194 405 4238 rne
426 4173 571 4251 dubium,
596 4171 673 4251 5515
694 4169 792 4233 Leoni
815 4169 1035 4246 mandaveris,
1054 4174 1087 4231 ut
1109 4169 1299 4250 possessoris
1320 4167 1488 4233 temeritati

244 4436 255 4478 ¹
278 4437 512 4492 Knrsaelnisebor
538 4437 657 4490 Kurrzler
687 4441 769 4488 55151
801 4434 941 4488 Friedrich
967 4436 1028 4486 elern
1052 4433 1166 4487 Weisen
1192 4435 1247 4488 und
1273 4434 1366 4487 seinen
1399 4432 1488 4486 115511-

178 4521 299 4591 folgern.
341 4519 413 4573 Dass
434 4536 463 4571 er
484 4518 529 4572 ein
550 4515 942 4582 (165551111511555551,151
963 4514 1136 4585 ausBeilage
1159 4514 1174 4565 1
1200 4515 1256 4568 5511
1278 4515 1295 4566 2
1316 4533 1348 4567 zu
1365 4513 1409 4566 Br.
1430 4511 1488 4565 620

180 4601 264 4656 sowie
286 4617 336 4654 aus
357 4599 403 4653 Br.
417 4599 473 4651 621
499 4597 526 4655 S.
537 4598 595 4650 302
618 4595 727 4650 Anm.2
745 4595 915 4649 ersiebtlieh.
