3625 5192
652 315 741 372 Brisfe
758 315 878 374 Mutiaus
899 314 956 372 143.
978 317 1035 370 144.
1450 315 1502 372 205

190 499 268 568 144.
291 497 334 570 ΙΙ.
357 519 401 567 an
424 497 558 568 liuban.
712 501 958 586 (uotnalnua.
992 501 1091 568 linea
1111 500 1206 568 nucb
1226 499 1309 568 dem
1330 501 1501 589 lasau.)

260 625 321 670 Mur.
340 623 465 670 beriublet
486 625 545 671 iiber
563 624 744 684 diol'orgrrogo
763 625 789 671 iu
809 625 858 670 und
879 626 1099 682 urnlleorgentbal
1120 625 1159 671 bei
1171 627 1335 682 (ieloaonbeit
1356 629 1400 674 der
1410 629 1501 676 lieber-

190 697 338 756 runrpelung
355 695 521 742 dor-Maiuaer
539 697 590 741 rrnd
610 695 723 742 Erl'urter
742 696 819 742 druulr
840 697 1105 754 sill-lusisebo'lrnppen
1126 698 1175 742 rrrrd
1194 698 1312 744 solrildert
1333 699 1402 744 seins
1414 702 1501 760 sigone

190 767 314 811 rnirslielrs
335 767 401 824 laage
420 767 512 811 obenso
532 766 577 811 wic
597 766 641 812 rius
658 765 801 812 Berrolnnon
821 767 910 812 an'oior
930 765 1137 813 Koukurronikor.

271 865 408 928 Hernico
430 863 582 928 Urbano
603 863 763 929 Mutianns
784 864 891 929 Rufus.

270 969 319 1031 Se
362 967 461 1030 Fama
489 967 605 1046 rolat1,
635 973 669 1030 ut
695 967 798 1048 iuquit
824 975 926 1050 pocta.
973 967 1086 1032 Adhuc
1115 968 1146 1032 in
1182 971 1282 1051 portis
1317 971 1502 1038 constiterat

190 1089 320 1152 agmen,
348 1069 475 1152 ‹ruando
503 1071 636 1135 numius
657 1069 798 1134 secunda
819 1053 921 1134 doctis
943 1071 1056 1154 vigilia
1077 1071 1302 1154 proclamarat:
1325 1075 1501 1157 „Vigilate

190 1173 278 1238 uenit
297 1171 527 1256 Er·puurdia“2‚
557 1179 589 1237 et
610 1193 649 1238 ne
669 1173 830 1238 decanus³
852 1181 958 1238 noster
984 1175 1125 1238 strennui
1152 1175 1345 1240 excubitoris
1372 1198 1502 1261 operam

191 1276 294 1339 minus
316 1295 452 1341 narasse
475 1283 646 1359 putaretur,
668 1275 787 1340 excivit
808 1275 1039 1340 domesticatim
1062 1277 1196 1360 poticios
1225 1299 1311 1344 meos
1340 1301 1397 1364 per
1421 1282 1500 1346 iani-

191 1386 288 1442 torem
317 1376 387 1460 edis
416 1367 515 1460 sacre.
565 1379 633 1461 Ego
661 1397 731 1441 oum
759 1379 865 1442 verbis
894 1378 1122 1444 ecclesiasticis
1146 1400 1222 1463 sepe
1249 1390 1395 1465 precatus
1421 1403 1500 1465 soor,

191 1483 253 1562 (est
273 1482 358 1544 enirn
380 1473 519 1546 solennis
542 1483 699 1564 precatio)
730 1487 761 1544 ut
782 1481 880 1546 iaciat
904 1501 962 1547 nos
984 1483 1071 1548 Deus
1091 1483 1173 1547 inter
1195 1504 1346 1567 prospera
1367 1485 1502 1552 humiles

190 1585 241 1648 etb
268 1584 348 1648 inter
373 1582 508 1648 adversa
532 1602 667 1648 securos.
710 1583 826 1648 Nescio
852 1602 892 1648 an
920 1591 1019 1664 tutus,
1045 1593 1129 1650 certe
1154 1605 1284 1652 securus
1310 1607 1411 1669 eram,
1439 1589 1501 1654 nisi

190 1686 273 1768 quod
296 1685 366 1749 luco
388 1693 441 1751 tuo
461 1681 659 1770 paganisque
685 1686 798 1750 vestris
827 1686 987 1750 timebam.
1029 1687 1134 1750 Senrel
1163 1689 1247 1753 euim
1268 1697 1363 1771 atque
1389 1691 1500 1755 iterum

189 1789 333 1853 invasere
365 1789 462 1853 vestri
489 1807 526 1852 ac
554 1787 714 1871 diripuere
744 1787 863 1854 lraurea
891 1809 981 1852 arma
1009 1798 1041 1853 ct
1071 1789 1214 1856 homines
1234 1791 1501 1876 Erplrurdieuses,

190 1911 283 1974 arram
309 1892 491 1971 arrdaeiam,
514 1912 552 1955 oe
580 1891 683 1955 dicam
714 1891 860 1974 predam,
891 1892 1106 1957 vindicaturos
1136 1913 1206 1958 esse
1233 1896 1411 1960 credebam.
1460 1902 1501 1962 ut

191 1995 245 2059 ubi
268 1994 380 2069 illuxit,
401 1993 443 2058 ad
466 2013 587 2058 crucem
610 1993 727 2058 celebri
750 1994 804 2059 ria
825 1987 960 2076 positam
973 1997 1130 2078 protectos
1149 1996 1269 2078 audiri,
1291 1998 1501 2080 attollerent,

190 2097 253 2160 iuro
280 2096 516 2177 submoverent,
546 2096 727 2161 delicerent.
769 2095 849 2160 Tum
872 2097 918 2160 ita
939 2097 1057 2161 tacitns
1079 2117 1213 2163 mecum:
1245 2100 1327 2164 Crux
1351 2104 1500 2184 populum

190 2199 318 2274 erubet,
339 2207 370 2262 et
392 2218 483 2262 nemo
504 2205 566 2278 est,
588 2217 680 2280 qrrem
702 2219 764 2262 non
786 2217 844 2264 sua
866 2219 956 2279 crux,
987 2202 1017 2263 id
1039 2211 1096 2281 est,
1117 2222 1174 2265 suu
1196 2203 1397 2286 perturbacio
1416 2207 1501 2270 velut

190 2301 271 2365 tirria
293 2301 404 2365 lireulis
425 2307 549 2365 armata
568 2302 729 2365 excrutiet.
775 2302 888 2382 Unum,
912 2315 968 2366 nec
991 2303 1135 2382 mentiar,
1159 2304 1191 2367 iu
1214 2304 1502 2389 bertr·epidacione

190 2407 355 2486 motoqueu
377 2405 464 2468 uirili
486 2405 626 2486 grauiter
647 2405 721 2484 l'ero,
745 2404 827 2486 quod
840 2413 970 2470 senatus
989 2407 1093 2488 posuit
1114 2407 1297 2490 episcopum
1322 2407 1352 2472 io
1374 2411 1504 2474 ruinoso

189 2507 445 2590 propugnaculo,
468 2505 551 2588 quod
575 2513 622 2571 est
644 2525 663 2568 a
686 2515 775 2588 tergo
796 2506 909 2571 domus
929 2527 1007 2590 urea.
1050 2508 1081 2572 is
1101 2509 1259 2592 speculari
1281 2518 1313 2574 et
1336 2513 1501 2594 explorare

191 2607 327 2692 desuper
348 2611 596 2693 omniapotest,
624 2629 683 2690 que
713 2609 790 2673 fiunt
817 2618 848 2673 et
870 2610 1017 2674 dicuntur
1047 2630 1065 2672 a
1094 2608 1194 2675 nobie.
1244 2612 1306 2675 Sed
1336 2612 1501 2678 auditurus

191 2713 376 2794 visurusque
403 2712 481 2775 nibil
502 2719 565 2790 est,
592 2712 676 2796 quod
704 2712 798 2796 culpa
826 2713 888 2776 dici
914 2711 1071 2796 preditum
1094 2715 1203 2795 possit.
1247 2714 1396 2780 Faustulus
1417 2718 1502 2782 dirto

192 2835 252 2878 non
277 2815 463 2880 audientes⁰
491 2815 672 2895 obiurgare,
702 2815 861 2896 castigare
890 2824 954 2879 tum
980 2815 1075 2880 rerbo
1104 2814 1243 2881 clamoso
1270 2823 1335 2882 tum
1356 2816 1435 2883 diris
1456 2822 1501 2884 in-

92 2907 93 2912 *
192 2917 281 2981 terim
306 2917 498 3034 rprberibus,
520 2917 615 3000 culpa
636 2923 739 2995 vacet,
762 2917 853 2981 sicuti
876 2924 980 2982 vacat.
1023 2917 1108 2983 luter
1123 2921 1408 2984 consternationem
1419 2923 1502 2988 banc
1565 2952 1568 2961 ¹

262 3059 458 3130 “Iv'strenmpi
497 3049 508 3084 ¹³
527 3065 594 3110 herou
612 3063 649 3108 ber'
669 3065 707 3108 Te.
744 3057 805 3108 ‘Ta
823 3079 894 3109 non.-
918 3047 930 3084 ‘¹
950 3065 983 3110 'l'x
1001 3071 1126 3123 uictuque.
1163 3059 1226 3110 ρἸἶτ
1244 3065 1396 3113 obedientes.

192 3210 392 3220 -ι--η--ι--ι-ικ

257 3320 263 3362 ¹
289 3323 392 3394 Vergil.
413 3323 516 3378 Aeneis
533 3323 661 3391 111,121.

233 3422 267 3464 ³²
289 3427 343 3480 Die
370 3444 460 3498 gagen
488 3427 533 3480 die
554 3427 688 3482 Patrizier
713 3426 931 3498 arrigestandene
951 3425 1078 3481 Erfurtor
1098 3425 1232 3483 Gemeinc
1257 3429 1334 3484 hatte
1364 3429 1425 3485 eine
1447 3430 1500 3486 Ge-

195 3507 365 3562 sandtselruft
386 3509 458 3562 naeh
480 3507 571 3562 Maius
590 3508 776 3580 abgeordnet,
805 3526 849 3560 um
871 3508 917 3561 die
938 3507 1018 3562 Snus
1035 3509 1097 3562 dem
1121 3509 1364 3564 erabisrblifliebcu
1383 3511 1501 3566 Sebntze

196 3607 229 3642 zu
251 3587 417 3658 iibergebcn.
460 3587 532 3642 Dort
551 3607 607 3642 war
627 3607 699 3659 rnen,
720 3589 747 3641 in
769 3589 818 3642 der
839 3588 947 3642 eichorn
970 3588 1121 3660 lloffnnng,
1141 3590 1187 3644 bei
1208 3591 1297 3644 dieser
1317 3592 1503 3663 (lelegeulreit

193 3669 237 3722 die
251 3669 355 3722 Rechte
379 3669 447 3721 iiber
461 3669 557 3722 Erfurt
575 3669 718 3723 erweitern
739 3688 772 3722 an
785 3669 905 3739 klinnon,
927 3687 994 3740 geru
1007 3670 1059 3723 aurs
1066 3671 1115 3723 das
1125 3668 1294 3742 Bittgesucb‘
1311 3673 1500 3743 eiugegungon

195 3749 250 3803 und
274 3751 351 3803 hatte
372 3749 416 3802 die
438 3751 633 3804 vornehmsten
651 3749 871 3820 Wiirdentriiger
892 3751 943 3802 mit
963 3751 1119 3804 statuioner
1139 3751 1310 3822 Bedeekung
1330 3755 1401 3807 nach
1423 3754 1500 3807 'shu-

194 3831 291 3902 ringen
320 3830 460 3885 ontboten.
503 3829 561 3884 Der
581 3831 640 3901 Zug
666 3831 757 3884 rrnrulc
787 3831 930 3897 indemens,
955 3831 995 3884 als
1020 3848 1050 3883 er
1073 3831 1100 3884 in
1121 3830 1323 3904 Georgentbai,
1349 3835 1376 3890 d.
1398 3835 1428 3892 ir.
1453 3834 1505 3889 aurs

195 3909 434 3964 kursiicbsischer'n
457 3910 575 3964 Gabiete
597 3912 810 3980 ribemontem,
831 3929 884 3965 ron
905 3911 967 3964 dem
988 3911 1206 3965 knrfrirstlieben
1226 3913 1374 3967 Marselrall
1395 3913 1500 3968 Grafcn

193 4011 246 4046 ron
273 3991 373 4044 'l'huno
402 3991 556 4045 iiberdsllen
584 3993 641 4045 und
669 3991 807 4062 gofrrngen
833 4007 1000 4062 genommen
1030 3991 1070 4058 (in
1097 3994 1146 4046 der
1166 3993 1257 4047 Nacht
1284 4013 1346 4047 vom
1371 3994 1415 4049 14.
1439 4014 1498 4049 zum

196 4072 240 4126 15.
261 4072 329 4127 duni
359 4071 457 4140 1509),
504 4071 558 4125 Die
585 4073 711 4126 Erfnrter
736 4071 894 4125 Gesandlon
909 4074 1033 4126 'u'umlen
1062 4073 1090 4125 in
1116 4075 1165 4126 der·
1187 4073 1257 4127 Hau
1282 4075 1427 4144 bobalten,
1456 4078 1501 4131 die

198 4153 319 4206 Maiuzer
340 4153 430 4206 Herm
453 4159 574 4206 musslerr
596 4155 737 4207 seinriircn
759 4153 911 4206 nrnkobrrn
933 4172 966 4206 an
988 4154 1096 4208 moilen.
1137 4153 1174 4210 Es
1194 4155 1290 4208 bullen
1312 4156 1435 4209 uiimlielr
1456 4157 1501 4212 die

197 4235 313 4287 Fiimten
335 4251 388 4286 rou
410 4232 531 4287 Saclrsou
553 4235 638 4288 seiron
661 4235 753 4306 liipgsl
775 4233 819 4285 rin
842 4233 923 4302 Auge
948 4233 1000 4287 arrf
1018 4233 1114 4286 Erfurt
1134 4235 1290 4304 genunium
1317 4237 1357 4290 sio
1384 4239 1499 4290 surebten

193 4315 307 4368 desbulb
333 4314 384 4367 arrf
404 4317 468 4383 jede
495 4332 547 4368 nur
573 4314 711 4384 miigiielrr
730 4313 823 4368 Weiss
849 4333 881 4367 zu
909 4315 1088 4382 verbindern,
1115 4315 1178 4368 dass
1206 4315 1297 4369 Mainz
1323 4317 1398 4370 scine
1421 4318 1500 4371 Hand

192 4395 292 4449 darauf
317 4397 401 4463 lepte.
451 4395 543 4449 lieber
569 4396 613 4448 dir·
640 4395 861 4466 lieorgentbaler
885 4393 989 4449 Atiaire
1017 4397 1100 4465 ror-gl.
1127 4396 1277 4450 besonders
1300 4397 1501 4468 i'rrlekensteiu,

192 4475 314 4529 Historie
334 4494 387 4529 von
411 4473 504 4529 Eriurt
525 4477 551 4530 S.
569 4475 625 4528 463
644 4507 667 4513 —
680 4475 745 4529 tul.

254 4573 269 4617 3
290 4578 415 4633 Gerhard
436 4579 594 4634 Marschalk
614 4597 667 4634 ron
689 4577 876 4632 Gesserstedt.'
910 4577 973 4648 l'gl.
996 4577 1040 4632 Br.
1055 4577 1092 4632 86
1114 4576 1140 4633 S.
1155 4577 1210 4631 126
1228 4579 1311 4634 Anm.
1324 4579 1349 4638 4.
