3625 5192
1152 159 1155 162 ’
1207 171 1218 198 o

344 365 378 418 70
718 351 977 428 Gesehiolrrsquellen
995 361 1043 412 der
1062 357 1135 412 l‘rou¹
1154 359 1276 413 Sachsen.

343 533 451 579 omnes
471 533 510 578 ae
531 530 677 577 numeros
699 518 867 595 temperat,
890 518 924 573 ut
945 528 1101 591 nusquam
1120 514 1211 571 extra
1232 507 1364 590 lyricum
1384 507 1511 572 chorum
1534 507 1653 572 saltare

342 617 504 694 videatur,
532 615 637 680 clarus
667 613 829 695 inprimisa
857 631 1053 694 magnusque
1081 617 1259 676 sanctarum
1286 609 1444 692 virginum
1473 610 1599 674 edituus
1621 619 1654 674 et

343 721 438 804 plane
465 719 597 799 dignor,
624 717 675 781 oui
702 715 831 780 faveant
858 715 1116 780 scholasticorum
1143 713 1262 778 classes
1283 720 1315 777 et
1336 713 1432 777 nostri
1457 712 1579 778 ordinis
1598 712 1651 777 ho-

343 823 444 886 mines
466 819 614 884 universi.
658 817 774 899 Habes,
798 816 927 882 Urbane
948 817 1001 898 mi,
1023 806 1109 880 tirum
1133 834 1275 898 pensum.

426 923 521 988 Salve
549 929 581 986 et
606 931 654 1002 tu,
680 920 881 985 divinissime
909 927 1005 1004 poeta
1030 917 1162 982 Eobane
1190 917 1298 982 Hesse
1349 918 1450 982 Exist‘
1428 924 1542 982 trnrare
1573 918 1653 982 velis

346 1026 521 1090 Mutianum
548 1024 606 1088 tibi
638 1041 708 1088 esse
740 1029 771 1087 et
802 1041 926 1104 semper
955 1021 1053 1086 titisse
1082 1020 1308 1085 amicissimum
1339 1026 1453 1100 tueque
1485 989 1590 1084 laudis
1622 1028 1654 1084 et

343 1127 520 1193 eternitatis
546 1126 813 1191 amantissimum
851 1123 922 1187 Non
954 1123 1038 1187 enim
1059 1122 1220 1187 oblivione
1240 1121 1385 1187 amicicie
1405 1130 1512 1186 nostre
1534 1123 1654 1206 superi-

345 1231 452 1295 oribus
481 1229 593 1294 diebus
619 1236 673 1293 out
698 1227 836 1291 breviter·
863 1235 918 1289 aut
940 1225 1019 1289 nihil
1039 1223 1080 1289 ad
1103 1232 1134 1289 te
1155 1224 1283 1308 scripsi,
1313 1223 1371 1288 sed
1391 1223 1510 1288 Christi
1533 1225 1654 1288 cultura

344 1341 375 1397 et
406 1331 586 1396 'domestica
616 1330 800 1414 procuracio
835 1329 979 1411 eripuere
1014 1327 1091 1391 mihi
1129 1327 1235 1392 stilum
1269 1333 1302 1391 et
1335 1326 1433 1392 verba
1462 1334 1494 1390 et
1530 1347 1653 1391 orrmem

345 1432 505 1500 scribendi
528 1441 673 1498 conatum
686 1430 895 1496 retardarunt.
939 1430 1032 1494 Nunc
1044 1436 1149 1495 autem
1168 1429 1358 1493 sollicitatus
1374 1448 1454 1493 aura
1471 1428 1656 1493 dulcissima

345 1535 565 1600 iucundissimi
589 1535 721 1598 rumoris
738 1540 770 1598 et
787 1533 897 1616 gracia
909 1534 983 1597 novi
998 1534 1104 1616 operis
1119 1533 1164 1595 tui
1181 1542 1346 1597 ventosum
1361 1551 1411 1595 me
1430 1551 1653 1613 congerronern

346 1639 574 1720 verhosumque
601 1637 736 1702 amicum
767 1655 801 1699 re
830 1635 901 1718 ipso
929 1638 1108 1717 trequentes
1143 1633 1310 1699 seribendo
1341 1634 1573 1714 garriendoque
1603 1633 1656 1697 de-

346 1739 483 1805 clarabo.
535 1739 683 1803 Salutant
718 1746 749 1802 te
783 1738 944 1802 Petreius¹
979 1748 1011 1803 et
1044 1737 1224 1818 Uir·ichus²‚
1253 1744 1350 1801 testes
1381 1736 1505 1819 profero
1537 1736 1654 1800 literas.

346 1843 435 1908 Mose
457 1861 514 1906 vos
534 1848 648 1905 ament.
690 1841 717 1905 Ο
739 1847 859 1921 quanta
883 1841 1005 1922 ingenii
1028 1840 1179 1904 felicitate
1200 1839 1317 1921 prediti
1340 1839 1426 1918 estis,
1448 1859 1542 1920 quarn
1564 1840 1656 1902 duru-

348 1945 422 2010 bilis
436 1964 493 2008 vos
503 1945 606 2025 gloria
628 1943 715 2007 velut
735 1941 846 2007 umbra
867 1943 1022 2024 sequitur!
1065 1941 1238 2007 Ostendetb
1253 1941 1311 2006 tihi
1325 1940 1551 2006 solertissimus
1567 1950 1658 2024 pater

348 2047 506 2127 Urbanus,
529 2047 698 2130 precipuus
711 2045 895 2109 observator·
916 2045 1080 2127 elegancie
1101 2045 1210 2124 latino,
1232 2043 1439 2127 Triumphum
1452 2044 1601 2124 Neobii³‚
1622 2043 1656 2107 id

348 2157 413 2230 est,
433 2148 594 2230 Busehii4,
626 2148 676 2211 cui
700 2146 832 2212 adheret
853 2147 984 2212 Hutteni
1006 2147 1204 2231 epigramma
1232 2147 1456 2230 extemporale.
1497 2146 1564 2210 Fae
1590 2167 1657 2228 per-

348 2252 470 2316 videas.
517 2251 729 2334 Capnionenr‚
760 2249 861 2313 virum
882 2249 1090 2331 undecunque
1111 2249 1346 2328 doctissimum,
1368 2247 1506 2312 laudato.
1549 2248 1584 2313 si
1612 2250 1656 2312 in-

349 2363 463 2419 ventus
485 2353 579 2418 isthic
604 2352 699 2417 luerit
722 2351 921 2431 tabellarius,
949 2351 1088 2432 curabis,
1111 2359 1145 2415 ut
1168 2352 1287 2415 seiam⁰
1308 2358 1340 2416 et
1360 2358 1427 2416 tota
1448 2351 1560 2416 cohors
1580 2353 1657 2416 ami-

351 2476 455 2522 corum
478 2457 611 2522 salutem
635 2453 728 2519 dicet.
772 2453 892 2521 Valere.

355 2561 357 2566 '
429 2559 478 2622 Ex
500 2557 669 2640 tranquillo
690 2557 840 2640 syriacis>
860 2556 1013 2621 natalicio
1034 2557 1113 2622 festo
1136 2555 1336 2620 Dohxfllt.

422 2677 432 2703 '¹
452 2684 485 2728 Tc
503 2681 631 2742 imprimis.
704 2673 716 2702 ⁰
737 2681 808 2727 ltu-o.
830 2680 955 2726 Ostendit
1026 2673 1037 2698 ‘¹
1057 2681 1128 2727 Book.
1148 2680 1261 2725 sciamus.

422 2787 603 2834 llandselrril'tl.
624 2787 702 2835 Flissl
724 2784 970 2832 rottmr-ttsv.
1006 2785 1082 2832 Godr.
1105 2785 1207 2839 ltuTz
1228 2788 1250 2832 S.
1265 2786 1311 2832 tsi
1325 2801 1371 2832 con
1385 2785 1473 2832 Nescio
1484 2802 1517 2832 arr
1534 2787 1571 2832 his
1589 2793 1657 2832 tuum

352 2873 462 2918 pensum.
502 2857 527 2910 2)
550 2858 576 2904 in
595 2857 691 2903 Ulriehi
710 2855 816 2902 Huttorri
835 2870 919 2915 opera.
943 2856 981 2902 ed.
1000 2855 1115 2915 Bdching
1132 2856 1150 2902 1.
1171 2871 1195 2915 p.
1215 2855 1247 2900 32
1270 2856 1308 2902 No
1336 2855 1420 2901 xvut
1443 2871 1493 2902 von
1517 2857 1606 2903 Nescio
1627 2873 1659 2902 an

351 2929 388 2976 ou
406 2929 497 2976 clarior
515 2934 553 2974 ost
572 2929 622 2974 cred
639 2943 683 2973 corr
702 2926 825 2972 Ostendet
843 2926 878 2972 his
897 2942 950 2972 crrru
968 2926 1082 2972 sottum.

354 3166 427 3233 411.
450 3164 493 3232 ll.
516 3183 561 3232 an
585 3164 718 3234 Urhnrr.
1180 3163 1435 3251 (Gothalhll).
1466 3166 1605 3249 August
1623 3167 1658 3236 8.

426 3291 488 3336 hlut.
508 3281 583 3337 bitlet
602 3304 642 3335 um
663 3289 744 3348 oinige
764 3289 812 3334 Bos
795 3303 941 3348 sorgungcn
961 3289 987 3336 in
1006 3289 1092 3335 Erfurt
1110 3289 1160 3336 und
1181 3290 1259 3336 tndelt
1276 3305 1308 3338 au
1328 3291 1429 3351 liessus,
1448 3291 1505 3338 dass
1523 3308 1550 3338 er
1568 3292 1612 3338 ihn
1630 3307 1660 3338 au

356 3372 436 3408 etnem
457 3360 557 3406 ttotsen
577 3359 664 3406 mar-ho
684 3360 733 3405 tund
752 3357 793 3404 dio
803 3359 993 3406 Ehorbuehsrho
988 3363 1027 3406 (l
1030 3360 1240 3406 ustsrcundsehaft
1260 3377 1289 3408 zu
1307 3363 1381 3422 lango
1399 3362 1517 3422 genisaco.
1556 3363 1589 3409 Er
1607 3377 1662 3409 vcr-

355 3431 450 3491 spricht
466 3431 511 3477 rnit
532 3431 588 3476 dom
606 3430 673 3476 Abte
691 3443 742 3475 von
762 3429 933 3487 Georgenthul
951 3445 981 3476 zu
1000 3429 1164 3478 verharrdeln.

434 3527 566 3593 anar
559 3548 588 3592 ιο
610 3527 678 3590 riro
700 3536 732 3591 et
749 3527 865 3592 dilecto
882 3528 1033 3609 magistro
1048 3527 1184 3592 lleurico
1200 3528 1359 3594 Urbano
1376 3529 1538 3594 llutianus
1553 3531 1661 3596 Rullus.

435 3633 465 3695 S.
509 3630 668 3694 Exeeutus
689 3648 723 3693 es
744 3629 839 3693 amici
861 3629 1007 3694 cilicium.
1050 3630 1132 3693 Nam
1147 3631 1299 3696 nodosum
1318 3631 1425 3696 orbem
1441 3632 1661 3715 eonrplendunr

355 3733 509 3808 odorifero
538 3741 698 3814 magmate
727 3732 914 3814 placiturum
942 3733 1055 3815 opinor
1082 3733 1212 3815 egregio
1238 3733 1464 3800 adulescendi.
1511 3735 1663 3801 Publiusl

353 3875 554 3886 ...ὼ-ι.-

383 3947 391 3963 ⁸
418 3947 428 3990 l
450 3952 487 4006 Er
509 3952 597 4006 weilte
620 3950 649 4004 in
669 3948 777 4004 Italion.

418 4029 431 4070 2
453 4033 558 4087 Hutton
585 4031 663 4086 stand
692 4030 797 4084 dumals
823 4032 860 4084 irn
883 4033 1000 4087 Dieustc
1022 4034 1070 4086 des
1091 4033 1269 4088 Erzhisehoss
1288 4035 1425 4089 Albrecht
1445 4053 1499 4090 von
1522 4035 1664 4090 Brauden·

358 4114 429 4184 burg
447 4114 501 4166 und
520 4113 594 4167 lohte
612 4111 804 4166 ahwechselnd
823 4112 849 4166 in
862 4113 944 4168 llalle
963 4115 1029 4168 oder
1039 4114 1140 4168 Ersurt.
1167 4113 1230 4186 Vgl.
1242 4113 1358 4169 Strsuss.
1379 4116 1413 4172 U.
1424 4134 1450 4173 v.
1462 4116 1569 4171 Hutte'n
1579 4115 1604 4170 S.
1617 4117 1663 4171 78.

418 4189 432 4232 3
454 4193 516 4264 vgt.
527 4193 572 4247 Βι·Ι
583 4193 639 4246 387
663 4189 689 4244 S.
702 4189 739 4243 48
759 4192 841 4247 Auru.
854 4193 881 4249 4.

418 4270 432 4392 ἒ
454 4273 548 4404 geber
568 4274 745 4327 llormaunus
767 4269 903 4328 Busehiua
922 4273 1032 4346 vgl.Br.
1048 4274 1105 4327 otu
1125 4274 1152 4328 S.
1167 4275 1205 4327 38
1226 4275 1310 4328 Anm.
1327 4277 1350 4331 7.

420 4429 434 4470 ⁶
455 4354 697 4490 wahligdhdinlielr
724 4435 868 4490 Bernhard
890 4434 1027 4504 llirsiold,
1053 4435 1098 4488 fuir
1125 4437 1178 4490 deu
1200 4437 1309 4491 Mutian
1331 4439 1417 4493 sehon
1440 4439 1521 4511 lange
1542 4438 1587 4491 oin
1609 4437 1665 4494 Ge·

364 4515 470 4568 schenk
491 4515 595 4568 suelrtu.
640 4513 699 4585 Vgt.
716 4515 757 4571 ttr.
772 4515 836 4568 379,
852 4515 920 4568 384.
933 4515 999 4569 386.
1011 4515 1078 4571 387.
1089 4517 1156 4570 388.
1169 4516 1235 4572 tot.

426 4589 589 4656 7Furrrrrlus
612 4595 740 4652 hlutiuus.
784 4595 876 4651 L'eher
894 4596 969 4650 scine
993 4596 1182 4667 Sparsrnnkeit
1200 4598 1254 4670 vgl.
1277 4597 1325 4655 Br.
1340 4597 1407 4656 407.
