3625 5192
315 349 349 400 60
685 345 945 416 Gosohicblaqnellen
964 348 1012 401 der
1032 345 1105 402 Pron.
1126 348 1249 403 Sacbsan.

311 495 493 580 potentibus
513 503 545 560 et
565 495 734 560 fortunatis
753 493 890 560 dominis
911 495 1005 561 malis
1024 495 1146 562 artibus
1167 496 1311 576 imbutis,
1336 495 1474 572 stolidis,
1501 497 1618 580 litigio·

311 599 371 674 sis,
400 599 508 663 avaris
537 605 569 663 et
607 597 793 682 depugnare
813 597 1036 662 calumniando
1062 599 1193 681 paratis.
1240 598 1330 676 Quod
1353 599 1380 664 ai
1401 619 1440 664 ea
1467 599 1618 679 carmina,

311 719 394 782 quae
415 700 457 765 ad
477 721 528 765 me
546 699 637 766 dedit
655 709 689 764 et
708 700 784 781 alia,
804 699 832 764 si
854 700 959 764 adbuc
979 701 1088 783 aliqua
1105 702 1235 766 daturus
1250 707 1307 782 cst,
1328 702 1517 786 interponat,
1538 703 1619 768 sciat

311 801 389 866 mibi
415 800 558 867 sufficere
588 803 671 867 bunc
697 803 873 886 simplicem
901 802 1044 867 titulum:
1077 803 1128 868 Ad
1154 804 1328 868 Matianum
1354 804 1483 885 Rul'um,
1515 807 1617 870 vimm

311 904 580 974 humanissimum.
622 903 718 969 Nulla
743 905 829 970 euim
852 905 918 970 alia
944 905 999 970 ria
1024 905 1144 988 placari
1171 911 1276 990 potest
1301 905 1439 986 invidia,
1466 925 1561 987 quam
1589 907 1617 972 si

312 1006 392 1072 nibil
420 1014 475 1072 ant
504 1026 599 1090 parce
626 1005 835 1072 laudabimur.
881 1007 1002 1091 Carpat
1031 1007 1175 1072 indoctos
1210 1014 1243 1072 et
1271 1008 1423 1092 superbos
1449 1009 1617 1075 canonicos

312 1109 535 1188 acerbissime,
555 1110 609 1190 qui
631 1129 680 1174 me
701 1121 735 1175 et
753 1117 895 1176 caeteros
917 1111 1039 1193 quietos
1060 1109 1266 1194 pbilosopbos
1285 1111 1411 1194 procaci
1438 1109 1549 1193 lingua
1570 1112 1617 1176 iu-

312 1230 435 1276 cessere
455 1231 517 1277 nou
545 1211 694 1276 desinunt
719 1211 815 1278 etiam
840 1211 929 1276 nulla
954 1233 975 1277 a
1002 1211 1093 1276 nobis
1121 1217 1177 1276 aut
1205 1211 1322 1279 iniuria
1349 1218 1404 1278 aut
1429 1213 1619 1280 contumelia

310 1312 459 1378 lacessiti.
512 1312 597 1391 Quid
632 1315 759 1380 multis?
809 1314 937 1379 Audeat
967 1313 1109 1380 feliciter.
1162 1314 1244 1380 Dum
1276 1315 1360 1380 eninr
1389 1316 1471 1380 viret
1503 1313 1617 1380 floreus

311 1420 401 1479 aetas
422 1425 454 1480 et
473 1413 579 1480 adbuc
598 1415 757 1481 imberbes
776 1435 896 1497 sumus,
924 1415 1061 1481 manime
1088 1416 1237 1499 probatur
1258 1416 1414 1482 industria
1435 1425 1467 1482 et
1486 1425 1617 1484 conatus

310 1517 451 1599 puerilis,
473 1517 550 1582 etsi
571 1517 727 1583 interdum
740 1518 858 1584 labitur
870 1527 1034 1602 etpeccat,
1057 1525 1201 1602 paratam
1223 1518 1320 1584 babel
1339 1539 1418 1602 puer
1439 1525 1470 1585 et
1489 1519 1615 1586 laoilem

310 1638 400 1702 spem
421 1618 536 1686 veniae
552 1628 611 1685 etc.

381 1741 459 1788 Gedr.
483 1742 507 1799 1)
527 1744 561 1789 im
584 1743 639 1791 uin.
658 1760 715 1792 uov.
739 1745 968 1800 tollor-171.
1041 1744 1067 1802 ¹2)
1091 1746 1115 1792 b.
1134 1745 1174 1793 Tu.
1195 1739 1383 1793 stud-³262.
1430 1745 1479 1792 Dur
1498 1745 1571 1804 Boios
1586 1746 1618 1792 ist

310 1829 355 1858 ruo·
367 1813 572 1872 srapaemarirclr
592 1816 705 1863 crbnlterr.

310 2055 366 2122 47.
388 2055 432 2122 ll.
443 2075 489 2122 an
501 2055 687 2125 Herebord
699 2076 731 2124 r.
745 2057 781 2124 d.
793 2056 968 2129 llartbon.
1011 2057 1143 2142 (Gotho
1157 2059 1264 2125 1506.
1288 2058 1388 2125 Eudo
1410 2057 1615 2142 Septornlrer

459 2145 549 2213 oder
562 2145 719 2230 surangs
740 2147 910 2217 (llrtober.

378 2270 441 2316 blut.
470 2269 551 2316 daulrt
578 2271 636 2318 dom
664 2271 823 2319 Horobordua
849 2272 889 2318 sur
918 2272 959 2319 dic
984 2273 1071 2333 jilngst
1100 2273 1268 2320 libersandtou
1288 2273 1411 2321 Gediobto
1435 2275 1478 2320 das
1497 2275 1613 2322 Eobanua

309 2340 414 2399 llasaus,
437 2341 487 2387 deu
506 2356 533 2387 er
552 2339 626 2388 cirron
644 2342 750 2388 zwoiten
770 2341 866 2388 Pindar
884 2348 976 2402 neunt,
1002 2343 1052 2388 rrnd
1071 2343 1276 2390 clraralstarisicrt
1294 2344 1334 2391 dio
1354 2345 1448 2391 l'aindo
1467 2345 1511 2391 dor
1529 2345 1616 2392 inlaesi·

309 2412 384 2457 sciren
410 2411 542 2471 Richtuug.
580 2411 654 2460 llicso
681 2412 749 2459 saian
776 2412 908 2459 sichorlicb
936 2413 993 2458 dom
1017 2414 1113 2472 juratori
1144 2414 1247 2460 lliebler
1276 2415 1316 2460 boi
1344 2416 1389 2461 der
1410 2415 1544 2474 Ablegung
1571 2417 1615 2462 der

309 2481 574 2541 Baculariatspriilnug
600 2482 670 2527 uicbt
694 2481 795 2541 parroigt
818 2498 940 2541 gowoscn.
983 2484 1033 2529 Das
1053 2484 1124 2530 Wort
1147 2484 1331 2532 Buccalanrans
1359 2486 1440 2532 worda
1463 2501 1512 2533 von
1537 2487 1614 2534 ilnren

310 2551 381 2596 nicht
398 2552 560 2611 vommrrden,
579 2567 605 2598 aa
623 2555 703 2599 mlissa
722 2553 856 2612 eigentliclr
877 2553 1022 2600 Baculus-ius
1041 2554 1148 2600 baiesen.

245 2733 249 2740 ¹
391 2647 613 2714 Herobordo
626 2649 845 2733 Margarita
867 2651 945 2716 iuris
966 2652 1107 2716 consulto
1129 2652 1189 2726 vol,
1211 2651 1294 2733 quod
1307 2652 1401 2734 rulgo
1413 2653 1616 2737 praeclarius,

310 2749 387 2814 iuris
408 2753 570 2833 utriusque
590 2751 722 2833 doctori,
744 2773 800 2818 sno
821 2754 1014 2820 amicissimo

868 2856 899 2921 S.
942 2857 975 2922 P.
1019 2856 1055 2921 D.

390 2956 508 3038 Accepi
537 2954 647 3022 literas
680 2964 765 3035 tuas,
798 2957 978 3023 Hereborde
1009 2959 1188 3036 carissime,
1221 2959 1276 3025 sed
1306 2959 1429 3041 quales!
1473 2959 1615 3026 Profecto

309 3078 432 3141 graves,
455 3057 581 3141 dignas,
603 3079 727 3126 suaves.
770 3061 968 3126 Gravitatem
991 3061 1031 3124 ad
1049 3063 1224 3127 sententias
1235 3061 1344 3142 refero,
1365 3062 1553 3144 dignitatem
1576 3062 1617 3127 ad

308 3160 519 3242 elegantiam,
551 3163 740 3227 suavitatem
772 3162 814 3226 ad
839 3162 952 3227 laudes
978 3163 1223 3248 compositionis.
1276 3164 1380 3229 Unum
1407 3172 1527 3228 tantum
1556 3163 1616 3230 hoo

308 3261 477 3327 videbatur
503 3263 695 3341 obscurum,
725 3263 808 3348 qnod
832 3265 953 3330 Valerii
981 3265 1117 3330 nodumb
1153 3285 1173 3328 a
1201 3267 1293 3330 nobis
1323 3266 1522 3330 enodandum
1554 3285 1616 3331 uon

308 3364 387 3428 satis
408 3365 581 3429 luculenter
602 3372 822 3432 adnotaveras.
870 3367 1011 3445 Quodsi
1041 3366 1158 3432 clarius
1183 3367 1320 3433 scribere
1347 3370 1515 3450 voluisses,
1544 3389 1614 3434 con-

295 3466 472 3536 suluissem
495 3484 556 3549 ego
577 3468 645 3533 tibi.
686 3471 805 3553 Accepi
833 3490 897 3534 uua
926 3490 995 3535 com
1018 3470 1117 3534 literis
1144 3470 1205 3533 tria
1225 3472 1382 3550 carmina,
1411 3490 1505 3535 unrrm
1533 3472 1616 3537 vatis

310 3569 535 3650 Carmelitae‘2,
569 3570 631 3633 duo
658 3579 772 3652 poetae
798 3572 963 3652 Hessiaci,
993 3573 1043 3637 cui
1071 3581 1193 3636 lantum
1227 3572 1348 3653 tribuo,
1385 3580 1418 3637 ut
1445 3573 1614 3638 Pindarum

307 3671 484 3736 iuniorcm³
504 3673 667 3738 nominare
696 3679 728 3738 tu
754 3693 825 3738 enm
846 3682 878 3738 et
899 3675 1015 3739 caeleri
1043 3675 1109 3740 iure
1131 3675 1260 3758 possint.
1314 3675 1361 3740 lta
1392 3675 1540 3758 prinecps
1569 3683 1617 3741 est

306 3773 490 3856 Lyricorum
511 3773 650 3839 nationis
662 3774 885 3856 Germanicae,
914 3777 961 3841 ita
982 3796 1082 3842 rerum
1105 3775 1331 3858 verborumque
1352 3777 1458 3858 dives,
1488 3785 1616 3861 propter

378 3891 440 3943 “Ta
458 3898 594 3947 obatruum.
665 3881 678 3919 ¹³
698 3899 730 3944 l'a
746 3901 827 3945 loetum
848 3900 913 3959 conj.

370 4129 380 4172 ¹
403 4133 536 4189 Gomciut
556 4135 593 4189 ist
612 4135 739 4206 Baptista
759 4137 935 4192 Mantuanus.

369 4228 381 4269 ²
403 4231 648 4287 liobanusHesaus
668 4235 746 4288 hatte
766 4235 902 4289 demnaoh
921 4236 997 4290 scine
1017 4235 1117 4290 beiden
1136 4237 1234 4307 jiirrgal-
1257 4235 1453 4290 srsclriensnrn
1466 4235 1614 4305 Gedicble,

306 4329 356 4382 das
381 4347 443 4384 vom
466 4329 594 4401 Ausznge
623 4332 672 4384 der
697 4330 850 4386 Studenton
880 4334 936 4387 und
964 4335 1012 4387 das
1036 4351 1098 4386 vom
1125 4333 1246 4404 Kampfe
1274 4333 1407 4388 zwisolren
1441 4335 1494 4386 dan
1522 4333 1615 4388 Haud·

307 4409 431 4541 {³⁰¹⁹ka
451 4411 506 4464 und
527 4409 682 4466 Studenten
699 4411 808 4467 Erfnrts
828 4413 915 4468 durch
936 4413 1113 4470 Herebordus
1133 4415 1196 4468 dem
1219 4413 1326 4469 Mutian
1352 4413 1511 4469 iibersandt.
1550 4413 1614 4487 Vgl.

332 4508 352 4543 r.
396 4505 421 4546 o.

366 4580 381 4628 ³
403 4585 466 4662 Vgl.
488 4587 534 4645 die
555 4588 666 4646 Aurede
686 4590 716 4646 in
737 4590 783 4649 Br.
805 4589 854 4648 45.
