3625 5192
289 298 340 352 120
666 292 927 363 Gesehiobhquellerr
944 294 993 349 der
1011 292 1084 349 Prov.
1105 294 1228 349 Saclrscn.

290 446 576 526 assentationibus,
602 465 684 527 quae
704 464 767 509 uon
795 444 914 510 cudunt
942 444 973 508 in
1005 462 1106 510 mores
1134 443 1268 508 blutiani
1296 442 1478 527 philosophi
1504 450 1599 524 atone

293 553 356 617 ista
377 548 544 635 popularia
565 548 805 626 contemnentis,
826 554 860 610 ut
877 547 972 611 etiam
986 546 1112 611 laudem
1125 547 1285 631 propriam
1296 566 1358 610 non
1380 546 1484 610 uulnus
1505 564 1598 626 quam
1657 564 1659 569 ·

293 652 492 718 adulantium
514 650 693 716 blandicias
713 668 828 731 susque
848 648 950 731 deque
970 649 1077 713 feram.
1121 648 1190 726 Quo
1212 648 1324 731 magis,
1345 650 1389 713 mi
1404 650 1599 723 adolescens,

295 754 434 838 gaudere
456 753 553 818 deber
575 753 693 817 iudicio
715 771 784 817 meo
806 749 946 833 dareque
962 770 1101 836 operam,
1124 759 1158 815 ut
1180 752 1340 835 utriusque
1361 752 1489 835 linguae
1512 775 1600 837 prae-

296 856 508 923 stantissimos
532 861 676 919 auctores
703 854 793 918 varia
819 854 877 917 tibi
904 853 1134 936 multiplicique
1155 853 1290 919 lectione
1317 855 1367 920 vel
1396 856 1507 939 digitis
1538 859 1601 923 tuis

296 958 434 1023 notiores
454 957 582 1022 allicias.
625 957 763 1039 „Neque
785 956 868 1020 enim
890 954 1077 1020 concludere
1098 975 1224 1021 versum
1250 956 1370 1022 dixeris
1398 978 1467 1024 esse
1488 961 1602 1041 satis“,

199 1091 201 1097 ·
297 1069 331 1125 ut
351 1060 643 1143 inquitflomtius’.
685 1059 742 1123 Est
763 1077 878 1143 operae
900 1058 1035 1141 pretium
1052 1064 1188 1123 tractare
1203 1062 1601 1146 tutamencyclopaediam,

296 1183 389 1230 nosse
411 1163 582 1247 praecipue
602 1169 743 1226 veterum
764 1160 914 1245 probatas
926 1160 1082 1242 historias,
1104 1160 1241 1243 denique
1262 1162 1303 1227 ab
1321 1182 1362 1226 ea
1383 1164 1602 1249 philosophiae

296 1274 397 1351 parte,
418 1286 500 1348 quae
520 1265 561 1329 de
582 1263 721 1329 moribus
742 1264 909 1346 praecipit,
932 1264 1067 1327 mutuari
1089 1284 1152 1327 non
1182 1264 1299 1328 nudam
1323 1273 1444 1330 tantum
1466 1274 1500 1330 ut
1521 1288 1602 1332 oom-

298 1370 405 1452 plures
430 1388 533 1432 rerum
564 1366 793 1449 cognitionem,
821 1364 877 1430 sed
904 1372 939 1429 ut
970 1365 1061 1447 pauci
1096 1366 1286 1447 gravitatem
1315 1387 1435 1433 morum
1456 1370 1603 1453 vitaeque

298 1470 523 1538 innocentiam.
565 1468 691 1533 Etenim
713 1475 747 1531 ut
767 1467 958 1532 multiscium
987 1470 1032 1533 ita
1058 1468 1189 1551 probum
1211 1476 1307 1552 atque
1334 1471 1508 1537 modestum
1534 1492 1604 1538 esse

298 1572 389 1637 decet
410 1573 498 1656 pium
521 1578 655 1654 poetam.
697 1571 846 1653 Alioquin
868 1570 952 1653 opici
979 1572 1073 1635 momi
1096 1571 1256 1637 habebunt
1278 1592 1334 1638 nos
1359 1573 1496 1641 ludibrio
1517 1583 1550 1640 et
1571 1576 1603 1640 in

298 1674 455 1739 auditorio
477 1682 629 1754 coetuque
652 1672 812 1737 doctorum
825 1672 988 1737 vexabunt
1009 1680 1158 1755 tanquam
1169 1673 1319 1741 ridiculos
1340 1683 1372 1740 et
1393 1683 1468 1741 nota
1489 1677 1604 1759 dignos

299 1777 451 1842 censoria.
500 1776 584 1840 Nam
612 1774 754 1839 divinum
778 1782 892 1859 poetae
920 1793 1034 1839 nornen
1062 1776 1169 1842 nescio
1197 1776 1311 1858 quibus
1337 1778 1603 1845 cacodaemonum

299 1878 549 1962 aspirationibus
569 1877 761 1942 invidiosum
784 1895 854 1941 esse
875 1878 968 1961 cepit
1010 1876 1094 1955 Quid
1115 1876 1177 1957 liet,
1195 1878 1223 1942 si
1239 1884 1395 1944 amatores
1406 1881 1605 1963 antiquitatis

299 1982 393 2046 avia
414 1980 564 2044 virtutum
585 1980 811 2046 aberraverint.
852 1976 926 2044 Plus
950 1980 1097 2045 nimirum
1120 1982 1265 2065 exemplo
1287 2002 1382 2063 quarn
1401 1993 1532 2067 peccato
1551 2004 1604 2049 no-

299 2083 423 2149 cebunt.
474 2084 556 2147 Ama
586 2102 689 2148 meum
718 2082 950 2161 Herebordum,
982 2082 1218 2166 Margaritanae
1249 2084 1359 2149 domus
1388 2092 1604 2151 ornamentum

299 2186 470 2267 singulare.
512 2186 543 2249 ls
574 2192 605 2249 te
632 2185 755 2250 amabit
782 2192 889 2249 mutuo
919 2192 950 2249 et
984 2185 1085 2250 literis
1114 2204 1152 2249 ac
1183 2186 1303 2251 meritis
1331 2185 1506 2252 adiuvabit.
1549 2187 1606 2253 ldst

300 2291 384 2353 enim
406 2288 654 2368 eruditissimus,
682 2286 942 2367 humanissimus,
971 2287 1126 2372 politioris
1147 2287 1329 2354 literaturae
1360 2297 1391 2354 et
1412 2291 1605 2355 literatorum

300 2392 438 2457 omnium
459 2390 706 2455 amantissimus.
748 2388 836 2455 Vale.
878 2390 941 2455 Die
962 2390 1037 2455 divo
1058 2390 1161 2455 aulos
1183 2392 1311 2473 martyri
1334 2412 1434 2457 sacro.

372 2523 446 2569 Godr.
469 2518 493 2584 l)
513 2522 546 2568 im
566 2520 621 2569 Lib.
640 2537 698 2569 nov.
719 2523 760 2568 l'ol.
779 2523 959 2571 liar—Hbs.
996 2522 1022 2581 2)
1042 2523 1066 2570 b.
1085 2524 1119 2569 'l'z
1139 2524 1162 2571 S.
1175 2520 1331 2571 als-als.

852 2680 1053 2689 —a—

302 2804 355 2870 sl.
377 2802 533 2869 Thomas
555 2800 655 2868 Wolf
671 2820 715 2868 au
740 2800 886 2868 llutluu.
1045 2800 1257 2885 Strussbura
1271 2804 1375 2873 17)(18.
1406 2802 1605 2887 hugustzll.

371 2926 477 2973 Thomas
491 2928 561 2972 Wolt‘
577 2927 672 2973 stimma
690 2927 730 2972 cin
752 2927 856 2972 bubliod
876 2930 921 2973 nrrt'
938 2928 1135 2973 soirrsnlironnd
1154 2927 1251 2973 llutinu
1271 2943 1304 2974 an
1324 2928 1376 2975 rurd
1395 2930 1450 2975 toilt
1469 2930 1518 2977 ihm
1538 2932 1607 2977 seins

301 2998 499 3043 bevorstohcude
517 2998 590 3043 liciae
609 2998 673 3043 nach
694 2997 755 3042 llorn
774 2998 826 3043 mit.
868 2998 922 3044 lion
946 2998 1105 3056 blitgliodcrn
1125 2998 1168 3044 dos
1187 3013 1294 3058 erigeron
1314 2998 1487 3047 blutiausrlron
1507 3000 1607 3049 lircises

302 3068 457 3115 iibermittelt
477 3082 504 3113 cr
523 3069 622 3115 Griisso.

382 3165 682 3245 MutianoRut'o,
704 3167 819 3231 oratori
841 3173 874 3230 et
896 3166 1116 3246 iureconsulto,
1137 3166 1238 3231 amico
1253 3167 1372 3251 optimo
1396 3175 1443 3232 eta
1467 3177 1499 3232 ut
1518 3168 1607 3234 l'ratri

302 3267 474 3343 carissimo,
497 3267 636 3333 Thomas
654 3267 850 3351 Vuolpbins³
872 3269 983 3333 iunior.

382 3372 436 3434 Sd
477 3371 594 3448 Quanti
616 3379 648 3436 te
669 3372 799 3452 taciani,
828 3370 986 3450 Matiane,
1012 3380 1043 3435 ct
1064 3382 1184 3451 quanta
1207 3372 1415 3436 veneracione
1438 3380 1608 3455 alquanto

301 3493 408 3537 annue
430 3481 481 3536 te⁰
502 3493 688 3554 prosequar,
710 3493 772 3537 non
794 3492 921 3557 possum
944 3472 1079 3539 dicendo
1100 3474 1259 3555 consequi.
1300 3474 1348 3537 'l'u
1373 3494 1452 3539 unum
1473 3494 1524 3555 es,
1554 3474 1606 3555 qui

301 3575 342 3640 ob
364 3574 485 3657 ingenii
507 3578 708 3640 amenitatem
731 3584 763 3639 et
784 3575 952 3640 candorem
974 3574 1048 3641 lidei
1075 3584 1107 3639 et
1129 3575 1231 3639 omnis
1258 3583 1342 3658 recte
1364 3575 1534 3659 discipline
1556 3599 1606 3641 no-

302 3678 409 3741 ticiam
431 3678 541 3743 merito
563 3678 604 3741 ab
628 3677 774 3743 omnibns
799 3679 899 3741 instar
921 3678 1021 3741 divini
1052 3677 1189 3741 numinis
1211 3698 1272 3742 non
1299 3686 1363 3741 tarn
1387 3680 1486 3742 amari
1514 3697 1607 3760 quam

301 3780 362 3845 coli
384 3780 521 3845 mereris.
564 3780 653 3843 Nihil
673 3780 894 3852 assentacioni,
918 3779 996 3844 nihil
1016 3778 1160 3845 amicicie
1177 3780 1227 3843 hic
1243 3780 1356 3859 tribuo,
1378 3780 1518 3845 calamus
1539 3800 1608 3843 eum

303 3894 408 3948 mente
429 3884 607 3948 concordat.
651 3882 844 3963 Concedam,
866 3903 985 3967 precor,
1008 3885 1084 3963 fata,
1104 3889 1139 3947 ut
1160 3890 1234 3947 ante
1254 3882 1320 3947 l'atu
1335 3902 1439 3948 coram
1453 3884 1609 3967 possimus

371 4010 535 4055 =mmm
606 3992 805 4053 Mmum
876 4001 1076 4053 mmmm

364 4222 375 4263 ¹
399 4226 496 4282 Horuz.
519 4225 627 4279 Satiron
640 4225 663 4300 1,
678 4224 705 4276 4.
718 4223 755 4276 40
766 4254 799 4261 ——
809 4223 854 4278 41.

363 4302 377 4343 ⁸2
398 4307 457 4359 :lus
477 4307 539 4359 dem
552 4305 646 4359 Briefe
667 4304 752 4359 scibat
775 4305 882 4375 ergiebt
903 4324 932 4359 cs
953 4305 1021 4374 sich,
1042 4306 1104 4359 dass
1125 4305 1245 4358 darauf
1262 4306 1314 4359 dou
1338 4305 1384 4361 27.
1399 4306 1468 4377 Aug.
1487 4306 1608 4361 fallendo

302 4386 440 4457 liuiustag
463 4386 585 4457 gemcinr
608 4386 651 4441 ist.
693 4384 745 4437 uin
770 4385 870 4439 andrer
888 4386 1027 4458 Rui'nstug
1048 4386 1112 4440 fallt
1132 4384 1183 4439 auf
1201 4387 1254 4441 deu
1279 4386 1325 4443 28.
1348 4386 1416 4441 Nou.
1459 4387 1566 4442 Krausc
1588 4386 1610 4457 l,

303 4466 338 4520 41
363 4467 451 4520 kennt
471 4473 592 4520 ereberen
614 4466 698 4519 nicht.

362 4541 377 4585 ³
397 4546 459 4619 vgl.
482 4546 528 4601 lh.
540 4546 566 4602 8.
588 4547 614 4602 S.
628 4546 672 4601 12.
693 4545 776 4601 Auru.
791 4546 817 4603 l.
