3625 5192
321 328 371 381 186
688 324 951 393 Geschichtsquollen
969 325 1022 379 der
1039 325 1115 379 Pron
1132 324 1256 379 Sscbsen.

318 476 403 541 enirn
426 475 521 556 longa
542 482 574 539 et
596 481 719 537 matura
740 472 979 539 deliberatione.
1021 474 1074 539 De
1094 474 1227 539 Vnolsco
1248 474 1325 556 quid
1346 473 1477 537 dicam‘l
1519 473 1626 557 Negli-

318 579 385 659 gitl
414 584 446 641 et
472 578 620 641 connivet
645 586 677 641 et
697 596 757 657 ego
777 595 920 640 susurros
941 577 1130 641 vicariorum
1153 584 1266 640 metuo.
1307 576 1469 641 Duronius
1491 579 1626 660 pessime

318 680 396 761 agit.
438 676 528 758 Hero,
567 678 707 757 Urbane,
728 678 921 742 Musardus²
943 678 1094 743 Lotinnus
1116 678 1216 760 garrit
1236 678 1268 742 in
1291 696 1398 742 aurem
1421 680 1514 760 patri.
1555 679 1626 743 Nou

318 802 398 867 opns
425 789 486 859 est,
517 788 551 845 nt
576 788 609 845 tu
632 780 806 844 Cerberos3
835 800 1028 867 promoveas.
1070 780 1180 845 Lotius
1201 788 1366 863 utrumqne
1383 781 1444 845 lert
1464 781 1497 844 in
1518 781 1627 861 oeulis,

319 892 482 967 utrumqne
510 884 677 948 Musardus
706 884 834 948 assidue
856 884 973 948 attollit
997 892 1030 948 et
1057 885 1135 951 facit
1161 884 1312 947 cariorem
1333 884 1420 966 apud
1441 883 1625 948 Duronium.

320 987 403 1051 Audi
434 1008 499 1051 rem
525 994 663 1068 gestam:
692 986 801 1050 Lotius
827 985 947 1068 effecit,
975 994 1009 1050 ut
1035 984 1207 1069 Bospach⁴
1236 987 1297 1050 iste
1320 989 1426 1051 latens
1453 994 1539 1051 esset
1558 1006 1627 1069 pro

318 1096 443 1153 curator
474 1109 538 1153 nna
574 1108 643 1152 curn
672 1088 910 1152 Armbrecht0⁵.
958 1089 1009 1152 lta
1041 1088 1229 1172 copulantur
1261 1106 1355 1171 pares
1382 1106 1453 1151 cnm
1486 1088 1624 1169 paribus.

319 1192 436 1257 Datum
470 1200 519 1256 est
545 1210 657 1255 munus
686 1190 907 1271 Armbreebto,
939 1190 1068 1255 dabitur
1095 1191 1198 1255 eciam
1224 1188 1418 1255 Rosbaccbo.
1466 1189 1545 1254 blibi
1573 1210 1624 1254 ne-

317 1302 426 1377 gatum
455 1304 512 1358 est.
555 1292 653 1357 Ornvi
682 1301 714 1357 et
740 1294 907 1376 postulavi.
950 1293 1041 1358 Nihil
1072 1292 1168 1357 dedit.
1217 1292 1360 1372 „Levius
1388 1291 1423 1355 fit
1450 1292 1624 1375 paciencia,

318 1396 468 1479 quiequid
494 1398 652 1477 corrigere
673 1402 722 1460 cst
743 1396 883 1460 nelns⁶.“
926 1396 984 1476 ,si
1006 1415 1069 1460 non
1085 1402 1190 1477 potest
1201 1393 1280 1473 lieri,
1299 1394 1383 1476 quod
1404 1395 1463 1472 vis,
1486 1392 1521 1458 id
1536 1394 1650 1473 velia·

317 1498 400 1580 qnod
420 1499 553 1582 possis,“
573 1499 676 1581 inquit
692 1498 889 1563 Te1·entius⁷.
929 1498 999 1576 Quo
1016 1516 1050 1562 se
1066 1498 1160 1561 vertit
1174 1495 1339 1561 notarins⁸
1360 1498 1446 1560 curie
1461 1496 1626 1561 novellus?

318 1601 377 1665 Cui
399 1610 484 1665 secte
505 1600 614 1665 heret?
655 1600 804 1684 Explere,
824 1620 864 1665 ne
884 1620 935 1665 me
956 1599 1214 1665 circumveniant.
1258 1599 1292 1663 Si
1314 1598 1431 1680 dignus
1451 1606 1501 1663 est
1519 1605 1626 1664 nostra

318 1703 501 1784 sedulitate,
530 1704 736 1781 salutabitur,
758 1704 784 1768 si
805 1722 937 1768 aversus
960 1712 991 1767 et
1012 1704 1158 1781 infestor,
1184 1703 1250 1766 alia
1270 1721 1350 1786 opus
1372 1702 1433 1765 erit
1453 1703 1517 1765 via
1558 1702 1624 1765 lam

317 1805 424 1871 audivi
455 1806 548 1871 malis
574 1806 696 1871 artibus
723 1806 840 1875 l'actnrn
870 1825 956 1885 esse,
986 1813 1021 1869 nt
1046 1789 1130 1871 idern
1163 1804 1294 1870 tabellio
1317 1804 1536 1889 Campegnm⁹
1558 1824 1625 1887 pre·

317 1910 448 1975 veniret,

397 2011 465 2077 Heo
485 2030 639 2095 concerpe
661 2012 776 2095 raptim
798 2010 870 2077 lusa
891 2011 995 2092 magis
1016 2030 1111 2092 qnam
1133 2009 1261 2093 scripta.

387 2136 567 2182 Hnndschriltl.
578 2136 598 2181 F
609 2135 658 2183 499
670 2135 791 2182 1019131
803 2134 888 2182 -813
897 2150 920 2183 v.

317 2254 399 2372 ece.
421 2301 465 2367 n.
487 2320 532 2368 an
556 2300 692 2368 utnon.
1177 2300 1326 2384 (coeno)
1343 2305 1433 2375 1515.
1476 2303 1622 2373 111111.

386 2425 447 2471 blut.
474 2426 531 2473 teilt
555 2427 613 2485 mit,
642 2426 698 2473 dass
724 2427 768 2472 dor
794 2428 938 2473 Subdinnum
961 2426 1115 2487 Wahrsnger
1137 2428 1237 2473 sndliob
1263 2430 1376 2475 eutlsrvt
1398 2430 1433 2475 sei
1462 2428 1513 2475 und
1542 2429 1627 2477 binter

315 2496 413 2543 Srbloss
440 2498 490 2543 und
516 2498 601 2555 Riegel
626 2497 693 2543 sitae.
737 2498 769 2542 Er
797 2498 848 2543 will
877 2497 994 2543 wdhrend
1028 2496 1073 2543 der
1102 2499 1223 2544 niiebstcn
1257 2499 1348 2544 Ferien
1374 2514 1425 2545 von
1448 2499 1549 2546 Gerlrus
1575 2499 1624 2545 den

196 2600 213 2629 ,
313 2566 397 2612 (lodex
416 2566 548 2613 Inratininrri
567 2568 680 2625 gelichen
700 2568 790 2613 haben.
828 2566 913 2613 Urban
931 2568 993 2613 selle
1011 2583 1055 2613 zur
1073 2568 1238 2615 Franklnrter
1257 2568 1336 2615 Messe
1358 2570 1453 2629 gehen,
1474 2570 1527 2615 Abi
1545 2570 1624 2615 Hart-

319 2652 394 2683 mann
415 2638 496 2684 werde
515 2638 662 2684 bolientllub
683 2638 738 2683 dcrn
758 2638 884 2697 Nepotiani
902 2638 1090 2683 Anwnrtscbaft
1108 2639 1153 2684 aul
1167 2639 1223 2685 eine
1242 2639 1353 2685 Plrfinde
1370 2640 1507 2686 verleiben.

397 2736 547 2819 Spectato
575 2736 643 2800 viro
672 2736 809 2801 Henrico
837 2734 1011 2815 Urbano,
1041 2735 1230 2820 philosophe
1258 2736 1392 2820 insigni,
1423 2738 1527 2803 amico
1555 2739 1627 2803 sine

318 2838 505 2921 exceptione
527 2858 650 2922 semper
671 2839 813 2920 colendo,
835 2837 996 2903 Mutianus
1016 2837 1124 2904 Rnlns.

396 2940 428 3005 S.
471 2939 538 3004 Etsi
566 2941 611 3005 nil
637 2942 731 3015 l'oret,
761 2940 891 3006 Urbane
920 2940 1099 3011 carissime,
1127 2940 1209 3022 quod
1238 2944 1418 3007 necessario
1445 2943 1629 3023 scriberem,

316 3046 389 3123 (rrae
412 3044 495 3106 enim
519 3062 619 3126 nuper
640 3042 808 3107 scribenda
831 3050 922 3107 erant
941 3042 982 3126 de
1005 3041 1114 3107 Hessis
1124 3045 1151 3089 ¹0
1171 3050 1202 3107 et
1223 3042 1354 3109 domina
1373 3047 1467 3111 Anna
1477 3047 1513 3121 1¹,
1542 3066 1628 3111 nnnc

315 3145 451 3225 gratiam
475 3145 523 3207 sni
547 3144 766 3229 perdiderunt)
787 3144 894 3211 oblato
916 3153 1022 3209 tamen
1044 3144 1224 3228 Nepotiane
1234 3148 1263 3190 1²
1285 3147 1370 3211 nolui
1391 3147 1483 3229 mibi,
1507 3150 1541 3213 id
1566 3159 1626 3229 est,

315 3248 485 3331 voluptati,
511 3247 666 3329 siquidem
695 3248 795 3311 literis
821 3267 879 3313 sua
900 3255 1027 3313 constat
1046 3248 1208 3330 voluptas,
1234 3245 1354 3312 deesse
1395 3249 1545 3332 Accipies
1566 3252 1626 3332 igi-

315 3356 378 3421 tur,
405 3348 488 3431 qnod
518 3348 622 3413 forsan
645 3348 687 3412 ab
708 3350 782 3414 aliis
801 3350 864 3414 dici
887 3357 1025 3432 poterat:
1055 3351 1119 3413 Iste
1139 3350 1544 3430 thesaurarins1³nebnlo,
1572 3354 1627 3435 qni

380 3520 388 3561 ¹
411 3522 608 3595 vg1.Br.5ln.
696 3555 700 3564 ·

377 3600 390 3641 ²
415 3603 474 3667 Vel.
486 3604 528 3659 Br.
541 3602 598 3657 464
619 3603 647 3658 S.
661 3604 714 3657 121
740 3604 820 3660 Arum.
836 3607 862 3662 6.

376 3680 391 3723 3
410 3683 464 3755 Vgl
486 3684 531 3741 Br.
545 3684 602 3737 444
624 3684 649 3739 S.
663 3686 718 3737 102
734 3686 816 3741 Auru.
829 3684 855 3752 5,
876 3688 948 3741 atich
970 3686 1015 3742 Br.
1028 3686 1085 3739 449
1108 3686 1136 3743 S.
1153 3684 1217 3742 106.

376 3760 391 3802 ⁴
412 3764 473 3836 vgl.
487 3765 601 3820 91944
624 3766 650 3823 S.
662 3766 721 3819 320
743 3766 825 3821 Anm.
839 3767 865 3821 4.

377 3840 391 3883 5
412 3846 475 3917 Vgl.
490 3845 533 3899 Br.
546 3846 601 3901 511
626 3847 651 3903 S.
675 3846 733 3900 175
754 3846 837 3900 Anm.
852 3847 876 3901 l.

377 3920 391 3963 ⁶
412 3926 509 3981 Horae.
531 3926 609 3982 Oden
623 3927 644 3983 I.
663 3927 710 3983 24.
729 3927 866 3985 tlt-20.

377 4001 390 4045 ⁷
411 4006 514 4061 Andria
526 4006 562 4062 11.
583 4009 606 4062 1.
622 4006 717 4065 5-6.

377 4081 391 4123 ⁸
413 4088 470 4141 Dor
491 4088 661 4159 Naulrfolger
682 4090 730 4143 des
754 4108 801 4143 ror
822 4090 933 4144 lrurzem
956 4090 1152 4143 vcrstorbenen
1175 4088 1266 4143 Dndo.
1310 4088 1373 4159 vgl.
1386 4087 1433 4143 Br.
1446 4088 1515 4142 519.

377 4162 390 4207 9
409 4168 541 4239 Pyrrhus,
562 4170 615 4223 den
640 4168 802 4239 Schiitzling
823 4168 953 4227 Mutians.
996 4168 1162 4240 lignerus
1183 4168 1278 4222 8117
1299 4168 1383 4223 Anm.
1401 4170 1426 4224 1.

379 4244 407 4287 ¹⁰
427 4248 459 4304 In
483 4248 588 4303 Hcssen
611 4251 743 4304 danen-ten
765 4250 810 4305 die
831 4248 919 4304 listers
941 4252 1101 4305 erwiihntou
1123 4248 1259 4305 Unruben
1281 4249 1343 4304 fort

379 4325 405 4366 ¹¹
429 4330 490 4400 Vgl.
503 4328 547 4383 Br.
560 4330 614 4383 llll
640 4331 665 4387 S.
683 4331 720 4384 60
741 4331 823 4387 Anm.
837 4332 862 4387 l.

379 4405 405 4447 ¹⁴²
427 4410 537 4465 Urbana
559 4410 648 4465 Neffe.
867 4466 868 4471 ,

377 4486 404 4527 ¹³
428 4490 480 4543 Am
508 4492 603 4546 Raude
638 4493 687 4546 der
710 4490 892 4547 Frankfnrter
920 4491 1104 4545 Hendsehrift
1136 4490 1283 4561 „nriolus“
1315 4491 1357 4545 als
1381 4490 1482 4546 Gloasc
1510 4502 1634 4564 gesetzt

316 4570 377 4643 vgl.
400 4571 468 4625 iiber
489 4571 582 4627 diesen
605 4572 773 4643 Wahrsnger
796 4572 839 4627 Br.
853 4572 911 4627 519
925 4591 951 4631 n.
970 4572 1037 4628 520.
