3625 5192
344 354 394 417 132
714 355 974 434 Geschichtsquellen
992 367 1041 420 der
1058 358 1133 420 Prov.
1150 363 1274 421 Sachsen.

337 545 394 614 93.
417 546 661 618 ll.anUrban.
755 547 898 630 (biotha.
928 548 1113 616 Zulschcn
1125 548 1324 619 Endclbtlb
1334 569 1371 616 u.
1383 548 1517 617 llerhst
1529 551 1643 634 1508.)

408 674 470 721 Mat.
495 674 565 734 klagt
589 675 650 724 ilbs‘r
675 675 715 720 die
741 675 884 722 hiimischen
909 676 960 721 und
983 675 1104 722 albornen
1129 676 1290 732 Nacbreden‚
1314 677 1408 721 welche
1429 676 1498 722 scine
1521 676 1644 735 Kollegen

335 743 384 790 last
403 745 495 804 thglich
514 759 591 804 gagen
611 745 655 791 ihn
674 751 828 792 amstrauou.
867 746 921 792 Dan
938 746 1056 791 Vota-uri
1075 746 1119 791 der
1136 746 1239 791 Hdresic
1262 746 1288 790 in
1308 747 1404 791 Betrcti
1424 746 1467 792 deu
1489 746 1644 792 kirchliclreu

335 815 445 932 llolgmabp
469 830 517 861 von
542 816 586 862 dar
604 815 789 874 Auierstehung
813 815 856 862 dos
881 816 1007 862 Flolsches
1030 816 1100 861 weist
1128 830 1155 862 or
1176 816 1203 862 in
1226 816 1408 862 ausshhrlichsr
1432 817 1577 876 Darlegung
1594 832 1646 863 von

336 899 371 930 are
408 900 448 934 a.

414 991 552 1057 Heurico
565 991 737 1071 Urbano,
760 993 944 1075 presbytero
961 1000 993 1058 et
1010 1012 1178 1074 economo,
1206 1000 1339 1076 patrono
1361 995 1557 1059 literatorum
1579 1013 1646 1074 suo,

335 1095 497 1160 blutianus
519 1093 625 1159 Rufus.
709 1173 711 1182 γ

417 1197 448 1260 S.
491 1195 659 1262 Prudentis
674 1203 731 1273 est,
753 1197 847 1261 etiam
861 1198 889 1261 si
901 1197 1016 1272 doleat,
1039 1197 1240 1262 dissimulare
1253 1198 1479 1262 conscientiam
1492 1206 1523 1263 et
1541 1199 1645 1264 cordis

334 1299 476 1364 nubilum
508 1299 620 1363 l'rontis
652 1299 823 1363 serenitate
855 1299 1025 1364 discutere.
1073 1300 1194 1383 „Spem
1225 1301 1313 1364 vult-u
1349 1301 1513 1374 simulat“,
1544 1301 1646 1383 iuquit

336 1400 519 1482 Vergilius¹
541 1401 581 1465 de
594 1400 718 1482 Ulysse,
739 1401 876 1484 „premit
897 1403 994 1466 altam
1017 1401 1111 1466 corde
1132 1400 1301 1466 dolor·em.“
1344 1401 1414 1484 Ego
1434 1422 1496 1466 uon
1517 1403 1646 1467 omuino

334 1523 455 1580 vecors,
477 1502 534 1567 sed
556 1503 734 1567 rusticanus
756 1510 788 1566 et
808 1503 954 1587 simplex,
975 1503 1065 1569 tbrtis
1085 1511 1118 1567 et
1140 1503 1247 1569 alacer
1268 1506 1380 1569 resisto
1402 1504 1539 1570 rabiosis
1559 1505 1645 1570 cani-

337 1605 405 1670 bus.
446 1605 578 1670 Tacitus
600 1610 705 1669 tamen
727 1604 831 1669 Deum
851 1626 922 1685 oro,
945 1605 1172 1688 utaliquando
1194 1607 1326 1671 reticere
1348 1605 1489 1686 discant,
1508 1607 1562 1689 qui
1585 1607 1643 1671 etsi

336 1706 421 1789 loqui
444 1707 602 1787 nesciant,
622 1707 738 1772 latrant
759 1716 863 1772 tamen
884 1716 916 1772 et
935 1709 1055 1792 arrepti
1075 1708 1184 1773 morbo
1205 1709 1384 1788 frenetico⁸,
1410 1709 1555 1773 mordent
1574 1727 1643 1771 eru·

336 1807 428 1874 ditos.
469 1809 669 1874 Precidenda
689 1810 797 1890 lingua
819 1808 976 1874 dementis
997 1816 1054 1888 est,
1075 1830 1115 1875 ne
1127 1811 1225 1876 tocies
1236 1810 1365 1893 impunc
1384 1816 1490 1875 ab'reur
1502 1810 1645 1875 verberet

336 1919 367 1976 et
388 1913 504 1977 carrina
525 1912 757 1976 vocil'eracione
778 1911 865 1976 ledat
885 1914 1002 1977 lauram
1030 1914 1191 1977 bonorum.
1234 1912 1422 1993 „Urbanus‚
1449 1913 1645 1995 Spoletinus,

336 2017 497 2081 Matienus
518 2022 610 2098 poete
631 2021 713 2093 sunt,
734 2034 828 2097 grece
849 2014 1027 2096 loquuntur,
1048 2016 1088 2079 de
1110 2015 1204 2079 rebus
1219 2013 1338 2079 divinis
1355 2015 1452 2097 impie
1474 2015 1643 2080 sentiunt.“

335 2119 429 2183 Talia
451 2120 617 2181 iactantur.
661 2116 781 2181 Ultima
802 2115 986 2181 crinrinacio
1013 2117 1095 2181 t'alsa
1121 2124 1169 2180 est
1195 2123 1227 2180 et
1249 2115 1408 2181 ementita.
1456 2116 1536 2193 Quis
1557 2117 1641 2181 enim

334 2220 465 2286 Urbano
477 2220 665 2302 religiosior,
688 2219 855 2298 Spalatino
870 2219 1018 2299 sanctior,
1041 2219 1182 2284 blotiano
1193 2218 1366 2284 sincerior?
1408 2218 1442 2282 Si
1455 2238 1529 2282 vero
1549 2226 1666 2313 poetex

336 2342 458 2397 somus,
478 2321 571 2386 doleo
591 2341 648 2386 nos
670 2341 731 2384 uon
751 2339 820 2386 esse
842 2341 975 2402 magnos
994 2327 1121 2402 poetas,
1147 2321 1258 2403 qrrales
1287 2329 1361 2385 sunt
1381 2321 1528 2403 Baptista
1554 2321 1642 2384 Mau-

336 2434 450 2489 tuanus
477 2431 508 2488 et
540 2424 730 2489 consimiles.
778 2421 859 2487 lllud
895 2442 1047 2506 perquam
1076 2423 1243 2488 ridiculum
1269 2429 1318 2488 est
1343 2424 1428 2504 loqui
1456 2441 1514 2488 nos
1539 2443 1641 2504 grece.

337 2526 385 2592 lta
409 2528 511 2606 aiunt,
544 2545 616 2590 nam
638 2545 766 2607 grecum
790 2545 859 2589 esse
880 2533 994 2606 putant
1015 2524 1047 2588 id
1070 2544 1177 2606 omne,
1198 2526 1282 2606 quod
1308 2525 1462 2590 nesciunt.
1507 2522 1643 2588 Auditus

335 2637 398 2708 eat,
424 2629 478 2710 qui
504 2628 667 2711 propalam
693 2628 827 2692 diceret:
863 2628 955 2708 „Nos
981 2627 1134 2692 hacteuus
1163 2628 1262 2692 latine
1291 2627 1483 2709 scripsimus.
1532 2626 1642 2692 Exorti

334 2736 408 2796 suut
430 2730 505 2796 novi
526 2729 719 2808 literatores,
744 2729 798 2810 qui
825 2731 1013 2811 grecissant
1054 2729 1109 2794 Sic
1129 2731 1289 2812 exquisita
1315 2736 1348 2795 et
1368 2731 1486 2795 nobilis
1505 2729 1642 2794 eruditio

334 2839 442 2898 nostra
463 2831 600 2897 ludibrio
624 2831 786 2896 habetur.“
829 2832 992 2910 llveuietl,
1013 2851 1120 2915 spero,
1150 2840 1186 2895 ut
1205 2831 1365 2917 dieamin
1388 2833 1557 2916 superbum
1578 2832 1641 2896 cla-

333 2942 498 3000 matorem:
526 2934 682 3015 „Paravit
708 2934 785 2998 mihi
812 2934 935 2998 foveam
955 2942 988 2999 et
1013 2933 1083 3014 ipae
1112 2933 1225 2997 incidit
1251 2935 1284 2999 iu
1311 2935 1433 2998 ean1.“‘·'
1480 2938 1641 3017 Sparguut

333 3036 454 3102 iuvidic
475 3056 531 3100 ane
553 3056 684 3116 venena,
707 3036 763 3100 sed
785 3035 848 3100 virn
871 3036 1007 3116 antidoti
1028 3036 1126 3100 nostri
1148 3037 1301 3106 nesciunt.
1344 3037 1640 3118 AngelusSathane

333 3139 571 3222 transfiguravit
603 3159 637 3204 se
673 3140 703 3202 in
740 3141 884 3222 angelum
917 3139 1012 3214 lucis,
1049 3145 1083 3202 ut
1114 3139 1305 3220 imaginaria
1333 3139 1547 3204 sanctitudine
1583 3159 1641 3204 uos

333 3241 485 3303 σκεπτικοὶ
505 3260 558 3306 seu
583 3241 748 3302 ἐκλεκτικοὶ
770 3240 949 3326 philosophi
974 3248 1154 3305 terreamur.
1198 3241 1269 3305 Non
1297 3241 1449 3325 prol'uerit
1479 3241 1542 3305 illis
1572 3259 1641 3323 per-

333 3363 425 3424 sona,
455 3364 517 3409 non
540 3362 646 3408 sumus
668 3343 729 3423 illi,
756 3343 809 3425 qni
832 3342 969 3408 clamore
996 3342 1082 3406 velut
1107 3363 1235 3408 anseres
1262 3343 1485 3408 deterreamur.
1534 3343 1575 3406 nt
1600 3363 1640 3408 ue

333 3445 506 3511 fabulando
527 3445 710 3511 recedamus
730 3444 858 3509 omnino
880 3444 923 3510 ab
944 3445 1130 3525 eruditione,
1151 3444 1272 3527 dicam,
1293 3444 1370 3528 quid
1393 3445 1461 3510 heri
1480 3446 1513 3508 iu
1536 3444 1640 3509 cilicio

333 3549 486 3613 matutino
499 3547 627 3630 quidam
639 3547 802 3612 excestria
816 3546 946 3620 diaboli,
970 3546 1028 3611 hoc
1049 3554 1106 3626 est,
1127 3547 1346 3612 conventiculo
1368 3547 1583 3612 clericulorum
1606 3547 1638 3611 io

332 3670 390 3716 nos
418 3651 601 3716 evomuerit.
652 3651 782 3733 Legitur·
813 3648 961 3730 Gregorii
992 3650 1067 3714 vita.
1116 3649 1293 3730 Laudatur,
1325 3648 1408 3732 quod
1432 3649 1641 3714 confutaverit

332 3773 439 3818 eorum
468 3753 617 3832 heresim,
658 3752 711 3834 qui
745 3753 906 3834 negabant
942 3753 1048 3817 carnis
1081 3753 1350 3818 resurrectionem.
1403 3752 1483 3815 Turn
1510 3750 1639 3832 quidam

332 3855 498 3920 edentulus
517 3855 638 3921 sonatio
659 3875 708 3919 me
729 3855 831 3937 digito
854 3854 1064 3926 monstrabat,
1093 3861 1245 3936 uuquam
1271 3855 1334 3918 ista
1361 3853 1509 3936 impietas
1535 3853 1567 3916 iu
1589 3873 1639 3917 me

332 3977 455 4040 quoqne
469 3958 666 4022 redundaret.
709 3957 793 4034 Quid
815 3964 878 4022 tum
901 3956 1061 4022 tacerem?
1101 3955 1258 4022 Sedebam
1272 3957 1305 4020 in
1325 3946 1430 4037 ἐξέδρᾳ.
1450 3954 1640 4034 etllavidis,

333 4059 484 4138 ldithurn,
515 4061 643 4144 Asaphc
670 4067 701 4124 et
728 4057 862 4126 liliorum
891 4061 994 4125 Chore
1020 4077 1128 4124 sacros
1159 4058 1291 4141 hymnos
1320 4059 1430 4139 (vulgo
1454 4055 1638 4142 psalterium

330 4167 458 4234 vocant)
481 4163 511 4226 iu
534 4183 628 4226 manu
652 4163 808 4228 habebam
831 4183 893 4251 non
916 4162 979 4243 liti,
1005 4163 1061 4226 sed
1083 4161 1230 4245 precihus
1252 4161 1398 4225 intentus.
1443 4159 1530 4222 illico
1550 4157 1639 4220 venit

400 4321 412 4349 ¹
433 4323 464 4367 'lte
483 4323 635 4380 phrenetico.
708 4305 720 4340 ¹¹
741 4323 772 4366 l'a
791 4321 914 4368 lleccmot.
986 4313 996 4340 ⁰
1019 4320 1051 4364 Y:
1069 4320 1173 4379 Asaaplr.

395 4612 402 4650 ¹
425 4615 607 4685 nor.1,·209.
691 4613 704 4654 ²
728 4614 860 4688 Psalmi,
877 4615 920 4671 lb.
