3625 5192
573 326 663 385 Briele
680 324 800 383 Matiane
817 326 877 383 287.
896 326 954 383 288.
973 326 1031 383 289.
1050 326 1110 383 290.
1443 328 1495 384 277

189 492 302 543 aureos
328 496 480 542 nummos.
527 478 611 555 Quid
639 478 755 543 faciam
787 478 861 543 vis?
912 479 947 543 Si
979 476 1150 558 edificabo,
1178 478 1291 559 grandi
1323 497 1403 561 opus
1436 480 1497 543 erit

190 580 338 662 pecunia,
370 579 397 641 si
425 580 552 660 cedam,
583 579 691 644 dicent
716 580 840 645 Lotiani
868 580 916 660 io,
949 580 979 644 io
1005 580 1170 663 triumphe.
1228 582 1281 645 Sic
1309 580 1493 663 Erphurdie

189 682 304 746 nedum
326 681 378 745 bic
401 700 560 745 vexamur.
611 683 748 745 Primum
777 684 916 763 loquaris
942 702 996 747 oro
1023 702 1093 746 cum
1116 682 1287 766 Schylone,
1317 682 1394 765 quid
1422 702 1495 749 con·

188 784 281 849 sulat.
322 782 447 847 Deinde
472 802 542 846 cum
564 784 783 865 Engelmauno
810 786 842 848 in
861 784 943 849 bunc
964 784 1107 863 modum,
1137 794 1169 847 ut
1195 792 1344 867 tanquam
1367 792 1496 867 rogatus

189 906 286 951 ame
322 885 476 951 ascendat
508 905 578 949 cum
607 886 807 950 vicedomino
840 893 872 949 et
899 886 1106 970 introspiciat.
1157 886 1191 950 Si
1222 886 1426 963 consuluerit,
1450 878 1496 951 'ut

124 1062 129 1070 ¹
188 990 314 1071 capiam
334 988 363 1051 li
380 1008 502 1054 annuos
522 988 590 1051 iure
604 1008 673 1053 meo
692 988 827 1068 deserto,
847 998 921 1052 tunc
934 988 1113 1069 alloquatur
1128 989 1265 1054 vicarios
1288 996 1319 1052 et
1339 988 1494 1072 petatlll.

188 1091 257 1170 ugo
284 1110 359 1155 vero
387 1090 511 1155 fatebor
540 1089 615 1153 tibi:
648 1088 805 1155 Edilicare
825 1090 880 1153 vix
902 1109 1028 1172 possum
1055 1097 1086 1155 et
1107 1090 1250 1155 Lotianis
1271 1098 1303 1155 et
1326 1089 1493 1173 llospaobl

188 1192 301 1256 cedere
321 1211 500 1274 gravamur.
544 1192 637 1255 Dicet
659 1191 782 1257 latius:
812 1190 912 1256 Nihili
937 1191 1028 1256 borno
1051 1199 1100 1257 est
1121 1192 1282 1257 Mutianus
1310 1192 1494 1275 etreliqua.

187 1294 295 1371 Quid?
335 1296 369 1358 Si
397 1293 599 1357 Herebordus
629 1302 757 1376 pararet
790 1293 852 1357 sibi
884 1293 1082 1376 hospicium?
1129 1294 1192 1357 Sed
1228 1294 1364 1378 pecunia
1398 1302 1494 1359 earet.

187 1396 296 1473 Quid?
339 1396 375 1460 Si
397 1396 521 1460 Petreio
542 1395 709 1459 cederem?
751 1394 814 1459 Sed
839 1394 953 1459 vicarii
983 1395 1172 1461 recusabunt
1200 1405 1232 1460 et
1259 1404 1366 1459 neuter
1387 1414 1493 1461 eorum

188 1500 357 1563 instrueret
383 1505 439 1562 ant
464 1498 582 1561 l'aceret
605 1504 748 1580 sumptus
777 1497 809 1559 in
838 1504 1031 1561 structuram.
1079 1498 1208 1563 Summa
1234 1498 1293 1562 bea
1321 1498 1376 1579 sit,
1403 1504 1494 1563 utta

188 1620 313 1683 sequar.
353 1601 389 1665 Si
414 1598 523 1664 audito
543 1598 701 1681 Scbplone
728 1605 760 1661 et
783 1598 1001 1680 Engelmanno
1024 1599 1168 1679 iusseris,
1190 1608 1223 1663 ut
1242 1599 1402 1680 edificem,
1429 1598 1494 1663 edi-

188 1702 300 1781 licabo,
323 1701 361 1781 s'i,
382 1710 416 1765 ut
435 1701 556 1779 cedam,
578 1700 685 1764 statim
705 1719 838 1779 cessero,
858 1720 1038 1782 quanquam
1058 1702 1207 1765 nralorurn
1230 1702 1332 1766 irrisio
1352 1701 1423 1785 plus
1445 1721 1495 1766 mc

189 1814 289 1887 angat
314 1823 409 1886 quam
435 1802 655 1868 detrimentum
683 1803 729 1866 rei
754 1802 930 1867 familiaris.
983 1803 1115 1883 Valeas,
1140 1803 1259 1887 optimc
1286 1811 1390 1887 pater,
1418 1804 1494 1869 arui-

188 1926 295 1971 corum
311 1906 542 1970 cordatissime.
917 1900 920 1907 ⁴

258 2030 439 2077 asarenam.
459 2028 541 2077 naso
560 2029 600 2075 ror.
612 2028 804 2077 rosv-rost.

189 2216 273 2289 220.
298 2216 342 2290 ll.
364 2237 408 2284 an
433 2218 613 2285 Petreius.
1027 2216 1279 2303 (Guthnllbltl.
1311 2218 1492 2302 ungusta.
1557 2240 1558 2245 ¹

257 2343 319 2389 blut.
339 2344 423 2389 erteilt
441 2344 497 2389 dem
516 2343 629 2402 Petrejus
647 2343 721 2389 cinon
740 2344 847 2401 Aristrag
867 2344 917 2390 und
938 2344 1077 2390 unturwirit
1097 2345 1141 2389 das
1159 2344 1230 2389 'l'buu
1251 2345 1301 2391 und
1319 2344 1426 2391 Treiben
1449 2344 1493 2398 das

185 2413 287 2459 Tilouin
306 2414 376 2459 einer
394 2421 512 2472 struugeu
531 2413 701 2472 Bcurtoilung.

267 2510 426 2591 Petreio
447 2530 503 2573 arro
525 2509 765 2593 disciplinarum
787 2512 881 2576 laude
903 2512 1116 2577 celeberrimo.

266 2612 296 2675 S.
341 2612 530 2676 Stertentem
558 2631 682 2677 menses
708 2620 842 2694 quatuor
869 2622 900 2677 et
921 2635 960 2679 ne
986 2615 1109 2680 literam
1136 2614 1262 2695 quidem
1284 2614 1325 2677 ad
1348 2634 1398 2681 me
1419 2614 1492 2679 scri-

187 2714 311 2778 bentem
332 2716 468 2778 excitavi
491 2715 584 2778 melle
605 2723 637 2779 et
656 2715 729 2779 telle
751 2724 838 2780 tuum
859 2715 1015 2792 at‘linern‘l,
1041 2724 1075 2780 nt
1096 2716 1263 2781 scribendo
1284 2717 1412 2780 tandem
1436 2716 1494 2781 ali-

184 2815 312 2895 quando
334 2816 539 2899 interpolaret
557 2817 806 2881 benevolentiam
840 2802 909 2882 'Ad
929 2826 959 2883 te
976 2838 1060 2899 vero,
1081 2820 1215 2882 amicum
1233 2820 1492 2885 iucundissimum

185 2917 260 2999 quid
287 2918 449 2982 scribam?
491 2919 599 3001 Nuper
625 2918 790 2998 admonui,
822 2930 856 2984 ut
883 2920 1009 2984 officiali
1041 2929 1093 2985 tuo
1122 2921 1266 2985 brevenr²
1292 2922 1434 2986 faceres³
1459 2922 1490 2985 in

184 3020 307 3099 synodo
327 3020 442 3084 celebri
467 3020 686 3085 sacerdotibus
707 3022 927 3086 exhibendum.
972 3022 1035 3103 Tu,
1062 3022 1173 3102 velim,
1198 3024 1306 3107 capita
1326 3022 1437 3104 digere
1462 3030 1494 3087 et
1532 3055 1535 3060 ·

185 3122 283 3185 latine
304 3122 382 3185 ritus
403 3118 512 3186 indica
532 3114 854 3203 mibiqua,¹quicquid
868 3126 1081 3205 congesseris,
1103 3125 1246 3198 ostende,
1270 3131 1303 3187 ut
1323 3144 1493 3207 apponam,

184 3243 246 3285 non
264 3223 366 3287 dicam
389 3224 529 3299 meliora,
550 3223 606 3286 sed
618 3244 656 3287 ea
678 3243 738 3305 que
755 3225 886 3288 rudibus
905 3226 969 3288 sint
990 3226 1126 3306 cognita
1168 3225 1251 3288 Novi
1264 3227 1356 3299 enirn,
1379 3226 1494 3307 quibus

185 3324 291 3389 verbis
317 3325 399 3388 sacri
428 3325 597 3407 gaudeant.
644 3326 812 3390 'liloninus
841 3327 954 3390 vellem
986 3336 1127 3391 maneret
1149 3328 1180 3390 iu
1204 3326 1312 3391 schola
1333 3328 1434 3392 iuris⁴
1462 3336 1494 3391 et

185 3446 254 3489 curm
281 3425 432 3491 studiosis
460 3447 521 3491 non
551 3428 705 3510 satyrice,
734 3427 790 3491 sed
818 3428 998 3493 hurmaniter
1026 3436 1135 3509 ageret
1192 3429 1246 3493 Sic
1273 3428 1494 3493 defenderetur

184 3528 225 3591 ab
242 3529 359 3592 iniuria
376 3530 544 3611 sophorum
562 3535 594 3592 et
610 3531 725 3611 poetici
746 3531 883 3593 nominis
901 3530 1042 3611 dignitas
1054 3530 1231 3614 Erpburdie
1246 3538 1493 3595 conservaretur.

184 3630 274 3708 erod
296 3631 324 3693 si
345 3650 407 3695 nnn
429 3631 500 3707 liet,
521 3632 702 3696 succumbet
724 3637 831 3715 procul
853 3632 950 3696 dnbio
972 3639 1017 3695 tot
1038 3634 1237 3715 gravissimis
1265 3634 1494 3713 professoribus

184 3732 344 3797 diversam
372 3741 493 3797 sectam
522 3732 715 3797 iuvantibus.
764 3734 927 3814 Ingenium
956 3734 1058 3799 tribuo
1085 3744 1149 3798 tunr
1177 3754 1245 3798 urso
1268 3734 1400 3799 Ecbano
1428 3742 1493 3799 turn

185 3832 258 3897 braic
289 3834 453 3915 Tilouino,
486 3836 632 3917 quamvis
665 3835 750 3917 prior
782 3837 823 3899 sit
854 3836 1032 3915 sublimior,
1068 3837 1212 3901 uberiorl
1242 3840 1274 3901 in
1313 3837 1494 3921 pangendis

184 3936 337 4000 versibus.
377 3938 478 4001 Huius
500 3958 574 4001 vero
596 3939 627 4001 in
651 3938 1013 4021 epistoliscacozeliaru⁶
1036 3938 1121 4002 nullo
1143 3939 1235 4003 uredo
1250 3940 1376 4021 recipio.
1419 3940 1493 4004 Vidi

185 4037 327 4102 Bnnonie
354 4040 440 4122 pium
466 4041 705 4121 grammaticum
735 4042 910 4122 insignem,
937 4060 1029 4123 quem
1055 4042 1096 4105 ob
1117 4040 1297 4107 affectatum
1318 4062 1494 4108 sermonem

255 4154 267 4181 ²
286 4162 319 4207 'l'z
336 4161 420 4208 breve.
493 4147 506 4183 ¹³
524 4164 557 4208 Tz
575 4169 601 4210 et
619 4157 728 4211 uberior.
801 4168 812 4197 θ
832 4164 865 4209 Ta
883 4158 1038 4223 κακοζηλίαν.

185 4264 387 4272 -ο-ι-

249 4320 261 4363 ¹
283 4325 474 4394 vguBra44
497 4328 523 4383 S.
536 4328 594 4383 320
616 4329 697 4383 Anm.
709 4330 736 4385 3.

248 4401 262 4443 ⁴2
284 4405 428 4462 Herebord
448 4427 475 4461 v.
496 4411 520 4463 d.
543 4409 679 4464 llanhen.

246 4479 261 4524 3
284 4486 349 4557 Vgl.
368 4487 412 4542 Br.
424 4488 483 4542 245
505 4486 532 4543 S.
544 4488 600 4542 321
625 4508 652 4547 u.
673 4488 719 4544 Br.
732 4489 799 4551 246.

246 4561 261 4605 4
283 4566 346 4639 Vgl.
356 4568 404 4622 Br.
414 4569 471 4622 268
484 4588 510 4625 u.
523 4570 590 4625 280.
