3625 5192
314 360 349 421 dd
684 358 946 434 Gesehiebtsquellen
964 362 1012 420 der
1030 358 1106 421 Pror.
1123 360 1247 421 Ssehsen.

316 513 485 595 consultos,
506 533 567 579 non
589 514 699 594 malos,
721 513 855 596 iniquos,
874 514 1174 580 insolentesimitari
1188 513 1327 579 videare.
1369 512 1552 579 Cavendum
1574 520 1624 579 est

314 618 429 693 etiam,
457 636 498 683 ne
525 618 642 682 rustiee
672 623 705 681 et
732 616 839 701 inepte
866 617 968 682 iaeias
997 618 1192 701 impudentie
1218 616 1433 681 fundamenta.
1483 616 1566 681 Narn
1593 615 1622 679 si

313 720 449 786 forensis
470 738 580 803 opera,
602 720 725 784 venalis
746 720 881 799 libellus,
903 739 964 784 vox
986 720 1181 785 mereenaria
1202 718 1389 801 tyrocinium
1413 726 1514 797 tuum,
1534 724 1620 782 ante-

314 841 410 905 quam
439 822 561 886 maiora
597 820 655 885 tibi
694 820 815 889 auxilia
845 840 884 885 ex
921 821 1061 887 romanis
1096 820 1341 904 antiquitatibus
1376 819 1618 903 comparaverit,

314 926 348 989 iu
369 924 452 1004 fora,
481 931 597 1004 rostra,
628 923 793 1003 basilieas,
819 924 964 1007 comitia,
990 930 1091 1000 estus,
1117 928 1302 995 conventus,
1329 922 1543 988 eoueiliabula
1569 920 1621 986 de-

314 1024 456 1107 duxerit,
480 1025 652 1092 iaetabitur
672 1026 751 1091 ratis
772 1032 828 1090 tna
853 1024 980 1109 maguis
1000 1025 1241 1110 tempestatibus
1269 1044 1348 1089 aura
1369 1022 1514 1109 populari
1536 1024 1622 1089 solli·

314 1131 459 1209 oitante⁸,
480 1135 514 1193 ut
530 1148 633 1211 neque
654 1129 727 1194 vela
739 1128 926 1194 contrahere
938 1148 1040 1210 neque
1061 1126 1441 1211 remospossisiubibere.
1482 1126 1621 1191 Primum

313 1232 428 1315 igitur,
454 1232 483 1296 si
503 1238 589 1297 reete
609 1232 659 1295 vis
680 1230 775 1296 aliisb
796 1232 973 1312 consulere,
1000 1231 1127 1297 eonsule
1150 1229 1218 1294 tibi.
1264 1229 1379 1295 Melius
1406 1228 1623 1313 persuadebis,

313 1354 375 1417 que
396 1333 455 1399 tibi
477 1335 566 1417 prius
586 1333 790 1417 persuaseris.
832 1334 919 1399 Satis
940 1333 1058 1399 diserte
1079 1330 1167 1413 dieit,
1188 1332 1242 1415 qui
1265 1332 1403 1399 honeste.
1445 1332 1552 1397 Bonus
1573 1330 1622 1395 uir

313 1456 376 1502 non
398 1436 467 1519 agit
487 1436 549 1501 nisi
572 1435 673 1503 bonas
693 1455 817 1501 causus.
859 1435 957 1517 Cave,
975 1434 1016 1499 ab
1037 1435 1143 1501 animo
1165 1435 1262 1499 verbu
1277 1433 1475 1500 dissentiant.
1518 1434 1622 1517 Caput

314 1545 364 1605 est
384 1539 462 1603 artis
483 1536 603 1619 disere,
631 1537 716 1620 quod
736 1537 825 1602 lisois.
872 1535 1062 1620 Expeditior
1087 1543 1135 1601 est
1162 1534 1203 1600 ad
1229 1536 1363 1619 gloriam
1390 1537 1460 1615 vie,
1486 1535 1515 1601 si
1541 1536 1622 1601 tales

314 1640 421 1721 simos,
443 1639 554 1723 quales
573 1639 638 1705 diei
659 1638 811 1705 volumus.
851 1639 960 1723 Turpe
978 1644 1035 1719 est,
1057 1639 1083 1703 si
1104 1638 1304 1721 litiganoium
1324 1638 1494 1703 auxiliator
1514 1637 1623 1720 egebit

313 1743 431 1810 auxilo.
472 1742 507 1809 Si
530 1742 596 1806 vis⁰
615 1742 719 1824 legum
746 1742 900 1806 malitiam
926 1740 1125 1822 instruxerit,
1152 1740 1231 1806 nibil
1261 1746 1365 1825 potest
1393 1739 1460 1804 lieri
1486 1739 1621 1823 publicis

313 1844 510 1928 privatisque
531 1842 625 1908 rebus
646 1842 863 1927 perniciosius.
905 1843 1066 1927 Legitima
1091 1842 1262 1927 disciplina
1282 1843 1341 1907 sub
1362 1842 1508 1909 barbaris
1529 1843 1621 1907 inter·

314 1946 456 2031 pretibus
477 1945 563 2029 oepit
583 1964 654 2009 esse
675 1946 763 2010 soeia
783 1945 951 2026 seelerum,
973 1944 1110 2011 adversa
1130 1946 1326 2027 innocentie,
1347 1944 1447 2009 bostis
1468 1943 1620 2009 veritatis.

313 2049 376 2126 Qui
397 2067 471 2112 vero
492 2047 612 2132 seripta
632 2066 691 2113 sua
710 2066 766 2112 seu
788 2048 893 2130 potius
915 2047 1156 2131 compilationes
1182 2066 1256 2113 suas
1283 2046 1428 2111 mereede
1449 2045 1623 2130 publioaut,

313 2149 443 2215 sordido
470 2149 646 2231 loquuntur.
695 2148 806 2231 Neque
834 2150 918 2213 enim
947 2150 1073 2234 penitus
1100 2150 1321 2233 introspiciunt
1349 2148 1481 2215 virtutes
1506 2148 1621 2230 legum,

312 2251 371 2317 sed
399 2252 441 2316 ad
478 2251 611 2334 primum
640 2250 726 2314 velut
753 2252 936 2336 aspectuml
971 2250 1147 2317 subsistunt
1179 2259 1210 2316 et
1242 2251 1321 2316 fiunt
1355 2271 1413 2335 pro
1445 2249 1622 2333 grandibus

313 2354 437 2435 tumidi,
459 2373 515 2438 pro
536 2351 669 2419 sortibus
689 2353 858 2417 temerarii.
892 2352 1078 2419 Laudentur
1100 2354 1250 2437 vulgique
1271 2354 1399 2428 trutina,
1420 2371 1482 2418 non
1505 2352 1622 2417 addd-

313 2454 430 2520 tholair
451 2455 564 2520 librum
586 2454 815 2537 expenduntur.
857 2455 984 2521 Diuites
1004 2455 1081 2521 fiunt
1109 2464 1141 2520 et
1168 2463 1330 2540 potentes,
1356 2455 1433 2537 quia
1453 2456 1553 2520 iorum
1575 2460 1624 2520 est

314 2557 427 2625 messis
446 2576 552 2623 aurea.
593 2556 657 2623 Sed
679 2564 713 2621 tu
735 2556 917 2622 melioribus
945 2576 1051 2623 aurern
1073 2558 1218 2642 prebeas.
1264 2556 1401 2623 Fraudis
1427 2564 1458 2622 et
1485 2556 1622 2623 stultieie

313 2660 411 2743 plena
428 2666 501 2724 sunt
520 2658 635 2723 omnia.
676 2656 759 2723 Nam
782 2679 851 2725 eum
877 2660 1020 2745 preelare
1045 2660 1145 2725 multa
1166 2659 1290 2743 legibus
1311 2666 1417 2725 essent
1441 2660 1622 2740 constituta,

314 2782 355 2827 ea
376 2761 666 2827 iuriseousultorum
694 2760 833 2844 ingeniis
862 2769 1010 2847 eorrupta
1030 2768 1104 2828 sunt
1125 2782 1164 2828 ae
1193 2761 1379 2846 depravata.
1420 2762 1483 2828 Sed
1504 2763 1546 2827 sit
1566 2762 1622 2827 ali-

314 2863 386 2944 quis
405 2863 486 2929 adeo
506 2868 615 2927 eontra
635 2862 800 2929 veritatem
821 2863 1017 2945 obstinatus,
1046 2871 1079 2930 ut
1103 2864 1220 2929 audeat
1241 2864 1347 2930 disere
1374 2870 1406 2930 et
1432 2864 1522 2948 quasi
1551 2883 1623 2929 eou-

313 2965 488 3048 spiratione
515 2966 653 3047 quadam
675 2965 762 3049 vulgi
790 2967 980 3033 reelamare:
1008 2966 1116 3049 „Ergo
1137 2966 1345 3048 Henniugus²
1373 2972 1507 3031 nonest
1533 2966 1621 3030 iuris-

313 3066 473 3133 consultus
484 3065 662 3149 perfeetus?
703 3067 753 3132 Tu
770 3086 866 3145 erras,
887 3067 1137 3155 perfeetissimus
1151 3068 1228 3134 est.“
1271 3068 1518 3134 convincamus¹
1532 3068 1624 3133 burins

314 3184 439 3247 quoque
460 3166 647 3230 amentiam.
689 3164 833 3246 Eminet,
862 3186 902 3232 ne
928 3168 1078 3247 mentiar,
1105 3168 1186 3231 inter
1212 3164 1342 3248 equales
1371 3172 1403 3231 et
1427 3184 1510 3231 nune
1531 3166 1624 3231 adest

384 3268 397 3295 ¹
416 3275 449 3319 l's
466 3273 616 3321 solicitante.
677 3259 777 3322 bIveblt
792 3276 814 3324 d.
832 3277 874 3324 Ta.
945 3270 956 3299 ⁰
977 3278 1035 3323 Μ.
1057 3278 1089 3323 'I'z
1109 3276 1155 3325 iua.
1219 3260 1232 3298 ‘¹
1251 3277 1285 3323 Ta
1302 3278 1373 3323 velut
1391 3277 1470 3322 diriter·
1487 3282 1623 3337 aspertum.

315 3344 380 3390 bes
401 3345 445 3389 bot
468 3359 492 3390 ss
512 3346 680 3404 rsrqrriirtpliclr
701 3346 876 3406 dopsstnndeu,
897 3347 930 3393 iet
952 3347 1009 3393 aher
1031 3348 1197 3407 meteogtict
1219 3362 1264 3393 sorr
1289 3347 1342 3392 dem
1364 3347 1487 3393 b'elrrer'ber
1509 3348 1623 3405 ‹lui-rhys-

314 3414 417 3461 atrr'sbeu
440 3414 543 3461 worden.
615 3410 678 3461 “uz
699 3414 810 3464 Critolai.
881 3400 942 3463 ‘'l'a
960 3417 1183 3465 Communicamus.

376 3556 388 3600 ¹
409 3562 509 3617 Dieser
530 3564 587 3617 und
608 3565 741 3619 maneher
761 3566 862 3619 audere
877 3562 941 3619 Sata
961 3565 1010 3621 des
1028 3563 1344 3636 rorliegendenBriefes
1364 3563 1466 3619 lebnan
1487 3563 1546 3618 sloh
1568 3580 1622 3636 eng

316 3660 352 3697 au
362 3642 517 3706 Quintilian
527 3642 594 3713 XII,
604 3642 629 3697 l.
639 3661 682 3699 an.
724 3640 881 3717 2Ηιιιιιιίιις
891 3644 979 3715 Gdde,
1002 3646 1073 3700 nabe
1089 3644 1135 3700 bei
1147 3644 1305 3715 Havelberg
1314 3643 1447 3715 geboren,
1467 3643 1531 3698 kam
1547 3642 1622 3697 1464

315 3722 388 3777 naeh
401 3721 498 3777 Erfurt
517 3724 572 3778 und
594 3726 702 3779 wandte
723 3725 784 3780 aieh
794 3726 867 3780 noelu
877 3724 1039 3797 Eulangung
1049 3726 1099 3780 der
1108 3724 1351 3797 philosophisohen
1362 3723 1547 3779 Baculariats·
1567 3725 1623 3779 und

315 3802 542 3875 Magisterwiirde
557 3804 607 3859 der
614 3805 794 3874 juristiselren
805 3804 960 3861 Inufbahu
971 3824 1012 3875 zu,
1036 3805 1063 3858 in
1076 3804 1195 3859 weleher
1207 3822 1238 3859 er
1248 3822 1277 3859 ss
1287 3804 1352 3859 bald
1370 3822 1403 3858 au
1414 3822 1444 3858 so
1453 3805 1554 3859 behem
1567 3803 1623 3859 An·

315 3884 402 3939 sehon
423 3883 553 3955 braehte,
578 3885 641 3939 dass
662 3902 693 3939 er
711 3904 765 3940 rou
786 3885 882 3941 aeiuen
903 3885 1099 3957 Zeitgsnousen
1120 3884 1272 3939 Monareha
1291 3884 1359 3939 iuria
1378 3890 1503 3955 genennt
1522 3886 1624 3941 warde.

315 3961 383 4018 Saia
404 3962 538 4019 Iehmmt
564 3982 601 4019 an
622 3966 672 4019 dar
689 3965 816 4021 Eriurter
835 3965 1010 4021 Universittt
1036 3963 1194 4020 balleidete
1220 3982 1250 4019 ar
1276 3965 1320 4020 bis
1339 3982 1400 4019 aum
1423 3964 1508 4020 dabre
1538 3964 1624 4035 1509,

315 4062 368 4110 wo,
388 4058 420 4099 er
441 4044 529 4099 durelr
549 4044 594 4099 die
612 4046 783 4101 stidtisehen
802 4044 915 4101 Wirren
934 4063 988 4100 ron
1011 4044 1071 4099 hier
1091 4044 1261 4112 vertrieben,
1280 4045 1340 4101 sioh
1360 4046 1432 4101 nach
1447 4044 1626 4118 Wittenberg

316 4124 415 4195 begab,
436 4124 493 4179 und
513 4125 637 4180 daselbst
655 4125 699 4181 bis
719 4144 753 4179 zu
771 4125 875 4180 amnem
898 4124 977 4180 Todo
998 4118 1099 4196 (1521)
1122 4130 1202 4180 unter
1222 4143 1344 4197 grossem
1367 4125 1469 4181 Beilall
1493 4126 1622 4185 douierte.

316 4204 433 4273 Mutian,
453 4204 518 4260 weit
538 4204 661 4260 entsernt
681 4205 757 4261 aeine
778 4211 865 4277 guton
885 4204 980 4259 Seiten
1001 4223 1035 4260 au
1055 4204 1222 4276 verkeuneu,
1242 4206 1330 4261 tadelt
1351 4224 1400 4261 vor
1421 4206 1503 4262 allem
1525 4222 1624 4262 unaue·

314 4291 421 4357 gesotm
440 4284 518 4340 aeine
536 4302 631 4355 grosse
641 4284 781 4357 Geldgior.
823 4284 995 4356 Auehgiebt
1012 4286 1070 4339 ilum
1092 4286 1140 4340 das
1162 4286 1346 4359 allzustrsnge
1356 4286 1517 4342 Festhalten
1529 4286 1623 4341 Gddes

316 4384 362 4420 am
376 4363 646 4435 Altbergebraeliten
662 4366 798 4420 manahen
813 4363 914 4420 Aulaas
930 4382 991 4419 eum
1003 4364 1167 4422 Missl'allen.
1208 4367 1340 4422 Indessen
1358 4367 1468 4423 seheiut
1488 4367 1623 4422 eeitweiae

316 4446 365 4499 das
388 4444 565 4499 Verhiiltnias
597 4444 732 4499 arrisehen
762 4444 862 4500 beiden
883 4445 1021 4501 Minoem
1051 4444 1169 4501 beinshe
1198 4447 1242 4501 ein
1269 4446 1549 4501 steurndsohaitliolrsa
1576 4464 1624 4517 ge·

318 4542 408 4579 nosen
428 4543 462 4578 au
487 4525 554 4578 sein
603 4525 819 4595 Kampsebulte,
854 4526 974 4581 waleher
1006 4524 1178 4582 ausfrihrlieh
1201 4528 1270 4581 iiber
1289 4526 1367 4581 Gula
1387 4527 1502 4581 handalt
1529 4526 1564 4589 ll.
1584 4528 1622 4579 39

317 4604 417 4674 -4‘2l
443 4605 619 4659 iiborsolriitzt
645 4606 673 4658 in
695 4606 827 4660 urrarrelrer
846 4606 978 4661 lliusiebt
997 4607 1042 4661 die
1064 4606 1207 4661 wirkliebe
1226 4606 1392 4679 Bedeutuug
1410 4608 1459 4661 dea
1480 4606 1603 4663 Manuos.
