3625 5192
708 366 794 419 ltrielc
812 364 933 420 Mutiaus
953 365 1011 418 stt.
1464 367 1517 420 205

209 513 302 578 domi.
347 514 449 579 Nemo
471 520 576 579 tamen
597 514 691 590 vivit,
719 515 768 578 cui
791 532 854 579 non
877 513 1044 579 obtulerim
1065 514 1228 596 egregium
1249 514 1365 579 donum
1387 521 1518 578 vocatus

209 616 388 682 solenniter.
431 616 529 699 Lege,
558 624 663 700 pater,
685 617 757 699 lege
784 616 841 680 bas
869 616 1000 681 fratrum
1028 617 1151 698 literas,
1172 616 1286 699 quibus
1307 616 1386 681 duros
1407 636 1519 681 aureos

209 719 342 783 mittam.
398 720 476 783 ltem
504 719 647 802 proximo
673 718 726 783 rlie
750 719 823 783 lune
849 738 1001 799 germano
1030 718 1159 784 Henrioi
1184 719 1326 783 Rbanisl
1360 726 1517 784 vetustum

209 820 293 885 dabo
314 819 475 899 florenum,
495 840 586 901 quom
608 820 733 885 ostendi
753 828 805 885 tuo
827 821 1055 885 contubernali.
1087 820 1148 885 Die
1169 822 1245 886 solis
1265 823 1416 906 preterita
1435 841 1518 888 novo

208 922 367 987 sacerdoti
394 942 508 987 munus
532 924 695 1005 copiosum
722 921 854 1003 prestiti.
902 922 957 986 Sic
978 940 1103 1005 semper
1124 922 1242 1004 largior
1262 930 1295 988 ct
1315 922 1519 989 nibilominus

208 1026 287 1090 fatui
309 1024 398 1089 latua
421 1026 601 1106 loquuntur,
623 1031 657 1088 ut
679 1024 781 1107 inquit
802 1024 949 1089 usaias.2
989 1024 1103 1089 Testor
1124 1023 1201 1089 deos
1222 1031 1254 1089 et
1276 1026 1419 1089 homines
1440 1025 1518 1089 mibi

210 1148 271 1190 non
302 1128 427 1212 placere
450 1128 552 1193 Muros
574 1135 606 1191 et
624 1118 803 1209 gregariam
826 1146 971 1209 pennam.
1014 1125 1139 1191 Oblori
1168 1126 1281 1192 insulsi
1306 1134 1338 1191 et
1363 1126 1519 1206 difficiles,

208 1248 364 1311 openua,
389 1231 506 1313 penna!
541 1230 650 1294 Audes
666 1240 698 1293 tu
712 1230 871 1295 Urbanum
883 1229 1108 1293 contemnere?
1139 1229 1208 1303 Dic,
1231 1249 1336 1311 quare.
1369 1232 1518 1295 Statura8

209 1333 299 1396 breui
326 1339 382 1397 est.
429 1333 472 1395 At
490 1332 579 1397 tales
600 1332 733 1421 consilio
755 1339 787 1397 et
815 1332 932 1396 iudicio
954 1331 1081 1415 pollent.
1128 1334 1223 1397 Amat
1243 1331 1352 1397 doctos
1373 1339 1406 1396 ct
1426 1332 1519 1398 bluti-

210 1436 391 1499 auo'lavct.
439 1433 503 1497 Sed
534 1433 585 1499 bic
612 1434 693 1498 nihil
719 1441 768 1499 est
794 1434 902 1518 culpe3
934 1434 995 1499 nisi
1025 1441 1149 1514 acutus,
1176 1434 1313 1500 disertus
1337 1440 1369 1499 et
1402 1434 1521 1518 peritus

161 1536 171 1557 ⁸
210 1537 426 1618 antiquitatis,
454 1556 515 1600 uon
543 1538 665 1601 l'averet
689 1536 839 1600 Mutiano.
887 1536 956 1600 Hoc
984 1542 1033 1602 est
1060 1537 1116 1601 illu
1143 1537 1257 1621 copula
1282 1536 1520 1618 lamiliaritatis,

209 1658 270 1720 que
297 1658 368 1716 nos,
395 1662 412 1699 o
435 1658 555 1723 pounu,
578 1659 699 1722 penna,
724 1640 890 1704 connectit.
932 1639 1000 1703 lloc
1025 1640 1258 1704 sanctissimum
1281 1640 1439 1704 vinculum
1462 1640 1516 1703 Ur-

210 1740 325 1806 banum
354 1748 385 1805 et
412 1740 586 1805 Mutianum
616 1740 790 1823 colligavit.
839 1740 923 1819 Quid
949 1739 1112 1824 pluribus?
1160 1741 1210 1805 Sit
1236 1742 1310 1806 lieet
1330 1748 1443 1805 ornata
1463 1748 1518 1807 tua

210 1864 331 1927 penna,
358 1844 453 1924 longe
479 1850 584 1908 tamen
611 1843 812 1927 prestabilior
840 1850 872 1908 et
894 1842 1048 1907 celebrior
1067 1842 1164 1919 toret,
1192 1843 1220 1908 si
1241 1851 1365 1908 nostras
1385 1843 1518 1908 delicias

210 1965 417 2028 cognosceres
444 1947 495 2011 vel
520 1945 632 2009 saltem
655 1954 689 2009 ut
710 1945 849 2029 prudens
869 1946 919 2009 vir
938 1966 1001 2009 uon
1023 1953 1253 2023 contemneres,
1275 1945 1359 2028 quod
1379 1946 1516 2027 ignoras.

211 2046 324 2112 Dicam
351 2048 489 2131 amplius
518 2047 630 2112 adhuc.
673 2046 774 2112 Notus
796 2054 864 2113 erat
886 2046 997 2113 Henno
1020 2047 1213 2113 Stormtlorli.
1256 2048 1357 2113 Nemo
1379 2048 1517 2131 equitum

211 2150 376 2230 valentior,
397 2150 552 2229 audatior,
575 2150 628 2231 qui
650 2157 790 2215 extreme
811 2151 874 2213 iam
895 2150 1067 2215 senectutis
1088 2150 1265 2215 Fultlenses
1286 2152 1368 2215 male
1390 2152 1519 2215 vexavit

210 2260 242 2315 et
263 2253 438 2334 cumplures
460 2253 580 2317 terruit.
630 2251 753 2316 Dicitur
774 2252 977 2317 incredibilia
997 2252 1071 2316 olim
1092 2244 1251 2337 patrasse,
1278 2252 1418 2317 infinitos
1438 2256 1518 2317 occi·

211 2355 304 2419 disse.
355 2354 470 2419 Paucis
497 2361 571 2419 aute
598 2354 711 2419 diebus
739 2356 902 2420 confossus
936 2362 984 2419 est
1011 2356 1141 2436 egregie
1166 2374 1312 2438 pugnans
1340 2356 1382 2419 ab
1413 2357 1519 2437 equits

210 2456 346 2539 quodam
369 2456 524 2521 Fuldano.
566 2457 720 2534 Quorsum
741 2457 821 2522 boc?
862 2457 986 2541 Nempe
1008 2466 1042 2521 ut
1062 2457 1178 2537 discas,
1199 2478 1218 2521 o
1239 2458 1387 2540 gregaria
1406 2476 1518 2541 peona,

210 2560 318 2641 parvis
349 2560 454 2624 inesse
481 2560 607 2624 nativas
633 2560 740 2639 dotes,
769 2558 884 2640 quibus
905 2558 1067 2623 mirabilia
1088 2559 1237 2627 elficiunt.
1286 2560 1420 2623 Possunt
1445 2561 1519 2624 riri-

212 2660 270 2725 bus
290 2662 360 2726 niti.
402 2662 514 2727 Omnis
534 2662 618 2726 enim
642 2663 689 2726 vis
712 2662 743 2725 in
768 2667 902 2744 pectore.
934 2661 1070 2726 Possunt
1090 2661 1222 2727 consilio
1243 2661 1420 2747 providere,
1441 2662 1518 2726 ami-

211 2763 258 2827 cis
285 2762 453 2846 opitulari,
481 2761 618 2845 denique
644 2771 787 2848 prestant
816 2764 992 2828 staturosis.
1034 2764 1140 2841 Quid?
1168 2764 1282 2829 Nonne
1306 2784 1424 2849 parvus
1451 2772 1521 2829 erat

210 2864 455 2929 Stormdorllus⁸
480 2885 609 2949 corpore
630 2865 756 2947 quidem
779 2868 916 2949 parvusl
936 2865 993 2929 sed
1019 2866 1126 2931 animo
1154 2867 1333 2930 maximus?
1378 2866 1419 2930 Et
1444 2868 1519 2933 talis

210 2974 259 3032 est
289 2966 435 3032 Urbanus
464 2966 599 3033 dilectus
629 2987 733 3048 meus,
762 2968 881 3033 salicus
909 2968 941 3031 in
974 2967 1134 3032 montibus
1159 2973 1194 3031 ut
1227 2970 1400 3052 capreolus.
1453 2968 1520 3048 Hoc

210 3071 464 3134 commemoratio
475 3070 620 3154 deposcit
631 3071 778 3151 elogium,
790 3070 822 3133 irl
837 3070 962 3147 faciam,
975 3078 1199 3154 posteaquame
1213 3071 1406 3138 valedixero.
1427 3061 1520 3137 Nunc

210 3170 380 3255 petendum
410 3172 546 3253 videtur,
575 3178 608 3236 ut
635 3171 798 3237 Ecbanum
824 3192 1021 3255 promoveas.
1061 3172 1196 3253 lustitit,
1224 3174 1317 3249 ursit,
1345 3174 1450 3256 coegit
1469 3195 1519 3240 ure

210 3273 276 3338 suis
295 3273 395 3337 literis
410 3282 442 3338 ct
452 3275 607 3357 precibus,
627 3283 660 3339 ut
674 3293 708 3339 se
723 3276 997 3339 commendarem⁴
1014 3275 1208 3355 Hereborrlo,
1228 3276 1425 3358 amplissimo
1439 3278 1519 3342 viro.

122 3416 125 3423 .
211 3376 307 3460 Cupit
337 3376 474 3461 adipisci
507 3376 682 3460 collegium.
726 3378 863 3457 Scimus,
897 3384 1017 3459 quanta
1043 3378 1085 3441 sit
1111 3377 1306 3443 authoritas‘1
1333 3378 1518 3444 Hercborrli.

210 3477 347 3542 Autbor⁰
391 3478 447 3543 fiat
493 3479 631 3559 senatui,
679 3488 713 3544 ut
751 3488 961 3562 consequatur
1004 3480 1125 3545 amicus
1170 3472 1390 3562 communis,‘·
1435 3481 1519 3562 quod

210 3579 348 3645 affectat.
396 3581 430 3645 Si
461 3580 648 3661 obtinuerit,
679 3588 777 3646 totam
806 3600 894 3646 suam
924 3582 1114 3664 dignitatem
1140 3572 1180 3647 et‘
1197 3602 1304 3648 nrusas
1332 3590 1364 3648 et
1385 3583 1517 3649 salutem

211 3681 395 3749 Herebordo
429 3690 594 3767 acceptam
628 3682 743 3748 ret'errc
768 3684 872 3749 debet.
933 3684 1149 3750 Herebordum
1181 3685 1313 3749 babebit
1342 3685 1375 3749 in
1389 3686 1458 3750 ‘ore
1487 3692 1520 3750 et

210 3804 318 3850 amore
337 3791 499 3869 perpetuo.
539 3785 655 3850 Darem
678 3785 800 3869 literas,
822 3786 879 3852 sed
901 3786 1031 3851 timidus
1051 3806 1120 3853 sum
1142 3795 1175 3853 et
1200 3788 1322 3854 cautior
1338 3788 1411 3872 plus
1428 3807 1518 3869 equo.

281 3950 345 4003 ὃιι
364 3958 538 4005 sarmentus.
615 3942 690 4004 huer
709 3958 899 4017 referimus
926 3959 1002 4005 rom
1027 3958 1136 4018 corpore
1154 3958 1254 4019 quaem
1274 3972 1375 4019 parvus.
1455 3952 1519 4006 “ra

210 4035 362 4096 priusquam.
434 4026 647 4085 “luctuosius
719 4032 781 4083 “lb
800 4043 879 4087 ututur.
951 4022 1013 4084 ἶφι,
1031 4039 1168 4085 eommunis
1186 4040 1288 4087 amicus.

275 4364 286 4407 ¹
312 4368 372 4442 Vgl.
396 4370 440 4427 Br.
454 4370 512 4425 235
533 4370 631 4427 S.313
654 4374 735 4429 Auru.
749 4372 775 4431 7.

273 4445 413 4506 ‘2Jesaias
436 4452 462 4521 9,
485 4452 531 4509 17.

272 4525 287 4569 3
309 4531 370 4603 Vgl.
393 4532 436 4589 Br.
452 4532 509 4585 104
530 4534 557 4589 S.
571 4532 635 4589 146.

272 4606 286 4647 ⁴
309 4610 371 4683 Vgl.
390 4612 434 4669 Br.
448 4612 505 4667 otu
527 4612 554 4673 S.
567 4614 621 4667 ‘201
646 4614 729 4673 Anur.
741 4616 767 4669 3.
