<?xml version="1.0" encoding="UTF-8"?>
<!DOCTYPE html PUBLIC "-//W3C//DTD XHTML 1.0 Transitional//EN"
    "http://www.w3.org/TR/xhtml1/DTD/xhtml1-transitional.dtd">
<html xmlns="http://www.w3.org/1999/xhtml" xml:lang="en" lang="en">
 <head>
  <title>
</title>
<meta http-equiv="Content-Type" content="text/html;charset=utf-8" />
  <meta name='ocr-system' content='tesseract 3.04.00' />
  <meta name='ocr-capabilities' content='ocr_page ocr_carea ocr_par ocr_line ocrx_word'/>
</head>
<body>
  <div class='ocr_page' id='page_1' title='image "./derbriefwechsel00sachgoog_0384.png"; bbox 0 0 3625 5192; ppageno 0'>
   <div class='ocr_carea' id='block_1_1' title="bbox 616 350 1499 409">
    <p class='ocr_par' dir='ltr' id='par_1_1' title="bbox 616 350 1499 409">
     <span class='ocr_line' id='line_1_1' title="bbox 616 350 1499 409; baseline 0.005 -4"><span class='ocrx_word' id='word_1_1' title='bbox 616 350 705 407; x_wconf 83' lang='lat' dir='ltr'><strong>Brieie</strong></span> <span class='ocrx_word' id='word_1_2' title='bbox 722 350 843 407; x_wconf 83' lang='lat' dir='ltr'><strong>Mutians</strong></span> <span class='ocrx_word' id='word_1_3' title='bbox 860 352 919 407; x_wconf 78' lang='lat'>235.</span> <span class='ocrx_word' id='word_1_4' title='bbox 939 352 998 407; x_wconf 76' lang='lat'>236.</span> <span class='ocrx_word' id='word_1_5' title='bbox 1018 351 1077 407; x_wconf 78' lang='grc'><strong>237.</strong></span> <span class='ocrx_word' id='word_1_6' title='bbox 1447 354 1499 409; x_wconf 81' lang='grc'><strong>315</strong></span> 
     </span>
    </p>
   </div>
   <div class='ocr_carea' id='block_1_2' title="bbox 116 496 1501 1810">
    <p class='ocr_par' dir='ltr' id='par_1_2' title="bbox 116 496 1501 1810">
     <span class='ocr_line' id='line_1_2' title="bbox 193 496 1500 585; baseline 0.007 -25"><span class='ocrx_word' id='word_1_7' title='bbox 193 496 269 562; x_wconf 91' lang='lat' dir='ltr'><strong>dum</strong></span> <span class='ocrx_word' id='word_1_8' title='bbox 295 496 380 563; x_wconf 90' lang='lat' dir='ltr'><strong>sales</strong></span> <span class='ocrx_word' id='word_1_9' title='bbox 410 498 480 562; x_wconf 89' lang='lat' dir='ltr'><strong>sine</strong></span> <span class='ocrx_word' id='word_1_10' title='bbox 504 500 592 581; x_wconf 77' lang='lat' dir='ltr'><strong>teile,</strong></span> <span class='ocrx_word' id='word_1_11' title='bbox 622 508 655 576; x_wconf 89' lang='lat' dir='ltr'><strong>ot</strong></span> <span class='ocrx_word' id='word_1_12' title='bbox 682 521 745 566; x_wconf 92' lang='lat' dir='ltr'><strong>non</strong></span> <span class='ocrx_word' id='word_1_13' title='bbox 765 501 870 583; x_wconf 85' lang='lat' dir='ltr'><strong>magis</strong></span> <span class='ocrx_word' id='word_1_14' title='bbox 897 522 1030 585; x_wconf 88' lang='lat' dir='ltr'><strong>corpora</strong></span> <span class='ocrx_word' id='word_1_15' title='bbox 1067 521 1161 585; x_wconf 86' lang='lat' dir='ltr'><strong>quam</strong></span> <span class='ocrx_word' id='word_1_16' title='bbox 1189 504 1287 569; x_wconf 86' lang='lat' dir='ltr'><strong>animi</strong></span> <span class='ocrx_word' id='word_1_17' title='bbox 1320 504 1500 571; x_wconf 83' lang='lat' dir='ltr'><strong>reficiantur</strong></span> 
     </span>
     <span class='ocr_line' id='line_1_3' title="bbox 194 600 1498 689; baseline 0.007 -26"><span class='ocrx_word' id='word_1_18' title='bbox 194 602 245 677; x_wconf 83' lang='lat' dir='ltr'><strong>At,</strong></span> <span class='ocrx_word' id='word_1_19' title='bbox 267 607 352 683; x_wconf 93' lang='lat' dir='ltr'><strong>puto,</strong></span> <span class='ocrx_word' id='word_1_20' title='bbox 372 600 502 665; x_wconf 88' lang='lat' dir='ltr'><strong>iucundi</strong></span> <span class='ocrx_word' id='word_1_21' title='bbox 524 610 573 667; x_wconf 89' lang='lat' dir='ltr'><strong>est</strong></span> <span class='ocrx_word' id='word_1_22' title='bbox 593 610 688 685; x_wconf 85' lang='lat' dir='ltr'><strong>atque</strong></span> <span class='ocrx_word' id='word_1_23' title='bbox 700 604 857 687; x_wconf 83' lang='lat' dir='ltr'><strong>elegantis</strong></span> <span class='ocrx_word' id='word_1_24' title='bbox 867 604 999 685; x_wconf 87' lang='lat' dir='ltr'><strong>ingenii,</strong></span> <span class='ocrx_word' id='word_1_25' title='bbox 1020 624 1112 687; x_wconf 84' lang='lat' dir='ltr'><strong>quem</strong></span> <span class='ocrx_word' id='word_1_26' title='bbox 1126 614 1159 669; x_wconf 93' lang='lat' dir='ltr'><strong>tu</strong></span> <span class='ocrx_word' id='word_1_27' title='bbox 1173 612 1205 669; x_wconf 92' lang='lat' dir='ltr'><strong>et</strong></span> <span class='ocrx_word' id='word_1_28' title='bbox 1219 606 1360 689; x_wconf 89' lang='lat' dir='ltr'><strong>impense</strong></span> <span class='ocrx_word' id='word_1_29' title='bbox 1373 605 1498 672; x_wconf 91' lang='lat' dir='ltr'><strong>doctum</strong></span> 
     </span>
     <span class='ocr_line' id='line_1_4' title="bbox 192 701 1501 792; baseline 0.006 -26"><span class='ocrx_word' id='word_1_30' title='bbox 192 709 225 766; x_wconf 89' lang='lat' dir='ltr'><strong>et</strong></span> <span class='ocrx_word' id='word_1_31' title='bbox 245 702 375 767; x_wconf 90' lang='lat' dir='ltr'><strong>Urbano</strong></span> <span class='ocrx_word' id='word_1_32' title='bbox 396 701 589 768; x_wconf 87' lang='lat' dir='ltr'><strong>insinuatum</strong></span> <span class='ocrx_word' id='word_1_33' title='bbox 611 712 643 768; x_wconf 93' lang='lat' dir='ltr'><strong>et</strong></span> <span class='ocrx_word' id='word_1_34' title='bbox 663 705 808 770; x_wconf 90' lang='lat' dir='ltr'><strong>comitem</strong></span> <span class='ocrx_word' id='word_1_35' title='bbox 833 714 864 769; x_wconf 91' lang='lat' dir='ltr'><strong>te</strong></span> <span class='ocrx_word' id='word_1_36' title='bbox 889 706 1021 789; x_wconf 77' lang='lat' dir='ltr'><strong>dignum</strong></span> <span class='ocrx_word' id='word_1_37' title='bbox 1046 707 1201 789; x_wconf 88' lang='lat' dir='ltr'><strong>predioas.</strong></span> <span class='ocrx_word' id='word_1_38' title='bbox 1243 707 1292 771; x_wconf 90' lang='lat' dir='ltr'><strong>De</strong></span> <span class='ocrx_word' id='word_1_39' title='bbox 1314 710 1440 792; x_wconf 93' lang='lat' dir='ltr'><strong>potione</strong></span> <span class='ocrx_word' id='word_1_40' title='bbox 1461 730 1501 774; x_wconf 86' lang='lat' dir='ltr'><strong>ao</strong></span> 
     </span>
     <span class='ocr_line' id='line_1_5' title="bbox 191 804 1500 894; baseline 0.005 -26"><span class='ocrx_word' id='word_1_41' title='bbox 191 805 363 888; x_wconf 87' lang='lat' dir='ltr'><strong>catapotiis</strong></span> <span class='ocrx_word' id='word_1_42' title='bbox 391 804 468 886; x_wconf 85' lang='lat' dir='ltr'><strong>quid</strong></span> <span class='ocrx_word' id='word_1_43' title='bbox 497 825 571 871; x_wconf 88' lang='lat' dir='ltr'><strong>eure</strong></span> <span class='ocrx_word' id='word_1_44' title='bbox 591 806 725 887; x_wconf 82' lang='lat' dir='ltr'>habeas,</span> <span class='ocrx_word' id='word_1_45' title='bbox 752 808 904 889; x_wconf 80' lang='lat' dir='ltr'>intelligo.</span> <span class='ocrx_word' id='word_1_46' title='bbox 947 807 1016 889; x_wconf 81' lang='lat' dir='ltr'><strong>Ego</strong></span> <span class='ocrx_word' id='word_1_47' title='bbox 1034 807 1114 873; x_wconf 90' lang='lat' dir='ltr'><strong>bene</strong></span> <span class='ocrx_word' id='word_1_48' title='bbox 1137 808 1239 890; x_wconf 86' lang='lat' dir='ltr'><strong>valeo,</strong></span> <span class='ocrx_word' id='word_1_49' title='bbox 1260 810 1356 875; x_wconf 88' lang='lat' dir='ltr'><strong>cessit</strong></span> <span class='ocrx_word' id='word_1_50' title='bbox 1376 808 1500 894; x_wconf 83' lang='lat' dir='ltr'><strong>pituita,</strong></span> 
     </span>
     <span class='ocr_line' id='line_1_6' title="bbox 125 906 1498 993; baseline 0.006 -24"><span class='ocrx_word' id='word_1_51' title='bbox 125 983 128 988; x_wconf 20' lang='grc' dir='ltr'>Ι</span> <span class='ocrx_word' id='word_1_52' title='bbox 191 906 296 985; x_wconf 89' lang='lat' dir='ltr'><strong>credo,</strong></span> <span class='ocrx_word' id='word_1_53' title='bbox 316 907 649 972; x_wconf 86' lang='lat' dir='ltr'><strong>metuensvellieatum</strong></span> <span class='ocrx_word' id='word_1_54' title='bbox 672 907 958 991; x_wconf 87' lang='lat' dir='ltr'><strong>pharmaceuticon.</strong></span> <span class='ocrx_word' id='word_1_55' title='bbox 1001 910 1103 975; x_wconf 89' lang='lat' dir='ltr'><strong>Inibis</strong></span> <span class='ocrx_word' id='word_1_56' title='bbox 1121 916 1227 975; x_wconf 90' lang='lat' dir='ltr'><strong>tamen</strong></span> <span class='ocrx_word' id='word_1_57' title='bbox 1242 932 1263 975; x_wconf 89' lang='lat' dir='ltr'><strong>a</strong></span> <span class='ocrx_word' id='word_1_58' title='bbox 1276 931 1325 975; x_wconf 91' lang='lat' dir='ltr'><strong>me</strong></span> <span class='ocrx_word' id='word_1_59' title='bbox 1347 913 1498 993; x_wconf 78' lang='lat' dir='ltr'><strong>graciam,</strong></span> 
     </span>
     <span class='ocr_line' id='line_1_7' title="bbox 193 1007 1500 1098; baseline 0.006 -25"><span class='ocrx_word' id='word_1_60' title='bbox 193 1007 219 1073; x_wconf 87' lang='lat' dir='ltr'><strong>si</strong></span> <span class='ocrx_word' id='word_1_61' title='bbox 240 1008 354 1073; x_wconf 87' lang='lat' dir='ltr'><strong>saltem</strong></span> <span class='ocrx_word' id='word_1_62' title='bbox 373 1008 565 1075; x_wconf 75' lang='lat' dir='ltr'><strong>indicaveris</strong></span> <span class='ocrx_word' id='word_1_63' title='bbox 586 1011 741 1076; x_wconf 85' lang='lat' dir='ltr'><strong>medicam</strong></span> <span class='ocrx_word' id='word_1_64' title='bbox 768 1011 1026 1095; x_wconf 80' lang='lat' dir='ltr'><strong>compositionem</strong></span> <span class='ocrx_word' id='word_1_65' title='bbox 1047 1011 1122 1078; x_wconf 88' lang='lat' dir='ltr'><strong>oiim</strong></span> <span class='ocrx_word' id='word_1_66' title='bbox 1145 1012 1232 1085; x_wconf 89' lang='lat' dir='ltr'><strong>mihi,</strong></span> <span class='ocrx_word' id='word_1_67' title='bbox 1253 1013 1280 1079; x_wconf 90' lang='lat' dir='ltr'><strong>si</strong></span> <span class='ocrx_word' id='word_1_68' title='bbox 1305 1016 1500 1098; x_wconf 90' lang='lat' dir='ltr'><strong>perniciosus</strong></span> 
     </span>
     <span class='ocr_line' id='line_1_8' title="bbox 116 1104 1498 1211; baseline 0.006 -37"><span class='ocrx_word' id='word_1_69' title='bbox 116 1143 121 1162; x_wconf 64' lang='grc' dir='ltr'><strong>ι</strong></span> <span class='ocrx_word' id='word_1_70' title='bbox 192 1104 302 1175; x_wconf 87' lang='lat' dir='ltr'><strong>humor</strong></span> <span class='ocrx_word' id='word_1_71' title='bbox 329 1112 483 1211; x_wconf 68' lang='lat' dir='ltr'><strong>invaserit</strong></span> <span class='ocrx_word' id='word_1_72' title='bbox 509 1112 676 1192; x_wconf 85' lang='lat' dir='ltr'><strong>intestina,</strong></span> <span class='ocrx_word' id='word_1_73' title='bbox 708 1115 844 1182; x_wconf 87' lang='lat' dir='ltr'><strong>tuturam</strong></span> <span class='ocrx_word' id='word_1_74' title='bbox 872 1112 1000 1179; x_wconf 84' lang='lat' dir='ltr'><strong>auxilio.</strong></span> <span class='ocrx_word' id='word_1_75' title='bbox 1053 1113 1185 1179; x_wconf 81' lang='lat' dir='ltr'><strong>Valente</strong></span> <span class='ocrx_word' id='word_1_76' title='bbox 1213 1116 1390 1197; x_wconf 82' lang='lat' dir='ltr'><strong>stomacho,</strong></span> <span class='ocrx_word' id='word_1_77' title='bbox 1419 1137 1498 1195; x_wconf 84' lang='lat' dir='ltr'><strong>sano</strong></span> 
     </span>
     <span class='ocr_line' id='line_1_9' title="bbox 192 1211 1500 1302; baseline 0.006 -25"><span class='ocrx_word' id='word_1_78' title='bbox 192 1212 317 1297; x_wconf 85' lang='lat' dir='ltr'><strong>hepate,</strong></span> <span class='ocrx_word' id='word_1_79' title='bbox 339 1212 418 1277; x_wconf 89' lang='lat' dir='ltr'><strong>nihii</strong></span> <span class='ocrx_word' id='word_1_80' title='bbox 441 1211 525 1278; x_wconf 87' lang='lat' dir='ltr'><strong>intus</strong></span> <span class='ocrx_word' id='word_1_81' title='bbox 537 1216 905 1299; x_wconf 84' lang='lat' dir='ltr'><strong>expotrescentesyropi,</strong></span> <span class='ocrx_word' id='word_1_82' title='bbox 925 1222 1092 1297; x_wconf 86' lang='lat' dir='ltr'><strong>otvocant,</strong></span> <span class='ocrx_word' id='word_1_83' title='bbox 1114 1216 1298 1283; x_wconf 87' lang='lat' dir='ltr'><strong>adiumenta</strong></span> <span class='ocrx_word' id='word_1_84' title='bbox 1317 1238 1377 1283; x_wconf 92' lang='lat' dir='ltr'><strong>non</strong></span> <span class='ocrx_word' id='word_1_85' title='bbox 1391 1220 1500 1302; x_wconf 84' lang='lat' dir='ltr'><strong>magni</strong></span> 
     </span>
     <span class='ocr_line' id='line_1_10' title="bbox 192 1314 1501 1401; baseline 0.007 -23"><span class='ocrx_word' id='word_1_86' title='bbox 192 1315 304 1399; x_wconf 89' lang='lat' dir='ltr'><strong>pendo.</strong></span> <span class='ocrx_word' id='word_1_87' title='bbox 345 1316 389 1379; x_wconf 83' lang='lat' dir='ltr'><strong>At</strong></span> <span class='ocrx_word' id='word_1_88' title='bbox 408 1335 477 1380; x_wconf 90' lang='lat' dir='ltr'><strong>oum</strong></span> <span class='ocrx_word' id='word_1_89' title='bbox 501 1314 630 1380; x_wconf 88' lang='lat' dir='ltr'><strong>citanda</strong></span> <span class='ocrx_word' id='word_1_90' title='bbox 651 1318 757 1397; x_wconf 87' lang='lat' dir='ltr'><strong>alvus,</strong></span> <span class='ocrx_word' id='word_1_91' title='bbox 783 1317 883 1401; x_wconf 88' lang='lat' dir='ltr'><strong>pluris</strong></span> <span class='ocrx_word' id='word_1_92' title='bbox 901 1317 985 1384; x_wconf 85' lang='lat' dir='ltr'><strong>facio</strong></span> <span class='ocrx_word' id='word_1_93' title='bbox 1005 1318 1145 1401; x_wconf 87' lang='lat' dir='ltr'><strong>pilanum</strong></span> <span class='ocrx_word' id='word_1_94' title='bbox 1167 1338 1261 1401; x_wconf 89' lang='lat' dir='ltr'><strong>qnam</strong></span> <span class='ocrx_word' id='word_1_95' title='bbox 1283 1319 1441 1385; x_wconf 86' lang='lat' dir='ltr'><strong>hastatum</strong></span> <span class='ocrx_word' id='word_1_96' title='bbox 1469 1328 1501 1387; x_wconf 88' lang='lat' dir='ltr'><strong>et</strong></span> 
     </span>
     <span class='ocr_line' id='line_1_11' title="bbox 192 1416 1500 1503; baseline 0.007 -23"><span class='ocrx_word' id='word_1_97' title='bbox 192 1416 396 1501; x_wconf 84' lang='lat' dir='ltr'><strong>Escnlspium</strong></span> <span class='ocrx_word' id='word_1_98' title='bbox 418 1417 531 1483; x_wconf 90' lang='lat' dir='ltr'><strong>invoco</strong></span> <span class='ocrx_word' id='word_1_99' title='bbox 552 1417 734 1501; x_wconf 90' lang='lat' dir='ltr'><strong>posthabito</strong></span> <span class='ocrx_word' id='word_1_100' title='bbox 755 1417 837 1484; x_wconf 83' lang='lat' dir='ltr'><strong>love.</strong></span> <span class='ocrx_word' id='word_1_101' title='bbox 878 1418 951 1485; x_wconf 92' lang='lat' dir='ltr'><strong>Non</strong></span> <span class='ocrx_word' id='word_1_102' title='bbox 979 1428 1028 1485; x_wconf 85' lang='lat' dir='ltr'><strong>est</strong></span> <span class='ocrx_word' id='word_1_103' title='bbox 1044 1425 1130 1503; x_wconf 84' lang='lat' dir='ltr'><strong>&#39;opus</strong></span> <span class='ocrx_word' id='word_1_104' title='bbox 1153 1420 1374 1487; x_wconf 80' lang='lat' dir='ltr'><strong>benevolenti</strong></span> <span class='ocrx_word' id='word_1_105' title='bbox 1402 1421 1500 1489; x_wconf 89' lang='lat' dir='ltr'><strong>medi-</strong></span> 
     </span>
     <span class='ocr_line' id='line_1_12' title="bbox 191 1518 1497 1607; baseline 0.005 -24"><span class='ocrx_word' id='word_1_106' title='bbox 191 1539 265 1601; x_wconf 86' lang='lat' dir='ltr'><strong>cus,</strong></span> <span class='ocrx_word' id='word_1_107' title='bbox 291 1518 492 1585; x_wconf 86' lang='lat' dir='ltr'><strong>honorandus</strong></span> <span class='ocrx_word' id='word_1_108' title='bbox 518 1529 625 1585; x_wconf 87' lang='lat' dir='ltr'><strong>tamen</strong></span> <span class='ocrx_word' id='word_1_109' title='bbox 646 1520 731 1584; x_wconf 92' lang='lat' dir='ltr'><strong>omni</strong></span> <span class='ocrx_word' id='word_1_110' title='bbox 757 1521 827 1587; x_wconf 91' lang='lat' dir='ltr'><strong>loeo</strong></span> <span class='ocrx_word' id='word_1_111' title='bbox 851 1528 884 1585; x_wconf 92' lang='lat' dir='ltr'><strong>et</strong></span> <span class='ocrx_word' id='word_1_112' title='bbox 909 1527 1060 1607; x_wconf 90' lang='lat' dir='ltr'><strong>tempore.</strong></span> <span class='ocrx_word' id='word_1_113' title='bbox 1102 1522 1215 1587; x_wconf 74' lang='grc' dir='ltr'><strong>Μιιιιι·ι</strong></span> <span class='ocrx_word' id='word_1_114' title='bbox 1243 1522 1328 1589; x_wconf 88' lang='lat' dir='ltr'><strong>dabo</strong></span> <span class='ocrx_word' id='word_1_115' title='bbox 1347 1524 1497 1607; x_wconf 88' lang='lat' dir='ltr'><strong>precium,</strong></span> 
     </span>
     <span class='ocr_line' id='line_1_13' title="bbox 192 1621 1497 1715; baseline 0.006 -30"><span class='ocrx_word' id='word_1_116' title='bbox 192 1621 329 1686; x_wconf 85' lang='lat' dir='ltr'><strong>dicerem</strong></span> <span class='ocrx_word' id='word_1_117' title='bbox 352 1621 540 1706; x_wconf 89' lang='lat' dir='ltr'><strong>pudentille,</strong></span> <span class='ocrx_word' id='word_1_118' title='bbox 568 1622 595 1686; x_wconf 91' lang='lat' dir='ltr'><strong>si</strong></span> <span class='ocrx_word' id='word_1_119' title='bbox 624 1622 739 1687; x_wconf 87' lang='lat' dir='ltr'><strong>liceret</strong></span> <span class='ocrx_word' id='word_1_120' title='bbox 781 1622 892 1687; x_wconf 75' lang='lat' dir='ltr'><strong>Boiam</strong></span> <span class='ocrx_word' id='word_1_121' title='bbox 913 1621 1114 1689; x_wconf 86' lang='lat' dir='ltr'><strong>admonerem</strong></span> <span class='ocrx_word' id='word_1_122' title='bbox 1143 1632 1205 1715; x_wconf 67' lang='lat' dir='ltr'><strong>te„</strong></span> <span class='ocrx_word' id='word_1_123' title='bbox 1221 1626 1279 1691; x_wconf 89' lang='lat' dir='ltr'><strong>sed</strong></span> <span class='ocrx_word' id='word_1_124' title='bbox 1301 1646 1362 1692; x_wconf 92' lang='lat' dir='ltr'><strong>non</strong></span> <span class='ocrx_word' id='word_1_125' title='bbox 1383 1627 1497 1693; x_wconf 84' lang='lat' dir='ltr'><strong>audeo.</strong></span> 
     </span>
     <span class='ocr_line' id='line_1_14' title="bbox 192 1716 1498 1810; baseline 0.007 -24"><span class='ocrx_word' id='word_1_126' title='bbox 192 1724 308 1789; x_wconf 80' lang='lat' dir='ltr'><strong>tratum</strong></span> <span class='ocrx_word' id='word_1_127' title='bbox 339 1730 390 1789; x_wconf 82' lang='lat' dir='ltr'><strong>te²</strong></span> <span class='ocrx_word' id='word_1_128' title='bbox 417 1716 493 1789; x_wconf 85' lang='lat' dir='ltr'><strong>¹scio.</strong></span> <span class='ocrx_word' id='word_1_129' title='bbox 551 1724 670 1789; x_wconf 86' lang='lat' dir='ltr'><strong>iustam</strong></span> <span class='ocrx_word' id='word_1_130' title='bbox 700 1725 746 1790; x_wconf 92' lang='lat' dir='ltr'><strong>ire</strong></span> <span class='ocrx_word' id='word_1_131' title='bbox 778 1744 908 1791; x_wconf 87' lang='lat' dir='ltr'><strong>oausam</strong></span> <span class='ocrx_word' id='word_1_132' title='bbox 939 1726 1071 1791; x_wconf 81' lang='lat' dir='ltr'><strong>tortasse</strong></span> <span class='ocrx_word' id='word_1_133' title='bbox 1099 1726 1271 1810; x_wconf 87' lang='lat' dir='ltr'><strong>protendis.</strong></span> <span class='ocrx_word' id='word_1_134' title='bbox 1322 1728 1436 1795; x_wconf 87' lang='lat' dir='ltr'><strong>Totum</strong></span> <span class='ocrx_word' id='word_1_135' title='bbox 1463 1730 1498 1795; x_wconf 90' lang='lat' dir='ltr'><strong>id</strong></span> 
     </span>
    </p>
   </div>
   <div class='ocr_carea' id='block_1_3' title="bbox 191 1827 1593 1913">
    <p class='ocr_par' dir='ltr' id='par_1_3' title="bbox 191 1827 1593 1913">
     <span class='ocr_line' id='line_1_15' title="bbox 191 1827 1593 1913; baseline 0.005 -22"><span class='ocrx_word' id='word_1_136' title='bbox 191 1827 283 1891; x_wconf 87' lang='lat' dir='ltr'><strong>irasci</strong></span> <span class='ocrx_word' id='word_1_137' title='bbox 305 1846 376 1891; x_wconf 88' lang='lat' dir='ltr'><strong>cunr</strong></span> <span class='ocrx_word' id='word_1_138' title='bbox 396 1828 502 1891; x_wconf 88' lang='lat' dir='ltr'><strong>causis</strong></span> <span class='ocrx_word' id='word_1_139' title='bbox 522 1827 804 1895; x_wconf 87' lang='lat' dir='ltr'><strong>intactumvolens</strong></span> <span class='ocrx_word' id='word_1_140' title='bbox 823 1836 967 1911; x_wconf 90' lang='lat' dir='ltr'><strong>pretereo</strong></span> <span class='ocrx_word' id='word_1_141' title='bbox 984 1834 1150 1895; x_wconf 90' lang='lat' dir='ltr'><strong>contentus</strong></span> <span class='ocrx_word' id='word_1_142' title='bbox 1170 1848 1265 1895; x_wconf 88' lang='lat' dir='ltr'><strong>unum</strong></span> <span class='ocrx_word' id='word_1_143' title='bbox 1287 1831 1416 1897; x_wconf 88' lang='lat' dir='ltr'><strong>verbum</strong></span> <span class='ocrx_word' id='word_1_144' title='bbox 1439 1832 1497 1897; x_wconf 95' lang='lat' dir='ltr'><strong>tibi</strong></span> <span class='ocrx_word' id='word_1_145' title='bbox 1589 1906 1593 1913; x_wconf 89' lang='lat'><em>.</em></span> 
     </span>
    </p>
   </div>
   <div class='ocr_carea' id='block_1_4' title="bbox 188 1930 1497 2329">
    <p class='ocr_par' dir='ltr' id='par_1_4' title="bbox 188 1930 1497 2329">
     <span class='ocr_line' id='line_1_16' title="bbox 189 1930 1497 2014; baseline 0.003 -21"><span class='ocrx_word' id='word_1_146' title='bbox 189 1930 372 2013; x_wconf 88' lang='lat' dir='ltr'><strong>inspirasse,</strong></span> <span class='ocrx_word' id='word_1_147' title='bbox 394 1938 428 1994; x_wconf 90' lang='lat' dir='ltr'><strong>ut</strong></span> <span class='ocrx_word' id='word_1_148' title='bbox 450 1936 581 1995; x_wconf 79' lang='lat' dir='ltr'><strong>ciatrem</strong></span> <span class='ocrx_word' id='word_1_149' title='bbox 601 1949 672 1994; x_wconf 88' lang='lat' dir='ltr'><strong>csse</strong></span> <span class='ocrx_word' id='word_1_150' title='bbox 694 1930 874 1995; x_wconf 88' lang='lat' dir='ltr'><strong>memineris</strong></span> <span class='ocrx_word' id='word_1_151' title='bbox 895 1936 1055 1997; x_wconf 88' lang='lat' dir='ltr'><strong>auctorem</strong></span> <span class='ocrx_word' id='word_1_152' title='bbox 1078 1931 1157 1996; x_wconf 88' lang='lat' dir='ltr'><strong>lucis</strong></span> <span class='ocrx_word' id='word_1_153' title='bbox 1172 1952 1211 1997; x_wconf 87' lang='lat' dir='ltr'><strong>ac</strong></span> <span class='ocrx_word' id='word_1_154' title='bbox 1229 1932 1341 1998; x_wconf 89' lang='lat' dir='ltr'><strong>salutis</strong></span> <span class='ocrx_word' id='word_1_155' title='bbox 1360 1940 1421 2014; x_wconf 90' lang='lat' dir='ltr'><strong>tue,</strong></span> <span class='ocrx_word' id='word_1_156' title='bbox 1445 1934 1497 1999; x_wconf 88' lang='lat' dir='ltr'><strong>cui</strong></span> 
     </span>
     <span class='ocr_line' id='line_1_17' title="bbox 189 2031 1496 2119; baseline 0.006 -26"><span class='ocrx_word' id='word_1_157' title='bbox 189 2050 245 2114; x_wconf 90' lang='lat' dir='ltr'><strong>per</strong></span> <span class='ocrx_word' id='word_1_158' title='bbox 265 2038 410 2096; x_wconf 85' lang='lat' dir='ltr'><strong>sanctam</strong></span> <span class='ocrx_word' id='word_1_159' title='bbox 431 2031 598 2112; x_wconf 86' lang='lat' dir='ltr'><strong>pietatem,</strong></span> <span class='ocrx_word' id='word_1_160' title='bbox 619 2032 646 2096; x_wconf 87' lang='lat' dir='ltr'><strong>si</strong></span> <span class='ocrx_word' id='word_1_161' title='bbox 669 2051 719 2096; x_wconf 90' lang='lat' dir='ltr'><strong>me</strong></span> <span class='ocrx_word' id='word_1_162' title='bbox 739 2050 845 2112; x_wconf 89' lang='lat' dir='ltr'><strong>amas,</strong></span> <span class='ocrx_word' id='word_1_163' title='bbox 865 2032 985 2115; x_wconf 91' lang='lat' dir='ltr'><strong>optime</strong></span> <span class='ocrx_word' id='word_1_164' title='bbox 1005 2032 1124 2112; x_wconf 87' lang='lat' dir='ltr'><strong>Petrei,</strong></span> <span class='ocrx_word' id='word_1_165' title='bbox 1149 2035 1359 2099; x_wconf 87' lang='lat' dir='ltr'><strong>reverentiam</strong></span> <span class='ocrx_word' id='word_1_166' title='bbox 1380 2042 1496 2119; x_wconf 83' lang='lat' dir='ltr'><strong>presta</strong></span> 
     </span>
     <span class='ocr_line' id='line_1_18' title="bbox 188 2132 1496 2219; baseline 0.008 -23"><span class='ocrx_word' id='word_1_167' title='bbox 188 2132 256 2197; x_wconf 90' lang='lat' dir='ltr'><strong>Hoc</strong></span> <span class='ocrx_word' id='word_1_168' title='bbox 277 2132 355 2197; x_wconf 89' lang='lat' dir='ltr'><strong>mihi</strong></span> <span class='ocrx_word' id='word_1_169' title='bbox 377 2138 409 2197; x_wconf 91' lang='lat' dir='ltr'><strong>et</strong></span> <span class='ocrx_word' id='word_1_170' title='bbox 428 2135 533 2217; x_wconf 86' lang='lat' dir='ltr'><strong>patrie</strong></span> <span class='ocrx_word' id='word_1_171' title='bbox 552 2139 678 2215; x_wconf 83' lang='lat' dir='ltr'><strong>gratum</strong></span> <span class='ocrx_word' id='word_1_172' title='bbox 699 2140 749 2207; x_wconf 65' lang='lat' dir='ltr'><strong>etr</strong></span> <span class='ocrx_word' id='word_1_173' title='bbox 774 2134 802 2197; x_wconf 91' lang='lat' dir='ltr'><strong>si</strong></span> <span class='ocrx_word' id='word_1_174' title='bbox 823 2134 1015 2217; x_wconf 88' lang='lat' dir='ltr'><strong>prestiteris,</strong></span> <span class='ocrx_word' id='word_1_175' title='bbox 1042 2154 1139 2219; x_wconf 87' lang='lat' dir='ltr'><strong>supra</strong></span> <span class='ocrx_word' id='word_1_176' title='bbox 1161 2134 1286 2201; x_wconf 90' lang='lat' dir='ltr'><strong>modum</strong></span> <span class='ocrx_word' id='word_1_177' title='bbox 1313 2136 1496 2206; x_wconf 86' lang='lat' dir='ltr'><strong>laudabere.</strong></span> 
     </span>
     <span class='ocr_line' id='line_1_19' title="bbox 188 2233 992 2329; baseline 0 -30"><span class='ocrx_word' id='word_1_178' title='bbox 188 2233 290 2300; x_wconf 82' lang='lat' dir='ltr'><strong>Crede</strong></span> <span class='ocrx_word' id='word_1_179' title='bbox 312 2234 415 2299; x_wconf 89' lang='lat' dir='ltr'><strong>amieo</strong></span> <span class='ocrx_word' id='word_1_180' title='bbox 432 2253 535 2316; x_wconf 86' lang='lat' dir='ltr'><strong>neque</strong></span> <span class='ocrx_word' id='word_1_181' title='bbox 556 2254 639 2299; x_wconf 87' lang='lat' dir='ltr'><strong>vano</strong></span> <span class='ocrx_word' id='word_1_182' title='bbox 658 2254 759 2329; x_wconf 71' lang='lat' dir='ltr'><strong>neque</strong></span> <span class='ocrx_word' id='word_1_183' title='bbox 778 2234 858 2300; x_wconf 86' lang='lat' dir='ltr'><strong>hoto.</strong></span> <span class='ocrx_word' id='word_1_184' title='bbox 902 2234 992 2301; x_wconf 88' lang='lat' dir='ltr'><strong>Vale.</strong></span> 
     </span>
    </p>
   </div>
   <div class='ocr_carea' id='block_1_5' title="bbox 152 2372 813 2555">
    <p class='ocr_par' dir='ltr' id='par_1_5' title="bbox 152 2372 813 2555">
     <span class='ocr_line' id='line_1_20' title="bbox 152 2372 450 2449; baseline 0.007 -25"><span class='ocrx_word' id='word_1_185' title='bbox 152 2446 154 2449; x_wconf 13' lang='grc' dir='ltr'><em>Α</em></span> <span class='ocrx_word' id='word_1_186' title='bbox 260 2372 358 2425; x_wconf 72' lang='lat' dir='ltr'><strong>&#39;Ir&#39;ehdt</strong></span> <span class='ocrx_word' id='word_1_187' title='bbox 376 2380 402 2425; x_wconf 82' lang='lat' dir='ltr'><strong>iu</strong></span> <span class='ocrx_word' id='word_1_188' title='bbox 424 2380 450 2426; x_wconf 71' lang='grc' dir='ltr'><strong>1ιὶ</strong></span> 
     </span>
     <span class='ocr_line' id='line_1_21' title="bbox 262 2506 813 2555; baseline 0.004 -2"><span class='ocrx_word' id='word_1_189' title='bbox 262 2508 443 2555; x_wconf 77' lang='lat' dir='ltr'><strong>Haudschriiti.</strong></span> <span class='ocrx_word' id='word_1_190' title='bbox 463 2508 545 2555; x_wconf 71' lang='lat' dir='ltr'><strong>ruta</strong></span> <span class='ocrx_word' id='word_1_191' title='bbox 564 2508 604 2555; x_wconf 79' lang='lat' dir='ltr'><strong>rol.</strong></span> <span class='ocrx_word' id='word_1_192' title='bbox 616 2506 813 2555; x_wconf 69' lang='lat' dir='ltr'><strong>aler-alde.</strong></span> 
     </span>
    </p>
   </div>
   <div class='ocr_carea' id='block_1_6' title="bbox 738 2688 940 2697">
    <p class='ocr_par' dir='ltr' id='par_1_6' title="bbox 738 2688 940 2697">
     <span class='ocr_line' id='line_1_22' title="bbox 738 2688 940 2697; baseline 0.005 -1"><span class='ocrx_word' id='word_1_193' title='bbox 738 2688 940 2697; x_wconf 80' lang='lat'>——..——..</span> 
     </span>
    </p>
   </div>
   <div class='ocr_carea' id='block_1_7' title="bbox 119 2772 1494 2927">
    <p class='ocr_par' dir='ltr' id='par_1_7' title="bbox 119 2772 1494 2927">
     <span class='ocr_line' id='line_1_23' title="bbox 119 2772 1494 2927; baseline 0.006 -26"><span class='ocrx_word' id='word_1_194' title='bbox 119 2772 127 2789; x_wconf 32' lang='grc' dir='ltr'>ι</span> <span class='ocrx_word' id='word_1_195' title='bbox 188 2834 267 2901; x_wconf 61' lang='grc'><strong>237.</strong></span> <span class='ocrx_word' id='word_1_196' title='bbox 289 2834 333 2904; x_wconf 81' lang='lat' dir='ltr'><strong>ii.</strong></span> <span class='ocrx_word' id='word_1_197' title='bbox 355 2852 403 2904; x_wconf 86' lang='lat' dir='ltr'><strong>au</strong></span> <span class='ocrx_word' id='word_1_198' title='bbox 425 2833 531 2899; x_wconf 85' lang='lat' dir='ltr'><strong>fleur.</strong></span> <span class='ocrx_word' id='word_1_199' title='bbox 550 2832 751 2900; x_wconf 75' lang='lat' dir='ltr'><strong>husardus.</strong></span> <span class='ocrx_word' id='word_1_200' title='bbox 904 2832 1039 2915; x_wconf 78' lang='lat' dir='ltr'><strong>(Gotho</strong></span> <span class='ocrx_word' id='word_1_201' title='bbox 1052 2835 1147 2905; x_wconf 77' lang='lat'>1513.</span> <span class='ocrx_word' id='word_1_202' title='bbox 1178 2782 1318 2924; x_wconf 54' lang='lat' dir='ltr'><strong>Anione</strong></span> <span class='ocrx_word' id='word_1_203' title='bbox 1328 2840 1494 2927; x_wconf 73' lang='lat' dir='ltr'><strong>ianuar.)</strong></span> 
     </span>
    </p>
   </div>
   <div class='ocr_carea' id='block_1_8' title="bbox 124 2958 1495 3090">
    <p class='ocr_par' dir='ltr' id='par_1_8' title="bbox 124 2958 1495 3090">
     <span class='ocr_line' id='line_1_24' title="bbox 258 2958 1495 3019; baseline 0.008 -14"><span class='ocrx_word' id='word_1_204' title='bbox 258 2959 319 3007; x_wconf 77' lang='lat' dir='ltr'><strong>Mur.</strong></span> <span class='ocrx_word' id='word_1_205' title='bbox 338 2959 471 3019; x_wconf 77' lang='lat' dir='ltr'><strong>gratrtliert</strong></span> <span class='ocrx_word' id='word_1_206' title='bbox 494 2959 550 3005; x_wconf 90' lang='lat' dir='ltr'><strong>dem</strong></span> <span class='ocrx_word' id='word_1_207' title='bbox 569 2958 700 3005; x_wconf 67' lang='lat' dir='ltr'><strong>brucardus</strong></span> <span class='ocrx_word' id='word_1_208' title='bbox 723 2974 778 3004; x_wconf 89' lang='lat' dir='ltr'><strong>zum</strong></span> <span class='ocrx_word' id='word_1_209' title='bbox 802 2974 883 3005; x_wconf 82' lang='lat' dir='ltr'><strong>narrem</strong></span> <span class='ocrx_word' id='word_1_210' title='bbox 901 2960 980 3005; x_wconf 82' lang='lat' dir='ltr'><strong>dabre</strong></span> <span class='ocrx_word' id='word_1_211' title='bbox 1007 2960 1056 3007; x_wconf 83' lang='lat' dir='ltr'><strong>und</strong></span> <span class='ocrx_word' id='word_1_212' title='bbox 1080 2962 1220 3009; x_wconf 83' lang='lat' dir='ltr'><strong>versichert</strong></span> <span class='ocrx_word' id='word_1_213' title='bbox 1242 2964 1285 3011; x_wconf 88' lang='lat' dir='ltr'><strong>ihu</strong></span> <span class='ocrx_word' id='word_1_214' title='bbox 1313 2966 1396 3013; x_wconf 85' lang='lat' dir='ltr'><strong>seiner</strong></span> <span class='ocrx_word' id='word_1_215' title='bbox 1414 2968 1495 3015; x_wconf 82' lang='lat' dir='ltr'><strong>Hoch·</strong></span> 
     </span>
     <span class='ocr_line' id='line_1_25' title="bbox 124 3028 1022 3090; baseline 0.003 -14"><span class='ocrx_word' id='word_1_216' title='bbox 124 3040 135 3054; x_wconf 78' lang='grc'><strong>“</strong></span> <span class='ocrx_word' id='word_1_217' title='bbox 188 3031 307 3090; x_wconf 79' lang='lat' dir='ltr'><strong>achtuug,</strong></span> <span class='ocrx_word' id='word_1_218' title='bbox 329 3029 393 3076; x_wconf 88' lang='lat' dir='ltr'><strong>doch</strong></span> <span class='ocrx_word' id='word_1_219' title='bbox 412 3030 456 3075; x_wconf 75' lang='lat' dir='ltr'><strong>uas</strong></span> <span class='ocrx_word' id='word_1_220' title='bbox 476 3028 612 3077; x_wconf 78' lang='lat' dir='ltr'><strong>Sehreibeu</strong></span> <span class='ocrx_word' id='word_1_221' title='bbox 630 3044 663 3075; x_wconf 84' lang='lat' dir='ltr'><strong>au</strong></span> <span class='ocrx_word' id='word_1_222' title='bbox 684 3029 728 3075; x_wconf 84' lang='lat' dir='ltr'><strong>iim</strong></span> <span class='ocrx_word' id='word_1_223' title='bbox 748 3032 819 3089; x_wconf 74' lang='lat' dir='ltr'><strong>mogo</strong></span> <span class='ocrx_word' id='word_1_224' title='bbox 839 3030 1022 3079; x_wconf 86' lang='lat' dir='ltr'><strong>nntorhloiborr.</strong></span> 
     </span>
    </p>
   </div>
   <div class='ocr_carea' id='block_1_9' title="bbox 151 3126 1495 4231">
    <p class='ocr_par' dir='ltr' id='par_1_9' title="bbox 269 3126 617 3193">
     <span class='ocr_line' id='line_1_26' title="bbox 269 3126 617 3193; baseline -0.006 -2"><span class='ocrx_word' id='word_1_225' title='bbox 269 3127 406 3193; x_wconf 89' lang='lat' dir='ltr'><strong>Henrieo</strong></span> <span class='ocrx_word' id='word_1_226' title='bbox 428 3126 617 3191; x_wconf 88' lang='lat' dir='ltr'><strong>Musardo.</strong></span> 
     </span>
    </p>

    <p class='ocr_par' dir='ltr' id='par_1_10' title="bbox 151 3228 1495 4231">
     <span class='ocr_line' id='line_1_27' title="bbox 268 3228 1494 3312; baseline 0.007 -18"><span class='ocrx_word' id='word_1_227' title='bbox 268 3229 417 3294; x_wconf 86' lang='lat' dir='ltr'><strong>Musardo</strong></span> <span class='ocrx_word' id='word_1_228' title='bbox 437 3248 507 3294; x_wconf 91' lang='lat' dir='ltr'><strong>meo</strong></span> <span class='ocrx_word' id='word_1_229' title='bbox 530 3248 629 3293; x_wconf 89' lang='lat' dir='ltr'><strong>novus</strong></span> <span class='ocrx_word' id='word_1_230' title='bbox 651 3228 703 3293; x_wconf 92' lang='lat' dir='ltr'><strong>bio</strong></span> <span class='ocrx_word' id='word_1_231' title='bbox 724 3228 1029 3312; x_wconf 86' lang='lat' dir='ltr'><strong>annusadvotasit,</strong></span> <span class='ocrx_word' id='word_1_232' title='bbox 1051 3230 1143 3296; x_wconf 90' lang='lat' dir='ltr'><strong>deum</strong></span> <span class='ocrx_word' id='word_1_233' title='bbox 1156 3233 1494 3305; x_wconf 84' lang='lat' dir='ltr'><strong>uoluntateseeundus.</strong></span> 
     </span>
     <span class='ocr_line' id='line_1_28' title="bbox 187 3329 1494 3420; baseline 0.008 -25"><span class='ocrx_word' id='word_1_234' title='bbox 187 3329 278 3411; x_wconf 83' lang='lat' dir='ltr'><strong>Quod</strong></span> <span class='ocrx_word' id='word_1_235' title='bbox 290 3352 329 3395; x_wconf 86' lang='lat' dir='ltr'><strong>ex</strong></span> <span class='ocrx_word' id='word_1_236' title='bbox 341 3351 398 3395; x_wconf 90' lang='lat' dir='ltr'><strong>usu</strong></span> <span class='ocrx_word' id='word_1_237' title='bbox 413 3339 466 3396; x_wconf 94' lang='lat' dir='ltr'><strong>tuo</strong></span> <span class='ocrx_word' id='word_1_238' title='bbox 478 3350 548 3395; x_wconf 86' lang='lat' dir='ltr'><strong>esse</strong></span> <span class='ocrx_word' id='word_1_239' title='bbox 559 3331 792 3411; x_wconf 80' lang='lat' dir='ltr'><strong>existimabam,</strong></span> <span class='ocrx_word' id='word_1_240' title='bbox 813 3338 924 3396; x_wconf 89' lang='lat' dir='ltr'><strong>auctor</strong></span> <span class='ocrx_word' id='word_1_241' title='bbox 933 3332 987 3413; x_wconf 84' lang='lat' dir='ltr'><strong>t&#39;ui,</strong></span> <span class='ocrx_word' id='word_1_242' title='bbox 1010 3341 1043 3396; x_wconf 90' lang='lat' dir='ltr'><strong>ut</strong></span> <span class='ocrx_word' id='word_1_243' title='bbox 1054 3333 1180 3399; x_wconf 81' lang='lat' dir='ltr'><strong>lectioni</strong></span> <span class='ocrx_word' id='word_1_244' title='bbox 1195 3337 1405 3420; x_wconf 84' lang='lat' dir='ltr'><strong>potiusquam</strong></span> <span class='ocrx_word' id='word_1_245' title='bbox 1420 3343 1494 3405; x_wconf 84' lang='lat' dir='ltr'><strong>rcri-</strong></span> 
     </span>
     <span class='ocr_line' id='line_1_29' title="bbox 187 3420 1494 3525; baseline 0.006 -27"><span class='ocrx_word' id='word_1_246' title='bbox 187 3433 302 3498; x_wconf 92' lang='lat' dir='ltr'><strong>buudis</strong></span> <span class='ocrx_word' id='word_1_247' title='bbox 323 3432 365 3499; x_wconf 90' lang='lat' dir='ltr'><strong>ad</strong></span> <span class='ocrx_word' id='word_1_248' title='bbox 388 3452 438 3497; x_wconf 92' lang='lat' dir='ltr'><strong>me</strong></span> <span class='ocrx_word' id='word_1_249' title='bbox 460 3433 560 3497; x_wconf 81' lang='lat' dir='ltr'><strong>literis</strong></span> <span class='ocrx_word' id='word_1_250' title='bbox 583 3435 744 3498; x_wconf 76' lang='lat' dir='ltr'><strong>vacares2.</strong></span> <span class='ocrx_word' id='word_1_251' title='bbox 787 3420 959 3498; x_wconf 81' lang='lat' dir='ltr'><strong>Consilium</strong></span> <span class='ocrx_word' id='word_1_252' title='bbox 972 3436 1224 3510; x_wconf 88' lang='lat' dir='ltr'><strong>amantidurum,</strong></span> <span class='ocrx_word' id='word_1_253' title='bbox 1246 3438 1494 3525; x_wconf 88' lang='lat' dir='ltr'><strong>sedhistempo-</strong></span> 
     </span>
     <span class='ocr_line' id='line_1_30' title="bbox 188 3534 1494 3621; baseline 0.005 -19"><span class='ocrx_word' id='word_1_254' title='bbox 188 3536 275 3602; x_wconf 88' lang='lat' dir='ltr'><strong>ribus</strong></span> <span class='ocrx_word' id='word_1_255' title='bbox 308 3535 530 3599; x_wconf 88' lang='lat' dir='ltr'><strong>necessarium.</strong></span> <span class='ocrx_word' id='word_1_256' title='bbox 578 3534 750 3619; x_wconf 84' lang='lat' dir='ltr'><strong>Tantisper</strong></span> <span class='ocrx_word' id='word_1_257' title='bbox 775 3536 860 3600; x_wconf 89' lang='lat' dir='ltr'><strong>enim</strong></span> <span class='ocrx_word' id='word_1_258' title='bbox 888 3535 1060 3617; x_wconf 84' lang='lat' dir='ltr'><strong>silendum,</strong></span> <span class='ocrx_word' id='word_1_259' title='bbox 1096 3536 1170 3602; x_wconf 94' lang='lat' dir='ltr'><strong>dum</strong></span> <span class='ocrx_word' id='word_1_260' title='bbox 1202 3540 1255 3621; x_wconf 85' lang='lat' dir='ltr'><strong>qui</strong></span> <span class='ocrx_word' id='word_1_261' title='bbox 1282 3562 1339 3608; x_wconf 88' lang='lat' dir='ltr'><strong>nos</strong></span> <span class='ocrx_word' id='word_1_262' title='bbox 1373 3544 1494 3610; x_wconf 88' lang='lat' dir='ltr'><strong>occulte</strong></span> 
     </span>
     <span class='ocr_line' id='line_1_31' title="bbox 186 3636 1495 3729; baseline 0.005 -27"><span class='ocrx_word' id='word_1_263' title='bbox 186 3638 340 3702; x_wconf 87' lang='lat' dir='ltr'><strong>cuniculis</strong></span> <span class='ocrx_word' id='word_1_264' title='bbox 361 3642 562 3720; x_wconf 85' lang='lat' dir='ltr'><strong>oppugnant,</strong></span> <span class='ocrx_word' id='word_1_265' title='bbox 586 3636 782 3721; x_wconf 89' lang='lat' dir='ltr'><strong>resipuerint.</strong></span> <span class='ocrx_word' id='word_1_266' title='bbox 823 3638 883 3718; x_wconf 85' lang='lat' dir='ltr'><strong>Tu,</strong></span> <span class='ocrx_word' id='word_1_267' title='bbox 903 3637 1065 3719; x_wconf 87' lang='lat' dir='ltr'><strong>Musarde,</strong></span> <span class='ocrx_word' id='word_1_268' title='bbox 1087 3640 1203 3705; x_wconf 87' lang='lat' dir='ltr'><strong>uostris</strong></span> <span class='ocrx_word' id='word_1_269' title='bbox 1224 3644 1350 3725; x_wconf 87' lang='lat' dir='ltr'><strong>scriptis</strong></span> <span class='ocrx_word' id='word_1_270' title='bbox 1371 3664 1406 3710; x_wconf 92' lang='lat' dir='ltr'><strong>es</strong></span> <span class='ocrx_word' id='word_1_271' title='bbox 1425 3645 1495 3729; x_wconf 84' lang='lat' dir='ltr'><strong>dig·</strong></span> 
     </span>
     <span class='ocr_line' id='line_1_32' title="bbox 185 3734 1494 3824; baseline 0.008 -21"><span class='ocrx_word' id='word_1_272' title='bbox 185 3740 335 3805; x_wconf 88' lang='lat' dir='ltr'><strong>nissimus</strong></span> <span class='ocrx_word' id='word_1_273' title='bbox 356 3746 389 3803; x_wconf 91' lang='lat' dir='ltr'><strong>et</strong></span> <span class='ocrx_word' id='word_1_274' title='bbox 409 3759 470 3820; x_wconf 81' lang='lat' dir='ltr'><strong>ego</strong></span> <span class='ocrx_word' id='word_1_275' title='bbox 490 3746 520 3803; x_wconf 91' lang='lat' dir='ltr'><strong>te</strong></span> <span class='ocrx_word' id='word_1_276' title='bbox 542 3745 574 3801; x_wconf 90' lang='lat' dir='ltr'><strong>et</strong></span> <span class='ocrx_word' id='word_1_277' title='bbox 595 3738 715 3821; x_wconf 81' lang='lat' dir='ltr'><strong>ingenii</strong></span> <span class='ocrx_word' id='word_1_278' title='bbox 739 3740 783 3802; x_wconf 92' lang='lat' dir='ltr'><strong>tui</strong></span> <span class='ocrx_word' id='word_1_279' title='bbox 806 3740 996 3803; x_wconf 88' lang='lat' dir='ltr'><strong>amenitates</strong></span> <span class='ocrx_word' id='word_1_280' title='bbox 1018 3734 1089 3806; x_wconf 88' lang='lat' dir='ltr'><strong>amo</strong></span> <span class='ocrx_word' id='word_1_281' title='bbox 1110 3748 1151 3821; x_wconf 90' lang='lat' dir='ltr'><strong>et,</strong></span> <span class='ocrx_word' id='word_1_282' title='bbox 1172 3752 1322 3824; x_wconf 85' lang='lat' dir='ltr'><strong>quantum</strong></span> <span class='ocrx_word' id='word_1_283' title='bbox 1349 3766 1399 3811; x_wconf 93' lang='lat' dir='ltr'><strong>me</strong></span> <span class='ocrx_word' id='word_1_284' title='bbox 1423 3746 1494 3814; x_wconf 89' lang='lat' dir='ltr'><strong>dili-</strong></span> 
     </span>
     <span class='ocr_line' id='line_1_33' title="bbox 151 3834 1494 3933; baseline 0.007 -28"><span class='ocrx_word' id='word_1_285' title='bbox 151 3902 154 3905; x_wconf 79' lang='lat'><strong>.</strong></span> <span class='ocrx_word' id='word_1_286' title='bbox 185 3862 254 3923; x_wconf 82' lang='lat' dir='ltr'><strong>gas,</strong></span> <span class='ocrx_word' id='word_1_287' title='bbox 276 3842 375 3926; x_wconf 91' lang='lat' dir='ltr'><strong>probe</strong></span> <span class='ocrx_word' id='word_1_288' title='bbox 396 3842 477 3905; x_wconf 85' lang='lat' dir='ltr'><strong>nori.</strong></span> <span class='ocrx_word' id='word_1_289' title='bbox 518 3841 568 3904; x_wconf 86' lang='lat' dir='ltr'><strong>Tu</strong></span> <span class='ocrx_word' id='word_1_290' title='bbox 589 3860 677 3905; x_wconf 87' lang='lat' dir='ltr'><strong>meus</strong></span> <span class='ocrx_word' id='word_1_291' title='bbox 697 3834 868 3921; x_wconf 75' lang='grc' dir='ltr'><strong>πατριῶτις</strong></span> <span class='ocrx_word' id='word_1_292' title='bbox 888 3842 1050 3906; x_wconf 87' lang='lat' dir='ltr'><strong>literarum</strong></span> <span class='ocrx_word' id='word_1_293' title='bbox 1072 3862 1195 3926; x_wconf 87' lang='lat' dir='ltr'><strong>quoque</strong></span> <span class='ocrx_word' id='word_1_294' title='bbox 1217 3855 1354 3911; x_wconf 88' lang='lat' dir='ltr'><strong>veterum</strong></span> <span class='ocrx_word' id='word_1_295' title='bbox 1375 3850 1494 3933; x_wconf 87' lang='lat' dir='ltr'><strong>oppido</strong></span> 
     </span>
     <span class='ocr_line' id='line_1_34' title="bbox 186 3942 1493 4029; baseline 0.008 -23"><span class='ocrx_word' id='word_1_296' title='bbox 186 3963 280 4025; x_wconf 89' lang='lat' dir='ltr'><strong>qnam</strong></span> <span class='ocrx_word' id='word_1_297' title='bbox 301 3945 429 4027; x_wconf 90' lang='lat' dir='ltr'><strong>peritus.</strong></span> <span class='ocrx_word' id='word_1_298' title='bbox 472 3942 588 4007; x_wconf 89' lang='lat' dir='ltr'><strong>Verum</strong></span> <span class='ocrx_word' id='word_1_299' title='bbox 606 3944 651 4007; x_wconf 91' lang='lat' dir='ltr'><strong>tui</strong></span> <span class='ocrx_word' id='word_1_300' title='bbox 670 3944 804 4013; x_wconf 83' lang='lat' dir='ltr'><strong>i&#39;aciunt,</strong></span> <span class='ocrx_word' id='word_1_301' title='bbox 831 3952 866 4006; x_wconf 92' lang='lat' dir='ltr'><strong>ut</strong></span> <span class='ocrx_word' id='word_1_302' title='bbox 886 3951 1035 4025; x_wconf 87' lang='lat' dir='ltr'><strong>suspecta</strong></span> <span class='ocrx_word' id='word_1_303' title='bbox 1056 3944 1120 4009; x_wconf 89' lang='lat' dir='ltr'><strong>sint</strong></span> <span class='ocrx_word' id='word_1_304' title='bbox 1141 3948 1255 4012; x_wconf 90' lang='lat' dir='ltr'><strong>omnia.</strong></span> <span class='ocrx_word' id='word_1_305' title='bbox 1303 3950 1388 4029; x_wconf 82' lang='lat' dir='ltr'><strong>Quid</strong></span> <span class='ocrx_word' id='word_1_306' title='bbox 1410 3953 1493 4017; x_wconf 90' lang='lat' dir='ltr'><strong>enim</strong></span> 
     </span>
     <span class='ocr_line' id='line_1_35' title="bbox 184 4045 1494 4137; baseline 0.007 -28"><span class='ocrx_word' id='word_1_307' title='bbox 184 4046 250 4112; x_wconf 88' lang='lat' dir='ltr'><strong>illis</strong></span> <span class='ocrx_word' id='word_1_308' title='bbox 267 4046 391 4125; x_wconf 89' lang='lat' dir='ltr'><strong>credas,</strong></span> <span class='ocrx_word' id='word_1_309' title='bbox 412 4046 465 4127; x_wconf 90' lang='lat' dir='ltr'><strong>qui</strong></span> <span class='ocrx_word' id='word_1_310' title='bbox 489 4053 580 4128; x_wconf 91' lang='lat' dir='ltr'><strong>poete</strong></span> <span class='ocrx_word' id='word_1_311' title='bbox 599 4065 711 4109; x_wconf 91' lang='lat' dir='ltr'><strong>nomen</strong></span> <span class='ocrx_word' id='word_1_312' title='bbox 733 4045 889 4109; x_wconf 77' lang='lat' dir='ltr'><strong>infamant</strong></span> <span class='ocrx_word' id='word_1_313' title='bbox 910 4053 941 4109; x_wconf 89' lang='lat' dir='ltr'><strong>et</strong></span> <span class='ocrx_word' id='word_1_314' title='bbox 961 4048 1118 4111; x_wconf 87' lang='lat' dir='ltr'><strong>teutonice</strong></span> <span class='ocrx_word' id='word_1_315' title='bbox 1137 4056 1494 4137; x_wconf 87' lang='lat' dir='ltr'><strong>sectatorespoetarum</strong></span> 
     </span>
     <span class='ocr_line' id='line_1_36' title="bbox 185 4146 1493 4231; baseline 0.008 -21"><span class='ocrx_word' id='word_1_316' title='bbox 185 4148 350 4231; x_wconf 88' lang='lat' dir='ltr'><strong>appellant</strong></span> <span class='ocrx_word' id='word_1_317' title='bbox 373 4146 507 4212; x_wconf 91' lang='lat' dir='ltr'><strong>behmen</strong></span> <span class='ocrx_word' id='word_1_318' title='bbox 535 4146 614 4211; x_wconf 87' lang='lat' dir='ltr'><strong>ader</strong></span> <span class='ocrx_word' id='word_1_319' title='bbox 640 4146 743 4212; x_wconf 88' lang='lat' dir='ltr'><strong>walen</strong></span> <span class='ocrx_word' id='word_1_320' title='bbox 753 4148 775 4207; x_wconf 77' lang='lat'><strong>³.</strong></span> <span class='ocrx_word' id='word_1_321' title='bbox 823 4146 891 4225; x_wconf 81' lang='lat' dir='ltr'><strong>Quo</strong></span> <span class='ocrx_word' id='word_1_322' title='bbox 922 4147 1000 4230; x_wconf 89' lang='lat' dir='ltr'><strong>quid</strong></span> <span class='ocrx_word' id='word_1_323' title='bbox 1026 4150 1171 4215; x_wconf 88' lang='lat' dir='ltr'><strong>acerbius</strong></span> <span class='ocrx_word' id='word_1_324' title='bbox 1198 4152 1230 4217; x_wconf 93' lang='lat' dir='ltr'><strong>in</strong></span> <span class='ocrx_word' id='word_1_325' title='bbox 1260 4156 1493 4221; x_wconf 85' lang='lat' dir='ltr'><strong>sanctissimum</strong></span> 
     </span>
    </p>
   </div>
   <div class='ocr_carea' id='block_1_10' title="bbox 246 4431 599 4671">
    <p class='ocr_par' dir='ltr' id='par_1_11' title="bbox 246 4431 599 4671">
     <span class='ocr_line' id='line_1_37' title="bbox 248 4431 599 4507; baseline 0 -16"><span class='ocrx_word' id='word_1_326' title='bbox 248 4431 260 4474; x_wconf 85' lang='lat'><strong>¹</strong></span> <span class='ocrx_word' id='word_1_327' title='bbox 283 4436 349 4507; x_wconf 77' lang='lat' dir='ltr'><strong>vgr.</strong></span> <span class='ocrx_word' id='word_1_328' title='bbox 370 4434 415 4490; x_wconf 80' lang='grc' dir='ltr'><strong>Βι·Ι</strong></span> <span class='ocrx_word' id='word_1_329' title='bbox 428 4432 484 4489; x_wconf 89' lang='grc'><strong>163</strong></span> <span class='ocrx_word' id='word_1_330' title='bbox 497 4454 522 4489; x_wconf 91' lang='lat' dir='ltr'><strong>u.</strong></span> <span class='ocrx_word' id='word_1_331' title='bbox 533 4436 599 4491; x_wconf 80' lang='lat'><strong>230.</strong></span> 
     </span>
     <span class='ocr_line' id='line_1_38' title="bbox 246 4512 598 4589; baseline -0.006 -17"><span class='ocrx_word' id='word_1_332' title='bbox 246 4512 260 4555; x_wconf 76' lang='lat'>²</span> <span class='ocrx_word' id='word_1_333' title='bbox 280 4516 344 4589; x_wconf 78' lang='lat' dir='ltr'><strong>Vgt</strong></span> <span class='ocrx_word' id='word_1_334' title='bbox 364 4516 412 4570; x_wconf 87' lang='lat' dir='ltr'><strong>Br.</strong></span> <span class='ocrx_word' id='word_1_335' title='bbox 424 4516 480 4569; x_wconf 76' lang='lat'><strong>217</strong></span> <span class='ocrx_word' id='word_1_336' title='bbox 493 4535 519 4572; x_wconf 91' lang='grc' dir='ltr'><strong>ιι.</strong></span> <span class='ocrx_word' id='word_1_337' title='bbox 532 4516 598 4571; x_wconf 79' lang='grc'><strong>218.</strong></span> 
     </span>
     <span class='ocr_line' id='line_1_39' title="bbox 246 4591 597 4671; baseline 0.011 -20"><span class='ocrx_word' id='word_1_338' title='bbox 246 4591 262 4636; x_wconf 76' lang='lat'>3</span> <span class='ocrx_word' id='word_1_339' title='bbox 281 4596 347 4671; x_wconf 81' lang='lat' dir='ltr'><strong>vgr.</strong></span> <span class='ocrx_word' id='word_1_340' title='bbox 368 4595 414 4654; x_wconf 86' lang='lat' dir='ltr'><strong>Br.</strong></span> <span class='ocrx_word' id='word_1_341' title='bbox 425 4596 481 4651; x_wconf 78' lang='lat'><strong>213</strong></span> <span class='ocrx_word' id='word_1_342' title='bbox 493 4615 520 4652; x_wconf 89' lang='grc' dir='ltr'><strong>ιι.</strong></span> <span class='ocrx_word' id='word_1_343' title='bbox 531 4596 597 4655; x_wconf 79' lang='lat'>234.</span> 
     </span>
    </p>
   </div>
   <div class='ocr_carea' id='block_1_11' title="bbox 0 0 1818 5192">
    <p class='ocr_par' dir='ltr' id='par_1_12' title="bbox 0 0 1818 5192">
     <span class='ocr_line' id='line_1_40' title="bbox 0 0 1818 5192; baseline 0 2"><span class='ocrx_word' id='word_1_344' title='bbox 0 0 1818 5192; x_wconf 95' lang='lat' dir='ltr'><strong> </strong></span> 
     </span>
    </p>
   </div>
  </div>
 </body>
</html>
