3625 5192
620 365 711 428 Brieio
728 363 850 428 blutiarrs
869 365 928 430 idb.
949 364 1007 431 idd.
1028 365 1087 428 167.
1455 363 1507 427 237

203 519 392 604 Henningus
423 528 455 588 et
486 521 518 586 id
551 539 653 603 genus
685 522 911 606 spectatissimi
941 523 995 586 vix
1031 523 1134 587 salute
1166 522 1380 603 dignarentur.
1435 523 1508 587 Pro-

201 623 339 728 pinquus
363 632 411 690 est
437 625 639 690 Salvatoris.¹
671 625 790 690 Rides?
822 625 967 690 Christus
987 624 1118 689 authore
1137 625 1316 707 Augustino
1335 625 1440 690 dietus
1460 635 1508 691 est
1615 681 1623 692 .

178 721 183 730 '
201 727 382 810 margarita.
425 726 527 794 Hodie
548 727 645 808 ludi2,
669 735 754 811 puto,
774 726 948 792 Christiani
969 726 1218 792 celebrabuntur.

392 851 462 930 Quo
480 849 640 917 desiderio
663 860 784 916 veteres
806 870 995 916 renovamus
1015 850 1160 917 amores?

352 953 498 1036 Namque
519 953 597 1033 dies,
620 955 652 1019 ni
673 953 775 1033 fallor,
796 953 897 1034 adest,
918 973 1011 1034 quem
1032 973 1158 1035 semper
1177 953 1335 1036 acerbum,

350 1056 485 1140 Semper
505 1047 699 1138 honoratam,
719 1057 766 1122 sie
786 1055 832 1121 dii
853 1055 1008 1136 voluistis,
1028 1053 1190 1122 babemus.
1234 1056 1354 1121 Valete.

281 1177 336 1244 111.
361 1179 521 1245 Calendas
544 1181 702 1261 tutatast·
762 1191 778 1276 j

270 1301 487 1350 nonsummum
510 1303 555 1350 rar
576 1304 617 1352 nr.
632 1277 822 1370 raon-jose.

247 1389 316 1524 s²1<
336 1397 370 1442 lu.
409 1397 453 1442 Dte
473 1397 624 1457 bbpdnzrsup·
643 1413 670 1444 su
696 1397 779 1444 lunias
806 1398 893 1456 opime
920 1399 971 1443 sr‘rb
997 1413 1042 1444 aas
1064 1396 1108 1443 der·
1133 1397 1281 1458 Hrrrdbrmnp
1303 1397 1346 1444 der
1370 1397 1504 1444 lilonler'rlr·

198 1479 253 1510 nam
266 1471 330 1513 esron

197 1629 275 1696 167.
297 1629 341 1696 li.
363 1649 407 1697 nn
430 1631 565 1699 Urban.
907 1633 1038 1710 (borna
1049 1635 1141 1704 1510.
1172 1631 1503 1720 urrinnandin).

269 1741 329 1790 Mut.
348 1743 424 1790 bitror
444 1743 492 1791 den
513 1745 611 1804 llrban,
635 1745 687 1791 airh
706 1745 749 1792 des
765 1759 850 1792 armen
869 1747 959 1806 Apollo
977 1761 1028 1792 von
1047 1746 1241 1792 liobankirelren
1260 1749 1432 1793 anzrrrrolrnron
1451 1748 1503 1793 und

197 1811 325 1871 bespriolrt
343 1813 383 1860 die
401 1814 518 1874 Sebritte,
538 1817 630 1862 wala-ha
649 1831 678 1862 zu
699 1817 760 1862 tburr
781 1816 846 1875 sind,
865 1831 905 1862 nm
923 1818 980 1862 dem
990 1813 1157 1864 Herebordv.
1168 1817 1192 1864 d.
1203 1817 1319 1864 Muttinem
1338 1819 1379 1864 ein
1399 1819 1444 1864 irai
1462 1833 1504 1877 ge·

199 1882 327 1930 wordenes
344 1883 493 1931 Kanonikut
512 1893 602 1932 sammt
622 1886 749 1932 Pressasur
769 1901 798 1932 ru
817 1887 983 1934 versclraiian.

277 1967 430 2050 Magistro
443 1969 580 2037 Henrieo
597 1970 766 2052 Urbano,
788 1971 967 2056 Erpburdie
987 1971 1098 2036 domus
1120 1970 1335 2054 Georgirallis
1355 1974 1504 2054 questori,

195 2070 264 2134 viro
285 2071 384 2147 desto,
408 2072 564 2156 prudenti,
586 2076 698 2154 amieo,
722 2073 883 2138 blutianus
905 2075 1011 2139 Rullus.

277 2175 308 2239 S.
352 2173 394 2238 Ut
415 2194 502 2240 meus
523 2184 571 2240 est
593 2195 676 2250 mos,
700 2177 856 2241 neminem
877 2175 1080 2240 familiarium
1103 2195 1123 2239 a
1144 2195 1194 2241 me
1215 2175 1335 2239 tristem
1356 2184 1502 2241 mestum-

194 2294 256 2357 que
277 2275 442 2342 diseedere
463 2278 619 2359 permitto.
662 2279 831 2362 Apollnm³
854 2277 1053 2360 hospitaliter
1070 2279 1182 2362 accepi
1199 2277 1411 2360 dignatusque
1432 2297 1500 2342 sum

195 2379 327 2442 oonsilio
348 2387 381 2443 et
401 2397 543 2444 sermone
564 2388 605 2458 et,
629 2381 705 2461 quia
726 2379 843 2443 salario
862 2390 1039 2444 sustentare
1059 2399 1121 2444 uon
1135 2399 1270 2463 possum,
1293 2380 1446 2464 persuasi,
1467 2386 1503 2444 ut
1565 2459 1569 2464 .

193 2480 333 2546 serviret
375 2482 509 2560 serviet,
529 2481 632 2562 oredo,
654 2482 737 2564 quod
750 2481 906 2546 dominari
927 2481 968 2546 ob
989 2481 1128 2564 inopiam
1150 2488 1294 2564 nequeat.
1335 2481 1502 2564 Experiar,

194 2601 288 2664 quam
310 2584 369 2648 sim
393 2583 449 2647 tibi
472 2603 578 2663 oarus,
600 2583 628 2648 si
649 2604 718 2648 eum
740 2585 772 2648 in
795 2584 900 2665 gratia
913 2584 1063 2649 habueris
1113 2585 1217 2649 Autsi
1240 2586 1340 2649 losum
1362 2584 1449 2668 apud
1470 2593 1501 2649 te

194 2705 256 2750 non
283 2685 394 2766 babet,
422 2685 495 2750 bero
521 2686 692 2768 opulentiis
719 2687 923 2752 suffarcinato
951 2686 1042 2750 dede.
1083 2687 1186 2770 Aptus
1212 2688 1273 2751 erit
1300 2708 1362 2750 nou
1390 2688 1523 2770 paneis.

193 2788 392 2853 ministeriis:
414 2791 570 2852 Aeeurate
592 2788 712 2868 scribit,
734 2789 813 2852 saite
835 2788 1041 2853 ratiocinatur
1065 2788 1176 2872 positis
1198 2788 1330 2852 calculis
1351 2798 1384 2852 ut
1402 2790 1501 2852 solers

193 2889 394 2974 dispensator
428 2889 474 2954 rei
504 2889 679 2954 famniliaris.
735 2893 762 2953 A
788 2889 985 2954 Biermostol
1016 2899 1199 2974 preceptum
1227 2899 1289 2972 est,
1322 2898 1354 2953 ut
1382 2892 1500 2956 mensis

193 2995 303 3074 spacio
315 2999 485 3058 annotetur.
528 2991 632 3056 Dubie
644 2991 1010 3075 pr'ourissionisiueertus
1023 2999 1220 3057 esterentus.
1263 2992 1335 3056 Non
1352 2975 1499 3057 eristimo

193 3096 274 3159 adeo
295 3097 382 3158 oives
404 3094 475 3160 ilios
496 3101 676 3159 attenuatos
686 3113 766 3174 esse,
785 3102 818 3158 ut
832 3095 918 3158 alere
929 3094 1013 3158 domi
1026 3093 1280 3158 scholastionium
1295 3100 1350 3157 tna
1367 3095 1499 3158 auotori-

191 3205 258 3261 tate
279 3197 485 3261 favorabilem
507 3216 605 3278 grave
626 3197 686 3261 sibi
710 3211 868 3260 censeant.
911 3196 1029 3261 Audivi
1043 3195 1208 3260 Benedicti
1220 3198 1413 3261 relationem.
1455 3197 1497 3260 bii

196 3299 331 3379 Urbane,
352 3305 384 3362 tu
408 3299 542 3381 requiris
564 3299 780 3378 licenciatum,
802 3309 836 3362 ut
858 3305 981 3363 vooant.
1024 3299 1111 3364 Satis
1132 3299 1314 3363 licentiosus
1336 3308 1382 3363 est
1404 3297 1498 3363 Here-

192 3401 317 3466 bordus.
360 3401 460 3466 Nemo
482 3401 539 3465 tibi
562 3407 716 3484 preporrat
732 3401 990 3465 consuetudinem
1004 3400 1126 3465 ordinis
1140 3400 1398 3483 iurisperitorum.
1441 3400 1499 3464 His

192 3503 358 3587 procellis⁵
389 3505 478 3567 favor
502 3503 604 3587 plebis
635 3503 735 3584 legem
762 3503 893 3568 obtinet.
939 3503 1045 3567 Habet
1072 3503 1262 3582 eonsulem‘i,
1293 3501 1390 3566 babet
1415 3501 1498 3566 Mar-

191 3605 306 3686 tinum,
343 3606 445 3670 eleros·
475 3605 620 3688 gentiles
674 3605 839 3689 impetrari
868 3612 970 3688 potest
998 3605 1067 3669 sine
1098 3603 1206 3668 labore
1240 3606 1398 3669 suceessio
1424 3605 1498 3668 Cer-

193 3709 258 3772 beri
269 3709 290 3773 ⁷.
344 3707 526 3774 Deseerrdat
555 3708 587 3772 in
618 3707 763 3788 comitia,
798 3713 886 3791 petat
919 3708 1148 3790 magistratum.
1203 3705 1311 3772 Plebis
1345 3707 1498 3790 suffragia

181 3877 186 3884 ¹
255 3889 266 3932 1
288 3892 426 3949 Aehnlieh
447 3893 492 3949 Br.
509 3893 574 3948 152.

252 3969 350 4068 tvgl.
371 3974 416 4030 Br.
437 3974 474 4028 28
496 3973 523 4030 S.
537 3975 575 4029 39
598 3975 679 4030 Anm.
691 3975 718 4033 3.
759 3975 829 4031 Hier
852 3976 915 4031 sind
935 3976 982 4032 die
1010 3976 1103 4048 Spiele
1132 3997 1177 4032 am
1204 3976 1497 4048 Fronleiehnamstage

191 4062 352 4208 gemffigl·
373 4135 419 4192 Br.
436 4135 472 4190 73
495 4135 523 4192 S.
540 4137 594 4191 101
618 4135 730 4193 Anm.8
753 4139 808 4192 und
829 4139 883 4192 den
904 4138 1018 4209 rotigen
1039 4136 1124 4192 Brief.

230 4211 266 4311 '4
287 4215 395 4272 Mation
416 4217 493 4273 hatte
514 4219 568 4273 den
587 4217 796 4289 armenApollo
813 4237 852 4295 pn
864 4217 1003 4272 Biermost
1023 4217 1192 4290 empiolrlen.
1220 4218 1284 4290 vgl.
1308 4220 1362 4276 dmr
1383 4221 1496 4290 rotigen

190 4295 323 4432 BH‘lilla
343 4381 444 4434 wiitete
465 4379 515 4433 der
535 4377 687 4434 stiidtisehe
708 4377 838 4434 Aufrubr.

253 4453 267 4496 θ
287 4457 394 4514 Rudoli
403 4477 427 4512 v.
440 4459 465 4514 d.
479 4459 605 4513 bimben
618 4457 663 4528 (l).

166 4585 169 4592 .
254 4532 338 4593 ⁷Die
359 4557 389 4594 se
411 4539 590 4594 beaeiebnute
611 4539 833 4594 Persdnliehkeit
853 4539 901 4595 bat
922 4541 993 4594 nach
1015 4539 1297 4596 denSelrlnaaworteu
1319 4544 1367 4598 des
1387 4541 1496 4597 Briefes

190 4619 236 4676 ein
256 4619 418 4676 hunurikat
438 4621 494 4674 und
516 4620 578 4676 eine
600 4619 745 4675 Professor
765 4621 830 4676 inne
850 4621 965 4694 gebubt.
