3625 5192
665 336 754 393 Briele
772 336 892 392 Mutians
909 336 968 391 254.
985 334 1045 391 255.
1240 336 1251 347 '
1457 330 1507 386 titt

199 510 238 555 ae
265 510 322 572 pro
343 488 498 554 communi
522 488 749 552 Gemranornm
772 506 829 551 usu
851 485 1055 565 tersiuscnla,
1083 504 1192 568 parum
1215 484 1332 548 babere
1353 484 1509 565 germani-

199 592 284 670 tatis,
306 592 407 655 multa
431 592 526 655 etiam
549 593 665 655 rel'erre
686 610 704 653 a
726 587 832 653 medio
849 588 949 652 Latio.
993 587 1081 668 llogo
1102 587 1199 667 illum,
1221 587 1274 650 ubi
1298 587 1407 650 literas
1427 585 1509 649 didi-

197 696 302 759 cisset.
346 692 522 775 Respondit
543 692 575 756 in
598 691 780 755 Germania.
822 690 902 753 Tum
924 708 943 751 a
967 709 1038 771 quo.
1082 688 1200 753 Retulit
1220 708 1240 751 a
1258 688 1351 753 docto
1371 690 1508 770 quodam

200 797 285 876 viro,
313 795 363 859 eui
386 795 527 858 blotiano
549 794 629 858 linio
651 812 766 857 nomen
786 802 884 871 esset,
911 812 972 873 quo
994 800 1025 854 et
1046 790 1121 854 bero
1142 798 1174 853 et
1202 798 1386 874 preceptore
1414 783 1509 872 snprir

198 897 385 961 decennium
400 916 474 959 usus
491 896 594 959 fucrit.
636 895 779 976 Cognovi
795 895 955 977 extemplo
977 892 1060 958 istud
1083 912 1195 957 rronren
1218 912 1256 957 ex
1282 893 1400 958 ltalicis
1419 914 1507 961 acca-

198 1000 314 1062 demiis
340 1006 466 1061 notam·
492 996 610 1062 babere
642 1005 738 1079 atque
767 996 859 1060 buirus
892 996 1084 1061 elocutionis
1112 996 1246 1059 rivulum
1276 996 1392 1059 lbntem
1421 996 1507 1061 illum

198 1119 320 1183 sapere.
363 1098 497 1164 Addidit
515 1098 632 1163 deinde
652 1100 761 1170 multa,
782 1098 856 1162 dum
876 1096 1037 1179 qnotidieb
1059 1117 1122 1163 una
1139 1116 1289 1177 essemus,
1312 1098 1508 1163 deductrina

198 1210 267 1281 tua,
298 1203 339 1267 de
366 1202 521 1279 bonitate,
550 1201 591 1265 de
622 1202 828 1279 liberalitate,
857 1200 898 1263 de
928 1198 1155 1271 consuetudine
1183 1200 1382 1266 suavissima.
1424 1201 1508 1278 Quid

199 1304 327 1384 queris?
368 1304 461 1386 Cepit
488 1322 610 1367 mecum
636 1311 669 1366 et
690 1302 764 1366 dnm
786 1302 847 1365 iter
866 1302 1001 1366 tacimus
1022 1310 1054 1365 et
1073 1300 1148 1365 dum
1168 1302 1298 1365 Golonle
1319 1322 1426 1367 sumus
1465 1306 1509 1368 lta

200 1407 320 1470 versari
341 1413 372 1469 et
393 1426 432 1470 ea
454 1405 494 1469 de
515 1412 546 1470 te
568 1404 750 1488 predicare,
776 1412 810 1467 nt
839 1406 923 1467 intra
945 1422 1063 1487 patrnos
1083 1403 1153 1469 dies
1182 1422 1220 1467 en
1245 1414 1308 1468 toto
1330 1414 1383 1468 tuo
1407 1408 1508 1470 iactus

199 1509 242 1571 sit
261 1508 357 1571 etiam
380 1526 468 1571 nreus
488 1514 521 1570 et
541 1508 587 1571 ita
607 1526 705 1585 meus,
727 1514 761 1569 ut
779 1526 841 1568 non
863 1511 928 1569 tam
950 1506 1018 1589 ipse
1041 1505 1144 1569 lbctus
1164 1506 1206 1568 sit
1223 1524 1320 1582 meus,
1342 1525 1435 1589 quam
1458 1528 1508 1571 me

200 1610 303 1692 ipsum
330 1608 426 1691 plane
452 1610 561 1673 fecerit
583 1616 679 1687 turam,
700 1608 774 1689 quin
796 1608 893 1672 etita
915 1617 1010 1685 tuum,
1032 1616 1065 1671 ut
1085 1606 1191 1671 dicere
1212 1608 1316 1673 ausim
1345 1628 1383 1672 ne
1403 1610 1506 1692 ipsum

200 1711 327 1792 quidem
349 1731 419 1776 esse
441 1718 505 1775 tam
527 1720 627 1789 tnnrn,
658 1731 721 1791 qno
747 1730 808 1773 uno
829 1708 909 1774 nibil
931 1718 1034 1792 potest
1057 1722 1143 1775 esse‘
1168 1711 1272 1793 magis
1297 1720 1391 1775 tunm.
1438 1712 1508 1790 ero
1540 1702 1546 1711 ’

199 1812 243 1886 fit,
265 1820 308 1892 ut,
329 1832 398 1877 enm
414 1832 474 1895 ego
488 1815 548 1877 sim
563 1813 640 1877 nribi
657 1813 811 1889 conscius,
832 1812 1126 1893 quantuluscunque
1147 1830 1230 1876 sum:
1252 1832 1322 1877 osse
1343 1820 1424 1887 tuus,
1446 1834 1508 1877 non

201 1914 339 1980 alienum
368 1935 438 1981 esse
466 1916 641 1980 consororini
669 1914 709 1977 de
730 1915 798 1977 viro
820 1914 947 1977 literato
968 1921 999 1978 et
1026 1934 1079 1994 eo,
1115 1916 1167 1995 qni
1190 1924 1293 1998 preter
1319 1916 1508 1985 cultissimas

202 2018 311 2083 literas
330 2018 573 2082 humanissimos
593 2018 688 2081 etiam
709 2035 811 2079 mores
833 2015 978 2080 exltalia
999 2015 1149 2097 lrauserlt,
1171 2026 1292 2082 tanturn
1314 2018 1390 2083 mibi
1415 2038 1508 2101 posse

201 2120 353 2203 polliceri,
372 2128 407 2183 ut
427 2138 529 2183 meum
549 2128 580 2183 te
592 2119 738 2195 dixerim,
759 2118 904 2199 quamvis
926 2138 1028 2199 nequo
1047 2119 1135 2183 visus
1154 2119 1212 2182 tibi
1235 2123 1508 2203 usquamlneque

140 2260 146 2269 ·
201 2226 327 2286 nornine
348 2222 474 2304 quidem
498 2231 589 2287 notus
610 2241 748 2303 unquam
770 2222 888 2285 ibelim.
932 2220 1029 2285 tlatns
1047 2220 1193 2301 equidem
1215 2229 1247 2285 et
1267 2222 1458 2287 urbanitatis
1477 2232 1509 2287 et

201 2335 313 2388 nature
334 2324 405 2389 iura
425 2326 519 2388 l'acile
541 2324 626 2406 pati,
647 2334 681 2386 ut
698 2344 789 2405 quem
812 2331 845 2386 tn
867 2343 954 2387 aures
975 2332 1008 2386 et
1028 2324 1131 2397 colas,
1152 2324 1193 2388 ab
1215 2344 1252 2387 eo
1276 2332 1306 2388 te
1327 2323 1435 2407 diligi,
1458 2328 1507 2391 cui

201 2437 232 2491 te
252 2433 350 2492 totum
374 2428 539 2492 addixeris
559 2447 598 2490 ac
619 2428 744 2510 penitus
766 2446 856 2511 sunm
880 2426 1002 2503 leceris,
1025 2425 1111 2489 illum
1136 2445 1259 2508 quoque
1281 2436 1312 2490 et
1333 2435 1418 2491 tuum
1439 2448 1509 2494 esse

201 2549 262 2593 nou
285 2529 344 2592 abe
364 2548 399 2592 re
419 2529 477 2592 tibi
500 2525 656 2613 spondere
677 2528 789 2611 possis.
833 2528 948 2601 liabeo,
969 2530 1040 2609 quis
1060 2528 1118 2591 sim
1141 2528 1259 2609 quidve
1276 2536 1306 2592 te
1321 2550 1422 2595 meum
1446 2531 1507 2593 iam

201 2629 353 2695 audacter
372 2632 541 2715 appellem.
583 2632 746 2713 Cognosce
768 2650 864 2709 nunc,
891 2631 1001 2694 abste
1024 2630 1099 2711 quid
1124 2640 1236 2713 petam.
1280 2630 1348 2713 ligo
1369 2652 1508 2697 cesarem

202 2752 258 2815 per
283 2734 488 2798 Germaniam
514 2754 629 2797 nonum
656 2735 719 2799 iam
757 2752 896 2797 ntensem
923 2752 1037 2813 sequor
1074 2732 1246 2796 Benedicto
1278 2734 1341 2797 iam
1370 2744 1435 2797 tunt
1467 2736 1509 2799 ab
1540 2728 1543 2735 ⁴

202 2834 293 2898 initio
313 2842 345 2899 et
365 2835 517 2899 familiari
535 2845 567 2899 et
587 2836 701 2902 comite
723 2834 920 2899 incessanter
941 2844 1042 2898 utens.
1085 2834 1227 2899 incertus
1250 2854 1317 2901 sum
1333 2836 1446 2915 adbuc,
1468 2836 1509 2900 ad

201 2956 294 3017 quam
316 2938 401 3001 diem
421 2938 454 3001 in
477 2937 601 3002 ltaliam
632 2936 710 3000 mibi
734 2937 776 3001 sit
802 2935 1006 3000 redeundum.
1051 2936 1126 3001 l’eto
1146 2956 1237 3018 ergo,
1265 2956 1314 3001 nro
1339 2940 1508 3002 amicornm

202 3048 322 3101 tuorum
337 3039 436 3103 indici
454 3058 494 3105 ne
513 3040 657 3122 graveris
677 3039 876 3103 subscribere
896 3058 944 3115 ac,
964 3040 1032 3102 sive
1050 3038 1223 3103 Germania
1244 3060 1293 3104 me
1314 3041 1383 3105 slve
1403 3042 1510 3106 natale
1574 3045 1577 3053 ’

202 3140 348 3205 babuerit
368 3142 482 3218 solnm,
515 3141 766 3223 quandocunque
792 3160 867 3205 usus
889 3143 1012 3204 venerit
1039 3160 1119 3221 eque
1146 3160 1195 3205 me
1217 3162 1255 3205 ac
1278 3142 1375 3206 veteri
1398 3144 1510 3225 quovis

202 3244 304 3305 amico
330 3251 425 3307 utere.
467 3244 548 3307 Tum
571 3244 778 3308 benedictum
805 3250 944 3306 nostrum
972 3278 999 3287 -
1027 3252 1165 3305 nostrum
1188 3243 1271 3307 eninr
1292 3244 1509 3327 potiusquam

201 3354 287 3408 tuum
300 3354 355 3409 tua
365 3346 463 3410 fretus
479 3344 673 3409 humanitate
685 3346 818 3410 dixerim
832 3382 867 3391 -
881 3346 941 3409 tibi
953 3364 1022 3409 meo
1034 3346 1161 3408 nomine
1182 3346 1229 3409 sic
1240 3346 1333 3410 velim
1357 3366 1510 3412 colomen-

202 3448 325 3517 datum,
354 3456 389 3511 ut
416 3450 447 3511 in
474 3447 640 3530 pristinam
668 3448 772 3511 illum¹
805 3448 1057 3512 benevolentiam
1084 3466 1122 3511 ac
1147 3448 1306 3529 graciam,
1339 3468 1403 3529 qua
1435 3449 1509 3513 olim

203 3550 458 3633 amplectebaris,
479 3551 636 3619 restituas,
658 3570 717 3613 nec
728 3551 827 3615 solum
849 3550 1007 3629 restituas,
1029 3549 1364 3631 verumetpluseulum
1388 3551 1510 3632 aliquid

203 3652 314 3716 addas.
356 3651 523 3729 Quod-ille
543 3652 639 3734 plane
659 3652 821 3733 intelligat
848 3671 888 3717 cx
916 3671 969 3723 eo,
995 3650 1090 3731 quior
1111 3670 1198 3715 meus
1219 3652 1315 3716 etiam
1338 3652 1511 3733 aliquando

202 3754 305 3833 l'nerit,
327 3753 369 3815 ad
392 3753 542 3835 pristinas
564 3753 701 3817 rationes
721 3771 797 3815 suras
818 3746 999 3816 accessisse.
1044 3752 1129 3821 Vale.

195 3867 200 3875 ‘
285 3855 331 3918 lin
352 3856 497 3937 Augusta
517 3854 614 3918 Xllll
638 3853 803 3919 Kalendas
824 3854 932 3917 lunias
954 3858 1040 3919 1513.

274 4000 454 4046 lisnrlscbriltl.
474 4000 494 4045 1⁸²
504 4000 555 4046 360
576 4000 822 4047 rotatae-tuus
859 4000 936 4050 Gedr,
956 4000 980 4045 b.
998 4000 1032 4045 Tu
1050 4002 1067 4049 S
1089 3996 1232 4049 lit-176
1252 4004 1401 4063 rollat'tralr'q.

274 4122 337 4173 ²'l'z
356 4127 491 4173 academiis
510 4136 603 4174 notum.
688 4111 700 4146 ¹¹
720 4128 753 4173 'l'z
771 4128 900 4185 quottidie.
990 4121 1001 4147 ‘'
1021 4128 1053 4173 '1¹2
1074 4129 1152 4185 nlapis
1171 4144 1231 4177 esso.
1309 4114 1374 4176 ιιΤιι
1395 4145 1511 4190 unquam.

205 4194 216 4220 '⁹
236 4199 268 4243 l'z
286 4198 338 4246 abs.
411 4182 470 4243 ‘Te
489 4198 566 4244 illam.
638 4190 651 4225 ⁸
671 4199 703 4242 'l'x
721 4198 795 4257 quod.

257 4672 595 4725 annumerentur
