3625 5192
320 327 375 381 282
427 363 429 369 -
704 328 963 399 GesebIobtsquollen
980 331 1030 385 der
1047 330 1123 385 Pras.
1141 329 1266 389 Saelrsen.

401 477 434 540 S.
470 469 527 540 'Ex
548 477 669 543 Urbani
692 479 790 544 nostri
811 477 948 562 epistola
967 478 1060 544 melle
1079 477 1201 544 duloior
1220 477 1291 543 duit
1310 478 1434 560 oraelo,
1466 485 1500 544 ut
1525 480 1629 544 minus

320 577 362 642 sit
392 597 461 643 rueo
490 578 607 643 iudioio
636 579 825 646 mellilluual
847 587 938 663 pater
957 581 1080 646 ordinis
1102 581 1155 646 tui.
1198 581 1269 645 Nou
1292 581 1401 662 loquor
1421 579 1463 646 de
1482 583 1630 648 oratoriis

320 679 444 759 illiciis,
472 699 652 762 quanquam
679 681 767 746 nulla
795 681 852 745 tibi
876 683 1040 764 pigmenta
1061 683 1215 747 sermonis
1236 682 1356 763 desint,
1386 682 1441 746 sed
1463 682 1505 748 de
1525 683 1630 749 solida

321 781 354 845 vi
367 783 609 863 seutenoiarum‚
630 782 745 863 qulbus
766 802 816 846 me
838 784 928 865 quasi
950 785 1039 864 eogis
1061 784 1105 848 ire
1127 783 1262 866 pedibus
1283 785 1315 848 in
1328 785 1521 850 sentenciam
1531 793 1627 850 tuam.

274 937 278 944 .
321 882 449 965 „Ego“·,
473 884 595 965 inquis,
616 885 751 963 „terrem
773 885 922 949 iniuriam
946 894 977 950 et
998 887 1078 950 bene
1098 888 1309 968 sperarem².“
1351 885 1488 951 Causam
1509 907 1628 952 annex-

320 984 409 1066 uisti,
442 983 525 1066 quod
560 985 704 1050 interitus
734 986 817 1051 Lotii
850 1004 911 1050 non
948 988 1050 1068 magis
1089 987 1130 1050 sit
1161 995 1348 1070 prorogatus
1379 1007 1473 1070 quam
1504 989 1627 1054 Pauli⁸.

321 1087 436 1152 Verum
464 1087 498 1150 id
520 1093 575 1152 est.
626 1087 741 1156 Veniet
761 1087 907 1166 taudem,
928 1087 982 1169 qui
1002 1087 1071 1151 linit
1091 1088 1206 1151 omnia.
1248 1087 1313 1153 Sed
1333 1089 1387 1170 qud
1408 1095 1529 1173 sperat,
1549 1088 1626 1172 quid

320 1188 416 1254 babet
441 1189 543 1254 uerti?
584 1190 719 1273 Sperare
747 1209 802 1254 nos
828 1189 939 1254 iubent
961 1189 1114 1271 theologi,
1142 1197 1175 1253 ut
1202 1190 1260 1254 sub
1287 1191 1512 1274 expectaeiooe
1533 1191 1625 1257 nobis

318 1291 484 1375 imponant
510 1297 542 1355 et
574 1291 637 1374 ipsi
665 1311 722 1374 pro
750 1291 816 1356 oalo
844 1291 985 1373 pollioito
1007 1291 1100 1356 rebus
1122 1299 1249 1355 utamur
1271 1293 1412 1357 terrenis.
1454 1293 1522 1356 Huo
1543 1294 1627 1358 adde

319 1410 411 1475 posse
440 1392 522 1468 lieri,
549 1398 583 1456 ut
603 1393 702 1457 eniam
725 1392 925 1473 Heuningus,
952 1392 1005 1474 qui
1026 1399 1155 1458 senatus
1174 1393 1326 1458 beuelieio
1347 1393 1450 1459 adhue
1477 1394 1628 1478 pinguius

319 1492 415 1559 babet
443 1494 572 1573 altarel,
603 1493 698 1558 simili
726 1494 859 1558 artifieio
893 1514 943 1558 ure
970 1495 1145 1577 preveniat.
1194 1494 1307 1559 'lotum
1335 1496 1499 1578 negocium
1528 1497 1627 1561 resero

318 1594 359 1658 ad
389 1594 528 1678 prudeus
549 1595 760 1677 Somureriogi
782 1595 956 1659 eonsilium.
999 1596 1032 1660 Si
1061 1596 1199 1678 quietem
1225 1596 1374 1680 imperat,
1395 1600 1571 1680 quiescam,
1598 1599 1626 1664 si

317 1697 426 1762 turbas
452 1696 591 1761 exaitare
618 1697 768 1780 precipit,
798 1697 976 1762 oonoutiam
1001 1697 1110 1761 omnia
1134 1698 1292 1762 elementa
1319 1697 1397 1764 deos
1424 1705 1456 1764 et
1483 1699 1627 1765 homiues

316 1806 466 1880 tanquam
493 1791 631 1881 magus,
656 1799 764 1863 Huius
782 1799 941 1864 oraculum
969 1806 1111 1880 expecto.
1153 1798 1276 1864 Lieebit
1304 1799 1480 1885 prophanis
1504 1811 1626 1867 mutare

316 1901 442 1982 laetum,
466 1909 556 1984 prout
579 1902 825 1966 iuseauonioum
841 1899 1015 1984 prescribit,
1037 1901 1093 1965 sed
1104 1910 1179 1965 aute
1190 1902 1478 1985 transpositionem,
1494 1910 1569 1968 ante
1579 1904 1625 1966 iu-

315 2003 531 2078 stitutionem,
561 2009 636 2067 ante
663 2002 783 2067 aditam
810 2000 1053 2086 possessionem.
1103 2003 1214 2085 ltaque
1241 2005 1386 2069 eonsules
1412 2005 1557 2070 salutabo
1584 2011 1625 2084 et,

317 2113 350 2168 ut
376 2109 545 2170 retractent
568 2113 656 2185 aeta,
690 2104 843 2179 suadebo,
873 2104 969 2169 modo
996 2105 1030 2168 id
1059 2105 1203 2170 consulat
1230 2111 1381 2188 patronus
1409 2113 1525 2192 noster.
1567 2109 1631 2173 Sin·

316 2193 421 2281 autem
450 2207 497 2271 illi
523 2206 619 2272 aliter
643 2208 763 2286 visum,
790 2207 885 2287 bene,
913 2214 947 2271 ut
970 2213 1001 2269 tu
1024 2206 1175 2286 hortaris,
1206 2206 1349 2291 sperabo.
1391 2206 1539 2288 Videbis,
1560 2227 1625 2290 qua

316 2309 375 2374 sim
402 2308 488 2392 apud
513 2307 650 2396 scribam
676 2307 818 2372 ciuitatis
843 2305 969 2371 fiducia.
1018 2307 1075 2371 Vir
1100 2313 1149 2372 est
1177 2307 1315 2392 optimus
1341 2315 1373 2373 et
1399 2308 1499 2373 nostri
1529 2317 1624 2391 atque

315 2411 441 2474 virtutis
462 2410 707 2474 amantissimus.
750 2409 931 2474 lleeautem
943 2409 1121 2474 Arnoldus⁶
1143 2409 1431 2488 nosterArnoldol,
1452 2410 1540 2474 l'ratri
1564 2411 1623 2493 pri·

315 2512 428 2591 mario,
461 2530 522 2577 nou
554 2509 649 2574 dieat.
702 2510 807 2575 Nimis
843 2511 905 2575 cito
938 2511 1105 2592 signarunt
1144 2513 1289 2576 eonsules
1321 2499 1490 2580 Lotianum
1524 2511 1623 2576 abiro

287 2657 294 2668 -
315 2612 480 2696 grapbum.
516 2612 588 2676 Non
605 2612 787 2695 intelligunt
802 2613 911 2678 literas
926 2620 960 2677 et
978 2611 1072 2677 nudis
1087 2612 1218 2677 eredunt
1237 2613 1352 2679 verbis.
1387 2612 1622 2678 Odemenaiam

314 2715 525 2798 singularem!
568 2715 679 2780 Aderit
700 2712 872 2798 aliquando
892 2721 1023 2780 vocatus
1043 2714 1167 2798 Apollo.
1210 2715 1298 2780 Vale.

384 2838 563 2886 Handsclrriltl.
584 2839 603 2884 F
623 2839 677 2885 205·
692 2831 944 2886 f01.142r—'-142v.

865 2985 1066 2992 ---—.--.--..

248 3107 249 3110 ’
315 3097 396 3165 207.
418 3098 698 3276 Μ.8ιιιιιὲιιιιι)ιιιι.)
838 3093 1078 3177 (uouualsra.
1112 3095 1214 3163 linde
1225 3095 1363 3179 August
1378 3094 1468 3164 oder
1482 3093 1621 3178 manag

488 3215 532 3281 ep
571 3215 607 3261 m
633 3213 685 3262 er.

381 3321 443 3370 blut
466 3320 593 3380 bespriebt
619 3319 668 3364 deu
697 3317 843 3364 demntiobst
871 3316 1088 3364 bevorstehenden
1119 3317 1247 3364 Aulsehub
1277 3319 1322 3365 der
1348 3316 1529 3378 geriehtlleben
1559 3316 1620 3363 Ent-

312 3391 449 3451 aeheiduug
467 3391 494 3437 in
512 3391 557 3438 der
573 3389 725 3437 Struitsaebe
744 3387 820 3434 wider
838 3387 967 3447 Kbteling.

393 3487 575 3554 Venerabili
590 3485 731 3576 ⁵lleurieo
753 3484 931 3566 Urbano,
955 3485 1155 3571 philosopho,
1177 3486 1372 3572 presbytero,
1394 3504 1543 3590 eoonomo
1565 3484 1618 3567 pie

311 3589 504 3670 honorando,
527 3586 688 3653 Matienus
708 3586 818 3650 Rufus.
1273 3655 1277 3660 ,

391 3693 422 3758 S.
465 3689 608 3756 Fallacia
635 3689 733 3754 aliam
761 3688 829 3755 alia
855 3689 988 3770 traditi,
1015 3696 1049 3754 ut
1074 3697 1123 3756 est
1147 3690 1181 3754 iu
1203 3688 1388 3773 proverbio,
1414 3696 1446 3752 et
1473 3687 1541 3770 pila
1561 3687 1618 3751 mi·
1718 3685 1724 3694 '

374 3912 386 3955 1
409 3915 561 3971 Stebendes
580 3913 702 3968 Beiwort
722 3913 770 3966 das
791 3911 934 3967 Bembard
955 3930 1010 3967 von
1030 3910 1184 3967 Clairraux.

372 3991 386 4036 ²
406 3993 595 4068 Vgl.Br.198
611 4011 638 4050 ιι.
652 3992 718 4049 203.
781 4058 782 4061 Ἴ

372 4071 386 4116 ³
407 4075 511 4130 Paulus
531 4075 680 4146 Mystauer.

370 4151 385 4194 4
406 4155 484 4212 Naeh
505 4155 568 4210 dem
587 4155 743 4226 Registrum
765 4149 881 4206 subsidii
903 4148 931 4207 S.
943 4150 981 4204 89
1003 4150 1040 4205 ist
1059 4151 1187 4221 „Ductor
1202 4152 1353 4225 lienuiugb
1369 4151 1471 4207 Gode“
1495 4145 1616 4205 lnbaber

310 4237 359 4292 der
371 4233 603 4354 ,gVieariaSanuati
614 4232 750 4289 Gothardi
771 4231 799 4285 iu
820 4231 954 4300 pratoris“
973 4229 1054 4301 (aial)
1095 4231 1140 4288 sie
1161 4250 1217 4286 war
1237 4233 1289 4288 mit
1299 4233 1337 4286 22
1348 4233 1458 4288 Sehoelr
1480 4231 1589 4286 dotiert

374 4315 651 4450 ssaedebrshdffellllleh
677 4394 726 4446 der
753 4408 807 4445 von
836 4387 939 4444 Tenael
972 4389 1044 4444 llist.
1069 4392 1153 4448 Goth.
1168 4412 1194 4464 p.
1210 4394 1268 4447 376
1299 4394 1440 4450 erwiihnte
1472 4394 1615 4449 ,Iohannes

310 4474 434 4544 Aruoldi,
454 4474 587 4546 Magister
608 4475 753 4529 consulum
774 4471 823 4524 des
841 4469 942 4525 Jahres
963 4469 1050 4526 1512.

372 4549 384 4595 ⁷
405 4555 511 4614 Teroua
531 4554 637 4610 Andn'a
656 4553 707 4628 IV,
727 4549 754 4613 4,
776 4547 916 4608 39-40.
