3625 5192
580 354 670 409 nnec
687 337 807 409 22222
826 356 886 409 arr.
905 354 966 407 222.
984 354 1044 407 asa.
1059 352 1119 406 222.
1447 352 1499 405 aas

195 500 276 568 223.
297 500 339 567 lt
361 519 406 567 an
432 492 567 567 Urban.
641 534 645 541 -
1099 497 1335 584 (2222221213.
1371 496 1497 582 April.)

264 624 327 669 2222.
346 624 481 683 erlrnndigt
499 626 560 682 sich,
578 626 611 673 ob
630 626 685 672 sein
694 627 763 673 ilaus
781 626 807 671 in
820 626 906 671 Erinrt
925 628 1038 683 gerbumt
1052 623 1104 669 und
1113 623 1157 669 der
1170 596 1273 669 Richter
1282 622 1364 681 Georg
1374 622 1499 668 Bullensis

193 696 294 755 gensigt
312 694 360 753 sci,
385 699 459 740 unter
476 695 526 741 den
544 696 684 742 bewuasten
702 697 883 755 Bedingungen
901 695 1069 741 einuuaielren.
1104 693 1133 738 Iu
1157 693 1227 739 einer
1247 692 1405 739 Nachsehrilt
1428 692 1498 751 klagt

193 780 222 811 er
240 765 301 811 iiber
318 764 471 824 ngcrnecb‚
489 765 533 810 das
552 766 602 811 ihm
622 766 648 811 in
667 766 762 812 Hessen
781 766 888 811 bereilet
906 765 975 810 wird.

225 911 234 929 ,
273 862 409 927 Henrico
432 862 597 927 Urbano.

273 966 302 1026 S.
343 964 454 1037 Actal,
481 984 541 1047 que
568 972 655 1041 sunt,
683 964 795 1029 habeo.
843 965 892 1027 Au
918 963 1031 1027 vicarii
1058 962 1233 1027 exorabunt
1256 961 1397 1026 Eacum²
1427 982 1497 1027 cum

192 1066 324 1131 inferuis
345 1064 519 1148 iudicibus,
549 1087 618 1131 cum
638 1074 671 1130 et
690 1086 784 1149 grece
805 1066 950 1130 nesciant
970 1072 1002 1129 22
1029 1060 1168 1129 oratores
1195 1085 1256 1129 non
1285 1064 1372 1129 sint?
1413 1064 1497 1143 Quid

192 1170 290 1252 igitur
312 1168 496 1249 promittunt
517 1168 759 1233 testamentum?
801 1166 947 1249 Negligit
972 1166 1004 1231 id
1026 1167 1179 1230 Enniusss:
1203 1166 1362 1247 „Nemo“,
1386 1166 1498 1247 inquit,

193 1290 266 1349 „me
294 1270 455 1334 lachrimis
482 1269 641 1335 decoret“.
683 1270 755 1333 Iuro
784 1290 841 1353 per
869 1269 1006 1352 supremi
1038 1269 1121 1350 regis
1151 1288 1281 1349 regnum
1311 1277 1343 1332 et
1367 1275 1497 1331 matrem

191 1373 331 1436 familias
350 1372 502 1436 lunonem
524 1392 574 1437 me
592 1392 712 1453 gerres,
733 1374 835 1455 lyras,
856 1391 959 1452 nugas
981 1378 1012 1435 et
1033 1372 1241 1454 ampullarius
1258 1371 1499 1435 mussitaclones

192 1493 308 1555 susque
329 1473 431 1555 deque
454 1472 567 1540 lacere.
609 1474 672 1537 Sed
687 1476 871 1556 promittunt
884 1479 1104 1537 testamentum
1157 1472 1249 1538 Non4
1268 1492 1403 1539 emerem
1419 1473 1497 1538 illud

192 1577 321 1640 verbum
343 1576 535 1639 titivillitio·.
577 1576 690 1640 Parum
712 1576 795 1639 enim
817 1575 887 1658 spei
910 1595 992 1658 pono
1014 1574 1045 1639 in
1067 1575 1213 1657 precibus
1234 1575 1413 1649 stultorum,
1435 1576 1498 1639 nisi

192 1678 277 1741 adsit
298 1678 405 1742 virtus.
448 1678 570 1758 Virtus,
592 1679 736 1759 inquam,
760 1679 913 1760 premium
935 1678 1101 1759 optimum,
1129 1676 1274 1755 libertas,
1303 1678 1397 1751 selus,
1424 1679 1497 1759 vita,

192 1798 243 1843 res
269 1780 405 1861 denique
431 1785 497 1842 tola
522 1781 638 1845 virtute
668 1786 805 1860 constat,
840 1799 911 1841 nou·
931 1779 1098 1862 suppliciis
1125 1779 1340 1843 muliebribus.
1388 1780 1498 1860 ltaque

191 1882 304 1945 vicarii
326 1903 388 1945 non
413 1882 575 1946 habebunt
596 1902 701 1948 escam
722 1901 761 1945 en
782 1883 844 1946 ista
865 1882 992 1944 nassal.
1035 1880 1095 1944 Dic
1117 1880 1207 1960 mihi,
1230 1899 1302 1943 uum
1324 1880 1498 1960 inquilinus

192 1984 334 2047 exiverit.
377 1984 439 2048 Vbi
462 1993 511 2047 est
531 1985 585 2049 ille
607 1984 769 2048 edificator
777 1986 800 2064 ⁶,
822 1985 876 2065 qui
897 1983 1024 2047 volebat
1035 1982 1181 2047 edificare
1193 1992 1224 2045 22
1235 1984 1336 2064 gratis
1352 1983 1498 2049 incolere.

192 2084 271 2149 llum
293 2088 395 2169 ipsum
418 2087 497 2150 volo.
539 2086 685 2149 Numinis
705 2105 812 2151 carere
829 2105 965 2169 possum.
1008 2084 1210 2148 Lotienorum
1232 2084 1431 2166 triumphum·
1445 2103 1497 2148 ne-

191 2206 253 2269 que
282 2187 354 2251 volo
381 2207 482 2270 neque
511 2208 637 2271 possum
670 2189 747 2271 pati.
799 2188 917 2251 Vincat
946 2187 1095 2251 honestas
1127 2186 1295 2250 literarum.
1350 2186 1499 2251 Servetur

146 2274 151 2284 ¹
191 2292 339 2354 voluntas
358 2290 542 2374 syngraphi.
584 2289 709 2354 Addam
724 2290 877 2371 inquilino
893 2289 936 2351 ad
949 2288 1195 2352 instructionem.
1237 2286 1319 2349 Nam
1342 2296 1374 2351 et
1393 2288 1498 2368 coqui-

191 2393 322 2456 narius⁷
342 2392 430 2473 vulgi
451 2393 631 2475 opinionem
654 2393 767 2475 probat
788 2399 820 2455 22
841 2411 901 2472 ego
923 2391 994 2454 uolo
1015 2390 1080 2454 dici
1103 2390 1228 2473 impius.

273 2494 398 2577 Raptim
412 2498 479 2574 bec,
498 2514 569 2559 cum
583 2514 691 2558 cursor
700 2492 741 2556 ad
759 2495 928 2577 prandium
942 2493 1082 2557 venisset
1094 2491 1135 2555 de
1147 2491 1346 2556 Fridislaria.
1376 2492 1433 2572 Te,
1454 2492 1496 2555 mi

193 2595 331 2674 Urbane,
352 2614 429 2675 rogo
450 2602 482 2659 et
502 2596 655 2674 obtestor,
676 2595 792 2673 scribe,
812 2615 887 2659 nuru
908 2595 1019 2659 domus
1040 2601 1145 2672 vacet,
1165 2591 1299 2673 deiude,
1320 2613 1394 2657 num
1413 2594 1498 2659 adsit

191 2698 378 2779 inquilinus,
405 2699 459 2780 qui
490 2699 569 2762 velit
599 2700 830 2782 propensione
857 2704 977 2782 struere
1002 2703 1034 2760 et
1063 2714 1164 2759 meam
1194 2702 1364 2779 expectare
1393 2695 1497 2761 fidem.

190 2801 276 2864 Satis
297 2820 347 2863 mc
370 2800 486 2864 Hassia
507 2809 611 2865 vexat.
657 2801 797 2864 Nimium
815 2807 879 2879 est,
914 2797 997 2879 quod
1021 2798 1084 2861 ista
1106 2816 1222 2881 pecora
1242 2798 1362 2882 campi:
1383 2798 1495 2863 vicarii

190 2902 352 2981 vilissimi,
373 2922 423 2967 me
440 2904 634 2967 contristant.
677 2902 767 2966 Vale.
1192 2915 1194 2917 ’

260 3025 440 3073 Handaclrril‘ll.
462 3021 547 3071 u268
568 3025 608 3071 fol.
627 3025 699 3071 mr.

260 3124 273 3152 ⁸
290 3132 315 3175 F
327 3130 459 3177 22222222.

745 3214 805 3220 ——.
820 3212 949 3223 ...-—-....-,

190 3297 273 3362 254.
294 3294 338 3363 ll.
361 3315 407 3365 an
429 3296 563 3363 Urban.
1082 3292 1214 3379 (botho
1229 3294 1325 3364 1513.
1358 3292 1495 3378 Aprili)

260 3420 321 3466 blut.
342 3421 407 3480 zeigt
429 3422 455 3466 iu
476 3422 645 3482 sobenhastcr
662 3421 759 3478 Weiac‚
783 3422 876 3467 welche
894 3419 1083 3487 Absicbtcn'er
1107 3418 1147 3464 bei
1170 3418 1215 3463 cler
1230 3418 1392 3475 Vormletung
1413 3418 1495 3465 selues

191 3490 288 3536 ilauses
306 3504 339 3536 an
358 3491 407 3536 den
428 3492 532 3537 Richter
550 3492 633 3551 Gcorg
653 3491 779 3548 llollensis
796 3492 874 3536 hatte.
900 3498 903 3503 '

270 3587 436 3670 inculpato
457 3588 541 3672 patri
560 3587 698 3652 Henrico
719 3586 888 3651 Urbano.
938 3616 940 3621 v

253 3783 263 3824 ¹
284 3787 376 3842 Ueber
401 3788 447 3842 die
465 3788 688 3861 Angelegenheit
714 3788 805 3843 selues
821 3784 948 3840 Erfurtcr
967 3784 1082 3841 Hauses
1123 3786 1185 3858 Vgl.
1211 3788 1425 3859 hauptsiichlich
1451 3787 1495 3843 Br.
1552 3852 1555 3860 Ι

190 3866 572 4003 2Ιίῖἳ--Ῑξέιιῧ,Ῡ222222222122
593 3950 643 4003 (222
662 3948 826 4021 geistlicben
848 3948 1059 4002 Geriehtehofes
1080 3966 1112 4001 22
1136 3948 1237 4004 Erfurt

240 4021 265 4118 '³
290 4026 396 4097 Cicero,
417 4029 594 4084 Tusculanen
607 4030 629 4096 Ι,
648 4030 693 4083 15,
711 4028 764 4083 34:
786 4028 874 4083 Nemo
895 4047 940 4083 me
958 4029 1087 4083 lacrumis
1107 4030 1220 4083 decoret
1240 4046 1292 4082 nee
1314 4028 1413 4083 funera
1428 4027 1496 4083 fletu

191 4106 264 4224 &¹¹2
281 4119 414 4256 Θ2222222,
432 4186 532 4243 Casina
546 4189 582 4257 11,
596 4189 623 4245 5.
638 4188 689 4243 39:
710 4190 772 4243 Non
796 4208 847 4259 ogo
866 4188 938 4242 istuc
961 4188 1075 4241 verbum
1096 4188 1216 4242 cmissim
1238 4186 1390 4243 titivillitio.
1431 4188 1496 4258 vgl.

178 4268 311 4340 'dariiber
331 4268 468 4337 Erasmus,
486 4270 625 4339 Adagiap
646 4270 729 4323 1008.

253 4344 267 4385 5
289 4348 418 4418 Plautus,
444 4349 525 4403 Miles
542 4349 579 4418 11,
593 4350 619 4403 6.
633 4350 684 4403 98:
713 4350 861 4419 Nunquam
883 4348 977 4402 hercle
999 4366 1031 4400 ex
1052 4348 1104 4401 isla
1126 4366 1207 4403 nassa
1227 4366 1279 4419 ego
1300 4348 1384 4403 hodie
1405 4365 1495 4402 escum

191 4434 377 4579 pemsmceorg
396 4508 543 4564 morenos.

251 4584 264 4627 7
283 4588 415 4643 Nicolaus
435 4589 619 4660 Engelmann.
