3625 5192
704 381 965 451 Gereblubtaquellen
984 383 1033 437 der
1049 382 1124 437 Puer.
1144 381 1265 437 Sacbscn.

534 531 680 614 Lugebat
699 531 808 596 mortis
828 528 896 594 lata
916 529 1020 594 lutura
1041 535 1123 596 tuae.
1199 599 1202 606 ,

531 631 625 697 Nunc
643 651 768 714 quoqne
788 630 940 697 credibile
963 639 1011 696 est
1029 632 1133 716 ipsum
1155 633 1188 696 in
1211 633 1393 714 regionibus
1415 631 1479 696 illis

532 735 580 800 Te
599 751 714 799 canere
734 739 766 800 et
787 732 887 798 vitam
909 732 1087 800 deseruisse
1107 735 1206 816 queri.

528 835 636 900 Plorat
655 833 759 901 adbuc
780 835 930 900 brevibus
950 835 1079 920 plectris
1099 843 1155 900 tua
1176 835 1286 901 lunera
1307 835 1456 916 Gordus,¹

437 940 509 1020 130)
529 935 651 1004 Gordus
671 936 770 1002 bonor
790 937 916 1020 patriae
936 937 1149 1020 deliciumque
1170 956 1256 1004 suae.

529 1039 577 1105 Te
596 1039 696 1121 gemit
716 1036 758 1102 ad
779 1037 893 1120 liquidi
915 1038 1088 1104 viridantia
1108 1039 1216 1104 littora
1235 1039 1338 1106 llceni

529 1140 695 1222 Micyllus²
716 1139 857 1204 Clarium
879 1147 1010 1220 tangere
1031 1139 1144 1205 doctus
1159 1140 1246 1206 ebur.

329 1299 502 1306 ..—--——.-

391 1392 402 1434 ¹
424 1393 529 1450 eorum
549 1394 624 1449 lebte
645 1393 691 1448 bei
703 1393 825 1448 Mutians
834 1393 913 1447 Tude
935 1391 1053 1447 nlsArnt
1073 1393 1101 1446 in
1116 1391 1330 1465 Braunschweig
1351 1395 1407 1448 und
1428 1395 1544 1450 siedelte
1562 1393 1640 1448 tter

331 1495 385 1531 ron
405 1477 469 1531 dort
486 1475 559 1529 nach
579 1474 712 1545 blarbnrg
731 1474 808 1530 iiber,

390 1571 404 1615 2
424 1576 513 1632 Jacob
534 1576 666 1646 Micyllus
688 1593 738 1630 uun
754 1575 923 1646 Stmasburg‚
945 1575 989 1628 ein
1008 1573 1124 1630 Sebiiler
1145 1576 1200 1628 und
1222 1579 1316 1645 aplitm
1336 1575 1571 1630 intimerFreund
1592 1577 1644 1630 dea

329 1657 358 1712 n
380 1657 498 1720 Hessos,
518 1657 568 1709 hat
587 1656 647 1710 sich
668 1655 710 1709 als
731 1656 848 1710 Dichter
868 1655 948 1709 einen
971 1654 1078 1708 Namen
1097 1656 1233 1725 genrnelrt.
1275 1655 1381 1709 blutinn
1403 1655 1490 1708 lernte
1512 1655 1560 1709 ibn
1584 1667 1642 1710 erst

329 1737 358 1791 in
378 1737 474 1792 reinen
496 1738 596 1790 letzteu
617 1735 823 1804 Lebensjahreu
845 1735 963 1788 kennen.
996 1735 1059 1805 Vgl
1083 1735 1196 1788 Kranae.
1217 1735 1249 1791 E.
1265 1735 1368 1790 lleasns
1390 1735 1415 1788 S.
1428 1733 1450 1801 l,
1472 1735 1530 1788 230
1543 1735 1573 1790 ff.
1605 1735 1640 1792 ln

330 1819 393 1871 dem
412 1816 626 1886 Hodoeporieon
649 1814 745 1868 feierte
766 1816 813 1868 ibn
836 1814 967 1884 Micyllus
989 1816 1039 1868 unit
1061 1815 1208 1886 folgenden
1232 1815 1365 1869 Worten:

568 1939 624 1993 llie
643 1939 755 1993 tandem
776 1938 889 1994 fortuna
909 1939 986 1992 dedit
1006 1939 1073 1992 mihi
1093 1957 1204 1994 cernere
1226 1939 1340 2008 Rufum,

566 2017 681 2087 Rufum,
701 2035 755 2088 quo
776 2037 832 2073 non
852 2018 895 2071 vir
915 2018 1027 2091 dignior
1047 2021 1117 2072 alter
1137 2025 1201 2074 erat.

572 2099 652 2154 Unus
672 2098 721 2168 qui
741 2096 832 2152 studio
853 2117 904 2168 per
923 2099 1020 2170 longos
1041 2099 1160 2153 eontulit
1180 2115 1275 2164 annos,

573 2178 714 2249 Quidquid
735 2178 820 2233 habet
841 2179 964 2244 latium,
983 2178 1102 2234 Graecia
1125 2179 1258 2249 quidquid
1280 2178 1373 2233 habet.

520 2261 551 2329 b)
572 2258 637 2312 Non
659 2265 717 2312 erat
738 2259 805 2312 huie
826 2259 922 2329 lingna
943 2259 1089 2329 quisquam
1111 2277 1163 2314 nec
1183 2277 1251 2314 voce
1272 2259 1416 2324 secundus,

571 2338 711 2410 Dictaque
733 2356 783 2392 ceu
806 2339 914 2409 magnis
936 2339 1071 2394 imbribus
1091 2347 1153 2394 aeta
1173 2340 1266 2394 dubet.

571 2418 724 2488 Praecipue
746 2419 855 2488 quoties
876 2419 970 2472 blnsas
991 2419 1156 2491 laudentque
1178 2437 1300 2474 sororum

569 2499 606 2552 Et
626 2505 813 2568 reparatarum
835 2499 909 2552 dona
929 2499 1048 2554 canebat
1065 2518 1159 2569 opum.

568 2578 696 2648 Augusto
717 2579 836 2648 quodam
858 2579 1000 2649 spirabant
1020 2581 1133 2636 numine
1154 2579 1254 2648 vultus,

496 2660 546 2720 101
566 2658 686 2728 Ipsaque
706 2665 872 2713 consuerunt
891 2677 939 2714 ora
959 2659 1060 2715 referre
1081 2660 1181 2716 Deum.

572 2738 612 2790 Ex
633 2739 690 2792 alto
710 2738 819 2808 quoties
839 2757 869 2792 ee
888 2739 1044 2794 demisisset
1064 2739 1184 2810 Olympo

572 2817 680 2873 lutona
700 2826 749 2872 aut
769 2818 843 2873 Maia
864 2827 944 2873 natus
965 2825 1081 2890 uterque
1103 2821 1167 2875 love

570 2899 670 2968 lreqne
687 2898 717 2951 in
738 2899 860 2955 humano
881 2900 1033 2954 voluissent
1054 2919 1168 2970 corpore
1189 2900 1254 2965 diri,

571 2977 739 3049 Corporibus
762 2979 839 3034 divos
860 2980 963 3034 talibus
984 2981 1035 3034 isse
1058 2989 1133 3048 pnto.

501 3065 549 3132 15)
571 3058 616 3111 Sic
639 3068 697 3113 erat
717 3057 881 3131 effigiesque
899 3059 951 3114 viri
975 3079 1130 3130 corpusque
1150 3061 1290 3126 decorum,

569 3136 639 3191 Cnm
661 3141 781 3194 nondum
807 3140 960 3194 abstulerat
983 3140 1070 3195 Parca
1090 3141 1212 3210 maligna
1231 3141 1313 3197 diem.

571 3217 652 3272 Nune
673 3219 740 3274 levis
760 3220 860 3273 umbra
880 3221 963 3288 volat,
982 3221 1143 3274 defunctum
1166 3219 1245 3274 Musa
1263 3219 1411 3291 Venusque

572 3297 608 3350 Et
627 3298 725 3368 positia
747 3298 823 3369 luget
844 3299 942 3354 Gratis
962 3301 1079 3370 pulchra
1100 3301 1193 3354 comis.

571 3377 614 3430 Ae
634 3380 738 3450 tegitur
757 3380 866 3435 modico
886 3389 985 3448 peetus
1005 3381 1162 3436 venembile
1180 3397 1253 3448 saxo,

496 3463 548 3531 ⁴20)
571 3459 649 3521 Quod
670 3461 807 3530 quondam
829 3467 860 3514 nt
882 3469 1001 3530 caperet,
1022 3461 1067 3514 vix
1087 3461 1152 3516 satis
1172 3459 1248 3515 erbis
1264 3467 1329 3514 erat

572 3537 634 3591 Heu
655 3547 755 3606 noster,
776 3541 815 3594 sie
837 3548 865 3594 te
887 3541 979 3610 superi
996 3542 1107 3596 volnere
1128 3547 1301 3610 peremptum

573 3617 607 3671 lit
628 3625 717 3673 tntum
739 3637 756 3672 a
776 3620 862 3676 nostri
883 3621 1015 3690 temporis
1036 3621 1075 3676 ire
1100 3621 1179 3674 unalis

571 3696 629 3752 Nee
653 3706 702 3754 tua
720 3700 836 3769 melicis,
858 3718 929 3770 quae
951 3707 1016 3755 sunt
1035 3708 1099 3771 post
1116 3699 1175 3754 fatu
1198 3707 1301 3765 secuta,

573 3775 692 3832 Cernere
714 3780 835 3834 fraterna
850 3781 955 3851 praelia
975 3794 1048 3835 serta
1069 3799 1159 3837 manu.

503 3862 551 3927 25)
575 3856 627 3912 llla
648 3866 741 3913 tamen
763 3869 868 3914 restant
885 3862 987 3915 multos
1009 3863 1133 3931 quaesita
1153 3878 1202 3930 per
1222 3877 1309 3913 annos

571 3937 668 3993 Gloria
688 3946 717 3994 et
737 3957 752 3994 e
773 3941 871 3994 studiis
890 3940 965 3995 sema
985 3949 1081 4012 parata
1102 3941 1190 4006 bonis,

569 4017 655 4073 Fauna
675 4035 716 4088 eu,
737 4037 807 4090 quae
829 4019 952 4090 Scythici
975 4027 1134 4076 contemnat
1153 4020 1256 4092 frigora
1276 4019 1353 4090 ponti

573 4097 631 4153 Nee
651 4107 755 4154 metuet
774 4102 848 4154 saevi
869 4100 998 4155 flammea
1016 4101 1072 4156 tela
1094 4101 1172 4156 levia

570 4177 694 4250 Cumque
715 4189 796 4234 urrant
819 4181 910 4250 urbes,
930 4188 1046 4252 pereant
1066 4181 1195 4234 immania
1216 4199 1301 4252 regna

498 4261 548 4321 ³0)
570 4259 721 4330 Longaque
743 4270 888 4314 eerrsurnnt
909 4262 1018 4315 moenia
1036 4262 1109 4314 eelsn
1129 4261 1200 4314 dies:

570 4339 622 4392 llla
641 4348 732 4394 terrren
755 4340 830 4410 vivit,
849 4359 920 4410 quae
941 4341 1000 4395 sola
1020 4349 1103 4410 atque
1125 4359 1179 4394 runo
1199 4347 1337 4411 superstes

573 4419 660 4472 Durat
681 4420 710 4472 in
731 4427 858 4474 aeternos
879 4439 933 4474 non
957 4422 1090 4475 moritura
1111 4422 1176 4475 dies.

398 4545 473 4592 Gedr.
496 4544 519 4600 l)
540 4546 623 4591 louobi
642 4545 736 4604 lllioylli
757 4545 975 4604 nmontomtmnis
993 4543 1124 4606 Syluurum
1143 4547 1200 4593 libri
1220 4548 1337 4607 quinqua.
1360 4549 1433 4598 1564.
1454 4545 1489 4594 8⁰
1508 4564 1531 4608 p.
1548 4549 1632 4596 2119-

351 4617 389 4661 lll.
438 4610 464 4675 2)
486 4617 518 4660 '1¹2
537 4617 562 4660 in
578 4615 621 4660 ‹le›-
636 4615 734 4660 l'om‘dc
754 4632 805 4660 aurun
824 4616 991 4674 Ilee'efrreclroel
1011 4617 1123 4676 diutione,
1143 4617 1204 4664 doch
1223 4619 1277 4664 selo
1288 4617 1434 4678 sehlerlrusl.
