3625 5192
309 323 359 379 luc
682 323 942 392 Gesehr'chtsqnellen
960 325 1009 379 der
1027 323 1101 379 Pror.
1121 323 1244 380 Sachsen.

306 479 428 538 tuorum
460 472 669 538 seditionibus
701 473 823 538 erudite
856 474 973 556 qnietis
1001 475 1165 556 fastigium
1202 473 1440 542 conscenderes.
1488 475 1615 558 Agnovi

306 574 471 640 honestum
493 574 700 658 propositum,
727 595 764 640 eo
794 576 929 659 pedibus
956 577 989 640 in
1018 583 1104 642 trram
1132 576 1336 641 sentenciam.
1374 577 1460 642 Novi
1478 577 1617 642 Vallium

308 676 578 761 pertinacissimas
589 677 706 742 sordes.
753 679 865 744 Pastor
876 698 938 742 nou
955 678 1051 743 habet
1064 679 1203 760 aliquem
1214 679 1322 744 salem.
1360 679 1459 762 Gregi
1479 679 1617 744 salillunr

307 779 512 844 Herebordus
531 781 631 860 ollert,
653 781 709 845 sed
730 801 807 862 grex
827 781 1076 846 nauseabundus
1094 800 1157 846 non
1179 782 1246 846 vult
1267 780 1430 864 delingere
1451 779 1618 846 fastidiens

308 887 394 945 recta
415 879 530 948 studia.
571 882 761 947 Adulationes
790 883 904 947 virosis
934 882 1207 947 assentacionihus
1236 901 1328 947 aures
1357 882 1523 964 archigalli
1546 901 1618 947 cou-

308 984 438 1067 stipant.
481 983 581 1049 Nemo
592 987 779 1050 frumentum
797 985 913 1059 alolio,
930 964 1044 1050 ‘rernm
1064 985 1185 1065 alaisa,
1207 984 1322 1050 bouum
1343 1005 1364 1049 a
1384 985 1482 1065 malo,
1504 1003 1617 1066 equum

308 1087 350 1150 ab
379 1087 487 1168 iniquo
516 1088 661 1154 secernit.
709 1087 854 1170 Φιλακροι
873 1088 966 1169 (sici)
989 1088 1162 1170 pehemupoi
1189 1094 1262 1152 sunt
1288 1087 1380 1170 quasi
1406 1087 1562 1172 φιλονευωὶ
1586 1087 1617 1150 iu

309 1188 459 1272 piraterio
486 1195 518 1252 et
543 1187 616 1252 dnm
645 1190 789 1255 certatim
819 1189 993 1273 diripiunt,
1027 1195 1180 1273 usurpant
1209 1188 1287 1254 illud
1315 1188 1560 1271 Pythagoricum
1587 1195 1619 1252 et

308 1292 519 1358 Platonicum:
550 1285 668 1364 „Kouni
689 1285 746 1375 γὰρ
766 1286 808 1352 τὰ
834 1295 895 1352 τῶν
921 1290 1066 1374 φίλωνῑ“,
1120 1292 1191 1356 Non
1221 1297 1270 1354 est
1295 1290 1534 1371 monachorum,
1561 1289 1618 1354 sed

253 1451 254 1454 ,
309 1393 751 1478 predonumcontubernium.
792 1394 904 1475 ltaque
916 1395 954 1457 te'
963 1392 1138 1460 adiuvandi
1151 1396 1349 1460 occasionem
1361 1393 1480 1458 nullam
1503 1401 1618 1477 preter-

309 1497 441 1560 mittam.
490 1494 584 1558 Nitar·
611 1514 714 1578 prece,
742 1495 858 1579 pretio,
893 1497 992 1579 plana
1018 1502 1050 1560 et
1078 1495 1208 1560 sinistra
1241 1496 1307 1574 via,
1342 1502 1377 1558 ut
1405 1501 1437 1559 te
1467 1495 1617 1560 eximium

308 1597 432 1662 l'aeimn.
476 1597 646 1678 Castigasti
672 1617 721 1661 me
742 1597 849 1662 rerlris
870 1598 950 1661 satis
972 1597 1154 1662 incivilihus
1175 1604 1207 1661 et
1233 1598 1401 1676 aculeatis,
1430 1597 1512 1678 quod
1536 1597 1619 1662 Ster-

310 1701 451 1764 eutinm2
473 1698 656 1781 imprudens
678 1700 817 1764 laudavi.
860 1699 1005 1780 Peccari,
1026 1700 1136 1779 fateor,
1158 1698 1214 1764 sed
1236 1719 1297 1764 nou
1320 1699 1495 1778 maliciose,
1519 1699 1619 1764 Deum

310 1808 415 1866 testor.
453 1799 565 1866 Merito
581 1819 630 1864 me
642 1808 675 1866 ut
686 1801 819 1866 bardum
830 1809 863 1866 et
873 1802 1001 1868 stultum
1015 1801 1118 1866 Gotlre
1132 1800 1390 1885 reprehenderas.
1420 1800 1493 1865 Tuli
1505 1819 1620 1884 penanr

310 1903 466 1988 patienter
487 1907 519 1968 et
540 1922 607 1968 sum
630 1903 662 1968 in
685 1904 792 1968 multis
819 1923 882 1969 non
909 1903 1037 1968 omnino
1065 1902 1411 1986 circumspectissimus.
1451 1902 1527 1977 ,Hoc
1549 1903 1620 1968 ideo

309 2004 392 2084 dico,
414 2012 448 2069 nt
468 2005 562 2068 auriol
579 2007 670 2090 ¹vicia
692 2007 827 2087 noveris,
849 2025 912 2070 non
933 2005 1048 2070 oderis.
1090 2004 1175 2082 Quid
1196 2004 1323 2086 queris?
1364 2005 1439 2068 Seni
1460 2005 1621 2085 succedes,

309 2107 356 2170 ita
378 2105 529 2189 polliceor
548 2105 694 2188 daboque
715 2125 858 2190 operam,
886 2107 1029 2172 utnulla
1054 2104 1111 2170 liat
1138 2107 1277 2170 inomni
1304 2107 1371 2170 rita
1401 2104 1620 2170 benevolentia

310 2215 415 2273 nostre
443 2209 572 2274 iactura.
615 2208 706 2286 Quod
733 2217 837 2274 autem
867 2209 926 2272 snb
959 2208 1104 2273 barbaris
1133 2208 1331 2291 philosophis
1358 2207 1492 2272 barbare
1521 2206 1621 2290 philo-

310 2309 437 2392 sophari
464 2312 603 2392 cogeris,
636 2313 663 2375 si
690 2330 830 2394 possem,
861 2312 1061 2392 corrigerem.
1108 2311 1172 2374 Sed
1197 2309 1238 2374 do
1268 2311 1408 2374 salutare
1439 2308 1619 2373 remedium.

310 2411 403 2476 Nunc
424 2419 472 2476 est
503 2414 641 2477 ociosum
677 2413 911 2492 intervallum3,
945 2420 1050 2478 cessat
1076 2402 1204 2478 'clamor
1234 2411 1441 2496 pulpitarius,
1470 2411 1623 2476 feriantur

310 2513 461 2596 sophiste,
484 2520 600 2578 vacant
622 2513 798 2598 pedagogi,
819 2514 979 2580 dormiunt
999 2521 1127 2596 noctus,
1148 2515 1292 2580 Minerva
1313 2513 1459 2596 quiescit,
1479 2515 1623 2595 garriunt

311 2615 343 2677 iu
365 2613 525 2679 subselliis
547 2613 701 2680 bacularii
722 2617 885 2686 literatuli.
927 2617 991 2682 Eos
1013 2617 1137 2698 audias,
1159 2619 1186 2682 si
1208 2618 1307 2682 latine
1324 2618 1436 2682 sciunt.
1477 2618 1512 2681 Si
1533 2617 1623 2680 ahor·

311 2718 394 2780 tiras
421 2716 518 2782 edunt
540 2736 657 2799 nugas,
686 2721 772 2797 (sunt
793 2720 877 2783 enirn
898 2720 963 2785 fere
983 2720 1083 2802 inepti
1105 2728 1137 2783 et
1154 2720 1302 2802 glandem
1324 2724 1469 2784 asserunt
1489 2709 1622 2802 repertis

310 2819 453 2900 frugibus
475 2826 506 2883 et
527 2827 676 2900 tauquam
699 2821 892 2904 illeliuyllus
913 2821 1000 2904 apud
1013 2822 1245 2902 Plutarchum,
1269 2842 1361 2903 qrrem
1374 2808 1465 2887 Circe
1488 2821 1520 2884 in
1535 2843 1622 2888 suem

311 2929 502 3001 mutaverat,
532 2924 641 2986 nolunt
665 2922 699 2987 in
721 2921 877 2988 homiuem
900 2924 1004 2988 redire
1026 2933 1057 2989 et
1077 2922 1303 3007 φιλανθρωπίαν
1323 2930 1379 2987 ant
1397 2914 1555 3015 παιδείανξ
1573 2941 1625 2984 as-

313 3025 449 3103 sumere)
477 3031 552 3089 tnnc
579 3023 665 3088 dorni
695 3025 782 3106 leges
807 3026 956 3107 meliora,
986 3027 1130 3108 cultiora,
1150 3025 1300 3108 digniora
1320 3032 1352 3088 et
1371 3025 1456 3106 quod
1478 3044 1539 3090 nou
1568 3025 1624 3086 dat

314 3126 423 3190 schola
444 3126 663 3209 loquacitatis,
691 3127 744 3192 det
762 3127 871 3195 schola
892 3128 1074 3213 Pythagora
1094 3149 1132 3194 eo
1153 3137 1275 3192 tantum
1299 3128 1442 3211 proviso,
1462 3133 1496 3190 nt
1516 3145 1624 3190 censo-

313 3247 378 3292 rum
394 3228 503 3293 oheios
524 3235 556 3294 et
578 3229 701 3294 lancem
723 3231 881 3296 examinis
901 3237 1032 3295 metuas.
1075 3231 1263 3312 Quanquam
1288 3229 1416 3310 iugenio
1438 3229 1486 3292 sic
1505 3227 1624 3306 valcas,

295 3337 346 3398 ,nt
375 3331 591 3415 superciliosis
617 3332 915 3398 sermocinator-ihus
944 3334 1014 3398 istis
1040 3333 1139 3398 libere
1169 3336 1272 3416 possis
1298 3329 1434 3413 digitum
1456 3329 1621 3393 ostendere

387 3450 398 3477 ³
418 3455 443 3498 p·
458 3449 577 3499 παιδεῖαν.

616 3632 676 3688 Hae
695 3634 794 3689 domus
814 3653 831 3688 a
852 3633 964 3705 populis
984 3634 1104 3690 recitata
1126 3633 1242 3705 Georgii
1263 3633 1349 3689 vallia.

566 3712 649 3768 Anno
671 3714 784 3770 milleno
806 3711 828 3768 O
850 3721 948 3784 quater
969 3715 1009 3770 ui
1032 3715 1160 3770 duodeno
1250 3727 1258 3738 ·

568 3793 693 3848 Flamma
714 3795 869 3860 vorabatur,
890 3813 954 3850 mox
975 3795 1048 3849 dono
1069 3795 1123 3850 Dei
1146 3791 1289 3866 reparatur

568 3873 660 3944 litque
682 3891 743 3929 reor
765 3874 871 3929 clarius.
915 3874 1002 3928 Struit
1020 3876 1093 3929 hanc
1116 3875 1202 3929 abbas
1220 3873 1361 3929 Nicolaum.

317 3994 364 4066 qSo
386 3997 496 4050 rniielrte
519 3997 565 4050 ich
595 3999 646 4052 den
677 4018 730 4054 rou
753 3999 882 4068 Hartung
907 4017 979 4069 ganz
1005 3999 1130 4052 entstellt
1156 3997 1418 4068 wiedergrgeberreu
1439 3995 1511 4049 'Part
1531 4013 1625 4049 rer-ou-

315 4075 470 4145 slrniererr).
512 4075 570 4130 Der
581 4077 642 4132 Hof
659 4081 738 4134 stand
754 4087 834 4134 unter
848 4078 939 4132 ciuem
951 4077 1130 4149 Hoinreister,
1151 4080 1209 4143 der,
1229 4079 1299 4132 nach
1315 4078 1458 4130 meluerou
1473 4076 1624 4131 Urlrrrrrdeu

314 4175 347 4210 un
365 4158 529 4226 schliesseu,
561 4175 594 4211 zu
615 4151 677 4212 dem
701 4159 960 4214 Klosterumstrrude
986 4159 1100 4228 golrbrtc
1124 4160 1178 4212 und
1201 4156 1428 4211 raalrrsclrairrlieh
1450 4156 1496 4209 die
1515 4157 1623 4210 charete

315 4237 495 4310 Verrvaltung
515 4239 563 4292 des
583 4237 613 4292 in
635 4240 690 4292 rrrrd
715 4257 760 4292 um
783 4239 876 4293 Erdurt
897 4237 1050 4310 gelegeneu
1073 4237 1292 4310 Georgontbaler
1315 4238 1437 4291 llositzos
1456 4236 1556 4290 frihrta.

381 4315 390 4356 ¹
412 4318 475 4388 Vgl.
497 4317 604 4372 Erasmi
627 4317 736 4391 Arlagia
757 4339 783 4392 p.
801 4319 845 4373 14.

378 4395 391 4436 ‘2
412 4399 477 4464 Vgl.
498 4398 542 4454 Br.
557 4398 593 4452 76
617 4397 643 4455 S.
657 4400 713 4452 110
734 4399 817 4458 Arum.
832 4399 856 4454 4.

378 4471 392 4514 3
414 4477 591 4534 llatarferierr.

377 4553 390 4596 ⁴
413 4558 477 4630 t'gt.
499 4559 641 4628 Plutarch,
663 4550 803 4636 Γρύλλος,
826 4553 901 4639 Περὶ
921 4559 975 4615 τοῦ
995 4550 1037 4616 τὰ
1059 4549 1157 4639 ἄλογα
1176 4548 1259 4639 λόγῳ
1279 4558 1412 4638 χρῆσθαι
1426 4561 1462 4616 Il.
