3625 5192
317 346 368 404 128
697 346 957 421 Gesehiehlsquollen
977 348 1025 407 der
1043 342 1118 407 Prov.
1139 346 1262 409 Sacbsetl.

317 498 376 564 88.
398 497 442 568 ll.
456 496 644 565 anUrban.
722 499 869 582 (aetna.
891 500 1079 567 Zwlsohen
1089 500 1191 568 Ende
1202 501 1294 569 1505
1307 521 1343 568 u.
1358 500 1491 570 llerbst
1506 501 1621 586 laea).

386 623 448 669 alut.
467 622 593 681 besprieht
613 624 670 669 eine
690 624 1012 684 Pfrliudenangelegenbeit
1031 626 1062 683 (ll
1082 626 1108 671 in
1128 604 1236 672 welebsr
1254 641 1281 672 er
1299 628 1347 673 den
1358 627 1520 674 Widerstand
1530 628 1623 674 saltone

316 693 405 740 aweier
432 692 667 739 Persbnlichksiten
692 699 816 741 erwartst.
852 696 887 741 Er
915 696 1071 743 iibsrmittelt
1099 697 1173 743 cinon
1201 696 1272 743 Briel'
1296 712 1328 743 an
1355 697 1488 757 Wolsgang
1512 700 1543 753 (l)
1567 700 1621 761 'und

316 764 440 823 wiinscbt,
458 762 515 809 dass
533 763 647 823 spalatin
666 764 787 811 cbensalls
807 780 840 811 an
859 765 901 811 ihn
922 766 1042 812 selneibe.

396 860 535 926 Henrieo
556 860 729 940 Urbano,
750 863 844 927 vallis
865 864 968 929 sancti
981 864 1109 946 Georgii
1124 864 1327 947 procuratori,
1341 863 1501 929 Mutianus
1513 864 1621 930 Rut'us

396 965 427 1029 S.
471 962 568 1044 Vide,
591 966 634 1028 mi
655 964 799 1045 Urbane,
826 976 978 1047 quantum
1006 966 1135 1048 ingenio
1157 974 1209 1031 tuo
1231 967 1375 1030 tribuam.
1417 966 1622 1049 Scripsissen

316 1088 376 1147 ego
397 1086 469 1131 mea
495 1086 605 1142 manu,
632 1066 694 1130 nisi
722 1074 806 1131 certo
835 1069 949 1133 scirem
978 1076 1010 1133 te
1038 1068 1170 1133 consilio
1199 1088 1268 1133 rneo
1297 1077 1475 1133 contentum
1500 1088 1571 1135 esse
1592 1076 1624 1133 et

316 1188 409 1254 posse
430 1170 538 1235 omnia
564 1170 738 1234 rectissime
768 1190 962 1255 componere.
1006 1172 1041 1235 Si
1069 1172 1129 1235 isle
1150 1170 1302 1235 lodoeus¹
1333 1172 1528 1254 importunus
1554 1172 1624 1251 erit,

316 1282 349 1337 ut
377 1282 434 1348 est,
456 1309 495 1319 -
517 1274 592 1337 novi
621 1274 706 1337 euim
733 1272 890 1338 hominem
912 1310 951 1319 -
973 1273 1108 1337 eundum
1136 1274 1196 1337 erit
1222 1272 1280 1336 tibi
1310 1272 1353 1337 ad
1378 1272 1623 1355 Mogontiacum.

316 1376 442 1440 lnterea
462 1375 502 1438 de
527 1374 675 1439 remediis
698 1374 771 1438 aliis
797 1374 945 1456 cogitabo
967 1382 998 1439 et
1019 1375 1183 1440 deterrebo
1212 1374 1317 1438 verbis
1347 1374 1523 1439 minacibus
1544 1375 1623 1439 Her-

316 1477 465 1541 riehuml.
508 1476 601 1540 Nune
622 1476 733 1559 accipe
753 1477 863 1542 literae
883 1476 926 1540 ad
950 1476 1204 1558 Vuollgaogum³
1225 1483 1257 1541 et
1276 1495 1361 1555 cura,
1383 1488 1416 1540 ut
1438 1475 1623 1560 Spoletinus

315 1579 443 1653 scribat,
466 1579 530 1661 qui,
551 1578 583 1642 ni
605 1579 705 1653 fallor,
728 1578 904 1661 discipulus
924 1585 972 1643 est
991 1578 1133 1643 hominia.
1178 1577 1256 1642 Vale
1279 1584 1311 1642 et
1331 1578 1429 1643 salve.

386 1725 565 1770 llandsebriltl.
585 1724 605 1768 Ρ
627 1722 657 1769 18
677 1724 717 1771 sol.
738 1718 800 1770 liv.
871 1724 947 1771 Gcrlr.
967 1724 990 1770 b.
1009 1723 1050 1769 Ta.
1070 1724 1092 1771 S.
1115 1722 1147 1768 28
1167 1738 1212 1767 rou
1231 1718 1258 1767 Si
1278 1722 1325 1767 isto
1343 1722 1379 1766 bia
1402 1722 1540 1769 nrrnacibns
1560 1723 1621 1769 ller-

317 1796 420 1842 richunr.

317 2014 375 2087 89.
396 2014 440 2085 ll.
457 2033 504 2081 an
519 2013 654 2081 Urban.
723 2012 867 2100 (Gotho.
896 2012 1083 2080 Zwlsclren
1096 2012 1196 2079 Ende
1206 2013 1297 2080 1505
1310 2032 1346 2083 u.
1362 2010 1494 2079 llerbst
1503 2012 1621 2096 1508.)

387 2140 448 2187 blut
468 2144 564 2186 ansere
584 2140 637 2184 sich
660 2138 723 2185 tiber
741 2138 783 2184 ein
807 2140 938 2197 doppeltcs
956 2138 1023 2198 Spisl
1046 2138 1089 2183 (los
1109 2138 1207 2198 Morcb,
1236 2138 1280 2183 dua
1303 2138 1381 2183 durch
1404 2138 1452 2183 dsn
1473 2138 1621 2184 Dsclrnntan

316 2212 433 2259 vernicelt
451 2211 494 2270 sei,
513 2210 565 2256 und
584 2211 681 2255 saberet
701 2209 762 2255 iiber
779 2210 823 2254 das
841 2210 921 2267 Siegol
941 2209 1010 2255 einer
1029 2209 1185 2268 piipstliclren
1204 2208 1329 2256 Urlrundo.

397 2310 533 2375 henrico
561 2308 735 2382 Urbano,
766 2328 916 2373 economo
943 2308 1133 2387 monastico,
1165 2309 1234 2372 viro
1259 2316 1322 2371 tarn
1352 2306 1498 2389 prudenti
1527 2327 1622 2389 quarn

315 2415 449 2479 literato.

396 2515 427 2580 S.
470 2515 532 2593 Qui
552 2515 668 2597 nescit,
694 2513 770 2595 quid
792 2513 834 2577 sit
855 2512 935 2577 duos
958 2513 1051 2577 simul
1073 2512 1211 2595 parietes
1232 2510 1411 2592 dealbarel,
1434 2510 1553 2575 Morum
1576 2531 1623 2576 re-

316 2620 428 2704 spitiat
448 2626 480 2684 et
502 2618 581 2683 sciet
602 2636 663 2681 uno
683 2623 824 2700 tempore
844 2616 967 2680 duobus
986 2616 1156 2699 imponere.
1199 2614 1242 2678 Ut
1263 2614 1347 2677 enirn
1367 2612 1624 2677 mansuetissimo

316 2722 400 2804 patri
422 2728 537 2800 nostro,
560 2719 661 2784 Vallis
683 2719 830 2798 antistiti,
852 2726 979 2785 noceret
999 2724 1031 2783 et
1051 2718 1144 2783 simul
1165 2716 1329 2780 Matthco⁵
1351 2723 1474 2796 gratum
1495 2714 1622 2797 laceret,

316 2824 475 2909 persuasit
495 2822 630 2905 superbo
651 2822 800 2899 rusticoss,
821 2828 855 2884 ut
875 2821 1058 2886 conniveret
1080 2838 1182 2901 neque
1205 2818 1366 2882 dominum
1388 2837 1493 2895 suum,
1522 2837 1542 2879 a
1563 2835 1624 2897 quo

318 2927 389 3010 plus
411 2926 492 2990 iusto
505 2924 659 3007 diligitur,
680 2924 961 2988 commonefaceret
981 2922 1186 2987 Martinianil
1208 2919 1364 2985 decessus.
1407 2920 1433 2984 0
1452 2918 1624 3003 capitalem

317 3028 492 3095 vafritiam!
534 3028 598 3093 Sed
612 3027 830 3107 merrsomnia,
850 3026 1066 3108 nirarnroluit,
1087 3044 1229 3089 evenere.
1273 3023 1354 3087 Nam
1367 3023 1500 3087 antistes
1519 3027 1624 3083 noster

317 3132 561 3216 prudentissime
583 3130 667 3209 lecit,
688 3132 772 3210 quod
793 3129 903 3194 literas
926 3148 986 3191 non
1009 3126 1148 3191 misitad
1169 3126 1288 3205 urbem,
1313 3144 1406 3207 quum
1428 3124 1525 3187 rnnlte
1548 3120 1623 3185 rnul-

316 3245 416 3301 torum
441 3234 559 3316 gratie,
581 3250 661 3314 quas
681 3238 810 3312 vocant,
835 3232 1102 3296 circumferantur.
1145 3228 1327 3293 Mattheus8
1347 3246 1422 3291 vero
1442 3232 1474 3289 et
1494 3244 1624 3307 operam

317 3398 518 3408 --—--—--

381 3508 587 3566 ¹Verrnutlicb
613 3509 732 3563 lodocus
753 3508 922 3573 Trutfetter,
949 3526 1028 3561 wcnn
1049 3524 1113 3561 man
1142 3505 1221 3559 nicht
1246 3510 1316 3557 etna
1336 3521 1371 3557 an
1394 3502 1474 3555 einen
1499 3501 1624 3573 siotlrner

322 3592 495 3647 Gcistlieben
516 3590 606 3645 dieses
628 3590 750 3644 Nanrens
770 3589 879 3642 clankcn
899 3588 965 3644 will.
1008 3588 1109 3641 Mlillor·
1131 3586 1255 3656 (Kliister
1275 3584 1304 3637 in
1326 3582 1425 3637 (irrtlrn.
1448 3582 1580 3635 zeitschr.
1599 3582 1624 3634 d.

320 3673 436 3727 Vereins
457 3671 477 3727 f.
489 3671 562 3726 tbiir.
574 3670 675 3727 Geacb.
693 3688 719 3723 n.
739 3670 857 3725 Altertb.
879 3668 960 3725 lado
976 3666 1002 3725 S,
1012 3668 1061 3735 63)
1084 3668 1209 3721 criviilrnt
1231 3665 1311 3717 einen
1324 3662 1489 3717 Karronilrna
1501 3662 1625 3715 dodocns

321 3752 413 3824 Koch,
434 3750 584 3821 allerdings
604 3758 661 3806 erst
680 3769 742 3805 zum
763 3751 848 3805 dabre
872 3748 959 3802 1523.

382 3828 395 3870 ²
416 3832 487 3885 ltine
508 3832 587 3885 nieht
605 3833 694 3887 naher
714 3850 747 3885 zu
768 3830 970 3885 bestimmende
988 3826 1220 3883 Persiinlichlreit.

381 3908 660 3967 3Wahrseheinlieh
682 3912 727 3966 ein
749 3911 959 3980 Wittenberger
980 3906 1263 3963 Universitiitelehrer.

380 3988 394 4031 ⁴
417 3990 475 4047 Cic.
492 3992 542 4062 Ep.
563 3993 628 4046 fam.
661 3991 789 4061 V11‚29:
810 3993 865 4046 duo
886 3990 1005 4061 parietes
1026 3990 1060 4043 de
1082 3990 1176 4042 endem
1200 3984 1293 4039 fidelia
1312 3982 1448 4037 dealbare.

381 4068 395 4111 ⁵
418 4072 660 4127 Walrrsebeinliclr
682 4072 825 4126 Matthias
840 4072 978 4142 Wagner,
998 4070 1041 4124 ein
1064 4068 1188 4123 Gethner
1208 4066 1361 4131 Domlrorr,
1384 4063 1501 4115 welclrer
1522 4078 1554 4113 zu
1577 4061 1626 4114 dor

321 4154 406 4224 Sippc
428 4155 475 4206 des
487 4153 585 4206 Morch
605 4154 662 4205 und
676 4153 810 4222 Kiiteling
829 4153 953 4223 gehiirtc.
986 4150 1139 4220 vg1.oo01·
1160 4148 1208 4200 ilnr
1220 4146 1327 4215 bliillcr,
1349 4144 1461 4197 liliisler
1482 4142 1509 4193 in
1522 4141 1625 4195 (lotha.

320 4234 369 4287 Bd.
392 4234 409 4285 b
437 4234 463 4287 cl.
484 4233 616 4289 zeitschr.
640 4234 665 4288 d.
684 4232 801 4287 Vereins
828 4232 848 4287 f.
869 4232 945 4285 ther.
966 4230 1067 4284 Geoclr.
1093 4228 1120 4283 S.
1142 4228 1187 4281 63.
1236 4227 1296 4279 l'on
1329 4225 1385 4278 ilrm
1418 4223 1504 4275 hoiast
1529 4239 1557 4275 ea
1587 4222 1622 4273 inr

324 4315 416 4368 Codex
439 4313 584 4368 Gotbanna
606 4314 690 4367 chart.
709 4313 766 4366 456
788 4312 837 4366 fol.
856 4311 924 4366 sav.
946 4312 1091 4365 Possessor
1111 4310 1160 4363 der
1176 4307 1287 4362 Viearie
1310 4305 1412 4359 Boutae
1428 4302 1550 4372 l'irpinis
1571 4302 1626 4355 nnd
1650 4298 1654 4307 “

322 4394 416 4449 Sancti
437 4392 587 4448 Salvatoris
599 4437 605 4448 .
618 4440 623 4450 .
636 4435 659 4447 ..
684 4394 721 4447 ist
740 4393 785 4447 ein
807 4393 897 4457 biiser,
920 4392 1097 4463 ungclebrter
1118 4389 1174 4442 und
1196 4387 1362 4441 nrrbercdter
1382 4384 1518 4437 Liisterer.

380 4472 394 4511 ⁴⁵
415 4474 470 4527 llic
491 4474 715 4528 Persiinlichkeit
735 4475 804 4527 liiast
823 4473 882 4526 sieb
905 4471 984 4525 nicht.
1006 4472 1178 4525 bestimmen.

384 4550 396 4593 7
418 4554 591 4608 Vermutlich
614 4556 663 4608 der
684 4554 858 4624 beriiclrtiglc
870 4552 971 4605 Martin
983 4551 1126 4607 Plattfuss.
1169 4548 1232 4618 l'gl.
1254 4546 1299 4601 Br.
1313 4544 1359 4598 58.
1378 4544 1404 4597 S.
1416 4544 1460 4596 74.
1482 4542 1564 4598 Anrn.
1578 4542 1603 4596 2.

383 4630 397 4673 ⁸
416 4634 475 4691 Der
486 4634 615 4691 Deelrant
627 4634 752 4690 Gerbard
763 4632 923 4688 blarschalk
933 4650 986 4685 ron
1008 4631 1190 4685 Gesserstedt.
1210 4627 1273 4697 vgl.
1284 4625 1330 4679 Br.
1343 4624 1388 4679 eo.
1400 4624 1425 4679 S.
1439 4623 1495 4676 126
1504 4622 1586 4678 Anna,
1598 4622 1624 4684 4,
