3625 5192
695 376 784 433 Bricie
800 374 922 433 Matiane
939 376 981 429 so.

267 528 390 593 Vanum
412 527 451 592 iri
473 527 651 608 barbamm,
673 546 787 593 renum
812 528 857 592 ire
878 528 1020 592 latinum.

268 632 372 697 Unum
385 652 442 716 pro
463 632 528 696 alio
548 631 729 711 barbarum,
749 631 847 694 alium
866 650 924 713 pro
945 629 1008 694 alio
1029 630 1169 695 latinum.

268 735 341 800 Non
362 734 415 799 dic
435 734 594 799 virtuosus
615 740 647 799 et
666 733 868 817 vituperium.

267 836 393 903 Testari
414 843 447 902 et
467 836 528 902 lari
549 836 681 901 alterum
704 834 870 901 redundat.

268 940 340 1004 Non
362 939 581 1022 dicastrcngc,
604 938 933 1019 tertussnbstantire,
955 939 1134 1019 translator,
1155 940 1284 1022 salutes,
1307 942 1494 1023 successive,

189 1038 332 1117 servitor,
353 1042 553 1121 sensualitas,
575 1041 747 1123 singularis
767 1040 857 1107 testis
879 1059 935 1125 pro
951 1059 1022 1114 uno,
1047 1042 1161 1108 rubeus
1183 1063 1240 1127 pro
1260 1044 1348 1110 rufus
1368 1044 1494 1111 irracio-

190 1146 288 1225 nalis,
317 1151 457 1209 restauro
479 1145 660 1227 registmm,
686 1143 921 1224 recommendo,
947 1144 1112 1227 regratior,
1137 1144 1287 1227 quicquid
1308 1148 1351 1211 sit
1370 1166 1426 1231 pro
1448 1156 1494 1213 ut-

194 1266 331 1330 eunque,
353 1247 554 1330 quantocius,
574 1246 749 1329 quindeno,
781 1266 963 1331 persuasor,
996 1266 1151 1331 propono,
1173 1246 1399 1332 pariiomriter‚
1426 1271 1493 1335 pre-

190 1356 406 1434 sumptuosus,
431 1349 566 1433 pluries,
593 1350 772 1433 potissime,
800 1356 984 1433 prosoneta,
1010 1347 1204 1433 prebendam
1232 1352 1393 1433 presagio,
1420 1373 1494 1437 pen·

191 1453 361 1525 nonarius,
389 1453 554 1536 specillum
571 1451 627 1517 sed
648 1452 820 1535 spicillum‚
840 1452 970 1532 ibidem,
993 1452 1180 1532 insensatus,
1203 1452 1334 1535 illibate,
1356 1456 1496 1538 iniurior,

191 1554 386 1637 ignoranter,
413 1555 565 1637 litigium,
586 1555 774 1635 lamentare,
796 1554 915 1619 letania
936 1554 993 1619 scd
1014 1553 1142 1635 Illerris,
1160 1555 1358 1639 monoculus,
1379 1569 1496 1625 mente-

191 1668 294 1737 tcnns,
318 1659 396 1723 meis
416 1658 579 1743 auspiciis,
600 1658 719 1725 mensis
740 1658 890 1739 ianuarii,
910 1656 1104 1735 nullatenus,
1125 1658 1262 1739 noviter,
1291 1660 1379 1741 nola,
1402 1682 1494 1747 opem

192 1760 249 1840 do,
274 1759 468 1842 omnimode,
494 1780 634 1839 exnunc,
661 1768 791 1841 extunc,
823 1778 920 1842 eques
946 1766 1091 1841 auratus,
1114 1760 1327 1843 extrinsecus,
1352 1773 1496 1846 equester

192 1884 249 1948 pro
269 1864 386 1945 equite,
407 1862 465 1927 sub
487 1862 563 1928 diro
584 1882 644 1947 pro
663 1862 732 1944 dio,
752 1861 979 1942 diversimode,
1008 1880 1129 1927 summo
1155 1882 1263 1944 mane,
1285 1864 1326 1930 de
1346 1884 1432 1945 sero,
1455 1866 1496 1933 de

193 1968 296 2040 laeili,
316 1965 518 2044 diflidencia,
538 1966 579 2030 de
601 1965 757 2051 proximo,
787 1965 976 2029 disturbium
1002 1963 1119 2046 deitas,
1141 1964 1294 2047 certifico,
1321 1967 1495 2051 codicillus,

193 2070 256 2133 imo
278 2066 432 2148 codicilli,
453 2068 625 2150 coequalis,
643 2065 835 2147 cellerarius,
855 2066 918 2131 imo
939 2066 1094 2143 cellarius,
1113 2067 1302 2133 concordavi
1323 2088 1394 2152 eos,
1415 2091 1496 2137 oom-

192 2171 343 2235 mcnsalis
364 2191 421 2255 pro
442 2170 634 2249 comessalis,
656 2170 891 2252 contingenter,
914 2174 1140 2253 competenter,
1162 2170 1344 2252 contrarior,
1365 2175 1498 2239 camisia

193 2293 250 2357 pro
282 2273 424 2337 tunicula
451 2272 608 2337 interiore.
656 2270 893 2349 Quintilianus2
924 2272 985 2335 ait:
1014 2271 1201 2356 „Phrynen2
1233 2293 1295 2339 non
1320 2274 1497 2358 Hyperidis

195 2375 343 2441 oracione
394 2394 575 2456 quanquam
612 2372 809 2455 admirabili,
852 2374 910 2439 sed
938 2380 1106 2459 conspectu
1138 2376 1293 2459 corporis,
1326 2376 1409 2458 quod
1442 2378 1499 2443 illa

194 2477 461 2561 speciosissimum
503 2476 645 2557 alioquin
684 2474 816 2540 diducta
854 2474 1032 2539 nudaverat
1060 2476 1181 2557 tunica,
1213 2484 1328 2561 putant
1359 2480 1498 2563 periculo

195 2579 399 2658 liberatam“,
421 2579 475 2645 ubi
495 2578 604 2644 tunica
623 2576 784 2660 signifieat
803 2578 856 2643 eiu
878 2577 1023 2643 bembde

275 2680 437 2746 Benedieo
458 2681 549 2747 unius
568 2679 656 2745 uocis
677 2680 807 2745 verbum
833 2699 904 2745 cum
932 2680 1119 2745 acoussandi
1148 2700 1223 2747 casu
1250 2682 1419 2751 barbarum
1440 2692 1498 2753 est.

195 2784 262 2849 Nos
275 2791 381 2849 mmcn
392 2802 478 2848 more
492 2782 661 2849 Grecorum
670 2781 783 2847 damus
793 2783 1009 2848 accusativum
1023 2789 1126 2867 preter
1138 2791 1283 2850 naturam
1292 2804 1392 2867 suam,
1403 2806 1499 2869 quum

196 2887 333 2969 postulet
361 2885 505 2949 dativum
533 2884 615 2950 sicut
643 2884 808 2952 maledico.
849 2885 923 2949 Alia
946 2884 1016 2951 vice
1036 2904 1135 2969 auges
1165 2889 1347 2971 appretiare
1375 2896 1407 2954 et
1435 2889 1501 2955 alla

195 2994 346 3056 sexcenta
366 3008 422 3071 per
444 2994 475 3051 te
495 2987 578 3052 nosti
600 3007 659 3052 nec
678 3007 757 3071 opus
779 2994 827 3053 est
847 3006 920 3053 cera
939 2993 1055 3055 nostra.
1098 2988 1233 3053 Tantum
1254 2988 1369 3071 hortor,
1388 2998 1423 3055 ut
1440 2992 1500 3056 iuri

195 3097 261 3155 toto
282 3096 408 3172 pectore
438 3089 611 3155 incumbas.
653 3089 721 3153 lloe
746 3097 821 3154 ate
850 3091 896 3154 ita
917 3090 1084 3164 contendo,
1108 3098 1143 3156 ut
1170 3091 1203 3155 in
1235 3110 1272 3157 eo
1302 3090 1385 3157 boua
1404 3093 1500 3159 iortu-

196 3211 317 3274 nasqne
351 3200 422 3257 tuas
447 3191 527 3257 silas
553 3196 670 3275 putem.
712 3191 840 3257 Nemini
868 3191 1024 3257 confidas.
1046 3192 1210 3259 Eobanum
1239 3194 1376 3279 excipio.
1417 3195 1500 3261 Nam

197 3295 244 3361 illi
274 3296 319 3359 tui
346 3294 517 3360 cor-rivales
541 3296 708 3378 plurimum
736 3294 858 3359 obsunt.
901 3294 1016 3377 Tenes,
1035 3296 1147 3377 amice,
1168 3297 1362 3363 sentenciam
1389 3318 1501 3363 iucem.

200 3398 292 3462 Nunc
312 3396 352 3461 dc
364 3396 588 3480 lirpburdiana
608 3397 727 3477 tabula,
749 3403 784 3461 nt
803 3398 903 3462 multa
926 3397 1004 3461 mibi
1026 3398 1184 3481 placeant,
1203 3398 1375 3484 displicent
1395 3408 1502 3467 mmeu

198 3499 256 3564 beo
280 3518 395 3583 pauca:
416 3499 523 3565 Altero
550 3498 618 3580 die,
643 3499 785 3565 secunda
811 3500 906 3573 leuia.
939 3519 1059 3565 surnmo
1088 3520 1180 3567 manc
1207 3508 1239 3568 et
1264 3503 1329 3567 alia
1354 3501 1502 3587 quedam,

199 3621 260 3684 que
274 3608 307 3665 tn
320 3600 498 3666 annotabis.
540 3600 630 3667 Nihil
651 3601 745 3668 dabis
761 3600 879 3667 liulino.
922 3602 1005 3668 Nolo
1022 3610 1053 3669 te
1075 3604 1236 3688 astringas
1253 3606 1502 3687 castigatissimo

199 3704 349 3781 sermoni,
377 3703 435 3770 sed
460 3704 685 3769 sublimitatem
714 3710 747 3769 et
775 3704 901 3790 copiam
937 3724 1018 3771 ama.
1060 3706 1127 3771 lieo
1158 3708 1262 3789 magis
1294 3708 1440 3792 splendet
1470 3715 1502 3774 et

199 3825 291 3871 aures
316 3805 428 3889 implet
454 3812 486 3870 et
510 3804 610 3870 flectit
641 3803 796 3872 indoctos.
838 3806 949 3890 ltaque
976 3808 1138 3874 Ciceronis
1172 3811 1336 3877 oraciones
1363 3811 1502 3894 perlege.

200 3906 296 3989 Audi,
316 3927 381 3990 qua
400 3908 493 3991 copia
515 3906 681 3973 redundet:
703 3910 771 3989 „Tu
793 3910 1090 3993 caenin1,qoime
1118 3910 1180 3977 tuis
1206 3912 1377 3978 sentenciis
1403 3914 1503 3997 sepis·

197 4010 276 4075 sime
299 4010 437 4087 ornasti,
465 4010 519 4093 qui
542 4010 699 4090 oratione,
727 4014 781 4093 qui
804 4012 1035 4095 predicatione,
1058 4014 1110 4096 qui
1134 4016 1264 4080 summis
1293 4015 1441 4081 laudibus
1469 4016 1501 4080 in

201 4118 326 4187 senatu,
349 4112 382 4175 in
404 4112 609 4177 concionibus
635 4112 676 4177 ad
699 4114 801 4177 celum
822 4114 976 4191 extulisti,
1000 4116 1067 4181 cuis
1088 4136 1149 4198 ego
1170 4135 1295 4201 semper
1319 4123 1409 4183 tanta
1434 4136 1504 4183 case

266 4230 279 4256 ⁸
296 4235 322 4281 F
336 4234 470 4296 Pbrynem.

262 4460 271 4502 ¹
296 4462 362 4519 inst
383 4472 450 4520 orat.
474 4462 500 4521 2.
524 4462 569 4521 15.
587 4465 618 4520 u:
649 4462 781 4537 Phrynen
803 4484 858 4522 non
877 4464 1027 4541 Hyperidis
1048 4466 1157 4525 actione
1174 4486 1331 4541 (quiunquam
1348 4468 1503 4527 admirabili

198 4542 245 4597 sed
267 4553 418 4615 conspectu
440 4546 578 4617 corporis,
606 4548 679 4616 quod
706 4548 754 4601 illa
775 4549 1008 4617 speciosissimum
1037 4550 1140 4620 alioqui
1159 4552 1271 4605 diducta
1294 4554 1443 4608 nudauerat.
1462 4560 1504 4607 tu-

112 4696 117 4704 .
198 4626 261 4680 nica
281 4633 380 4696 putant
401 4626 525 4697 periculo
546 4627 698 4683 liberatam.
