3625 5192
17 4 403 395 A
701 310 1117 383 ῡωιιιιοιιωᾳωιιωιαιωι.
1135 316 1259 373 aem

328 468 416 527 tenet
436 466 492 527 aut
512 461 603 527 brevi
627 462 777 545 operculo
805 460 917 527 discet.
958 464 1013 529 Sic
1035 466 1126 547 probi
1155 466 1270 532 solent:
1297 466 1378 532 nibil
1397 467 1459 531 sibi
1480 474 1640 549 arrogant,

316 564 433 647 *partis
445 564 642 647 quesitisoue
662 562 805 628 scientiis
820 565 1104 631 citraiaetanciam
1125 568 1413 651 modicegaudent,
1431 588 1528 651 quum
1549 570 1641 633 letari

328 667 428 731 litoius
443 666 572 749 possint.
609 666 665 747 Te,
686 668 729 731 mi
750 666 922 747 Urbane,
941 669 1056 734 trabali
1069 669 1162 734 clavo
1175 672 1296 754 pectori
1308 672 1516 737 meoallixunr
1536 672 1640 735 sentio

328 776 393 833 tarn
415 768 623 835 humanitatis
646 787 741 851 qnam
762 769 943 836 meritorum
964 772 997 835 in
1025 794 1084 838 nos
1105 780 1226 838 tuorum
1246 774 1370 839 intuitu.
1414 775 1494 839 Vale
1515 782 1548 837 et
1567 775 1641 838 vire

326 872 448 937 vivens.
491 871 568 937 Post
587 890 698 937 cenam
720 872 802 937 inter
823 872 1111 941 confabulaciones.

326 1102 338 1146 s
368 1100 374 1111 Ι
397 1028 576 1111 llnudoebriltl⁴
596 1028 616 1075 F
637 1029 672 1075 Νι
687 1028 720 1075 tt
739 1029 888 1076 lol.2dv—
902 1030 959 1077 aer.
996 1032 1073 1079 Gedr.
1087 1034 1111 1081 b.
1125 1034 1167 1081 Ta
1187 1050 1210 1095 p.
1222 1035 1256 1081 40
1275 1052 1319 1081 cca
1337 1035 1585 1094 NosterSprlntinns
1603 1034 1640 1079 tia

339 1114 404 1147 uatus
423 1107 525 1161 pnsum.

882 1204 1083 1215 —.-———

326 1296 359 1367 e.
384 1294 427 1362 Ἀ.
443 1312 488 1362 an
510 1294 644 1362 Urban.
1179 1296 1321 1381 (corna.
1343 1298 1507 1365 Sommcr
1516 1298 1637 1385 1505.)

397 1422 430 1468 tl.
461 1420 545 1469 wllrde
569 1436 596 1467 es
620 1421 677 1468 sehr
700 1420 840 1477 lrednuern,
864 1434 937 1467 werrn
959 1422 1087 1480 §palatim
1104 1424 1171 1469 ·denu
1189 1426 1301 1483 Antrnge
1324 1424 1368 1469 des
1389 1424 1535 1470 Zwickanor
1562 1424 1638 1470 Rates

326 1493 402 1553 Fulge
421 1492 539 1551 leinlend‚
563 1492 602 1537 mr
621 1491 790 1550 lleorgentbel
810 1492 925 1537 verloren
949 1490 1025 1551 gingo
1047 1494 1098 1539 und
1117 1496 1230 1541 wlinsebt
1252 1495 1368 1550 dash-lb,
1397 1494 1453 1539 dass
1475 1494 1561 1539 i'rbnn
1586 1494 1634 1540 den

324 1564 376 1610 not
396 1576 435 1609 unt
455 1564 569 1609 Antwort
588 1562 614 1607 in
633 1560 714 1607 dieser
732 1561 931 1620 Angelegenhcit
952 1563 1063 1609 ersuebe.

405 1682 534 1767 Optimo
554 1688 586 1747 et
608 1680 796 1747 suavissimo
818 1679 900 1763 patri
924 1678 1088 1745 Urbano
1109 1680 1271 1746 blutianus
1291 1682 1398 1748 llutos.

405 1785 439 1851 si
463 1782 567 1861 vales,
596 1783 676 1849 bene
697 1790 753 1848 est.
801 1781 887 1865 Ego,
920 1782 1005 1863 quod
1034 1790 1083 1847 est
1109 1782 1210 1847 divini
1240 1784 1393 1863 muneris,
1424 1792 1508 1849 recte
1533 1783 1635 1849 valeo.

323 1888 470 1957 Omnium
493 1886 589 1951 nostri
607 1883 728 1950 ordinis
740 1884 941 1949 beatissimus
956 1884 1287 1969 essetSpalatinus
1300 1894 1415 1963 noster,
1437 1886 1464 1949 si
1487 1886 1635 1969 princeps

324 2000 394 2057 tuus
416 1991 462 2055 ita
481 1988 567 2055 illius
587 1987 762 2053 modestam
784 1986 1010 2051 humanitatem
1033 1994 1067 2051 ut
1083 1996 1116 2051 tu
1138 1996 1352 2070 cognosceret,
1374 1988 1481 2070 utique
1503 1988 1633 2070 probum

324 2093 468 2159 iuvenem
490 2098 523 2156 et
544 2089 700 2155 hominem
723 2088 938 2154 doctissimum
960 2090 1281 2169 mansuetudinesua,
1301 2110 1363 2173 que
1384 2089 1554 2171 singularis
1575 2098 1633 2167 est,

322 2192 610 2278 comprehenderet.
643 2192 753 2275 Neque
775 2192 857 2256 enim
881 2200 946 2255 tam
966 2211 1097 2255 suavem
1120 2193 1320 2275 pedagogum
1342 2192 1461 2256 sineret
1485 2192 1634 2257 aberrare

322 2317 361 2363 ac
388 2295 492 2380 potius
522 2294 697 2375 Thuringie
725 2292 802 2359 lines
836 2292 999 2358 excedere.
1049 2293 1121 2358 Vidi
1147 2295 1272 2375 literas,
1306 2293 1389 2375 vidi,
1422 2295 1466 2358 mi
1494 2295 1632 2369 Urbane,

322 2399 436 2483 quibus
457 2396 644 2463 sollicitatur
666 2396 1065 2471 asenatuCzuiokaviano,
1088 2406 1123 2460 ut
1144 2396 1229 2461 illius
1251 2396 1473 2461 honestissime
1492 2396 1633 2460 civitatis

322 2501 427 2565 scriba
456 2498 621 2583 publicual
653 2498 717 2562 liat.
767 2498 821 2563 Sic
851 2506 990 2563 vestrum
1018 2498 1199 2576 cenobium,
1231 2498 1316 2579 quod
1343 2496 1489 2579 equidem
1523 2500 1632 2579 magni

322 2604 422 2683 laeto,
450 2601 571 2667 carebit
596 2602 714 2685 optimo
740 2607 925 2685 preceptore
954 2611 986 2664 ct
1016 2608 1049 2663 tu
1073 2600 1204 2665 amabili
1237 2607 1270 2666 et
1296 2608 1425 2684 propter
1452 2600 1632 2664 communia

322 2704 428 2769 studia
441 2702 606 2786 diligendo
618 2703 799 2768 domestico.
842 2701 912 2767 Erit
931 2702 1041 2767 hocin
1060 2704 1144 2767 onrni
1154 2703 1223 2766 vita
1234 2703 1407 2768 luctuosum
1418 2701 1540 2767 derasis
1550 2709 1633 2784 tyro·

322 2806 416 2873 nibus
431 2806 552 2871 vestris.
597 2805 665 2887 ligo
679 2824 814 2887 ortoque,
834 2806 893 2871 etsi
907 2806 985 2888 Spa
995 2804 1117 2869 latini
1137 2805 1354 2871 familiaritate
1370 2812 1402 2870 et
1412 2804 1633 2869 coniunctione

322 2908 488 2992 plurimum
511 2907 650 2973 delector
671 2919 702 2971 ct
723 2907 763 2971 ob
787 2906 819 2969 id
842 2926 999 2970 recessum
1021 2926 1042 2969 a
1062 2906 1154 2970 nobis
1176 2908 1267 2988 quasi
1289 2906 1405 2979 (tellao,
1427 2907 1493 2970 lero
1514 2918 1630 2983 tamen,

322 3014 398 3095 quoia
419 3012 523 3077 lbrsan
546 3012 620 3077 l'atis
637 3011 682 3074 ita
703 3010 831 3095 placuit.
874 3008 938 3073 Sed
950 3018 1108 3091 utcunque
1122 3009 1172 3087 sit,
1193 3018 1317 3091 gratum
1331 3008 1408 3072 mibi
1429 3010 1631 3074 veliementer

320 3114 446 3194 leceris,
483 3115 509 3179 si
537 3114 694 3191 abbatem,
723 3111 883 3175 dominum
912 3118 1062 3190 nostrum,
1085 3112 1226 3196 responsi
1255 3110 1466 3176 admonueris.
1509 3111 1629 3193 Scripsi

321 3217 457 3297 adeum,
480 3215 546 3293 sed,
562 3215 629 3279 huri!
653 3215 899 3299 paulolatinius
944 3215 1003 3279 llic
1013 3222 1083 3279 utor
1094 3213 1244 3279 idiomate
1255 3214 1432 3278 vernaculo.
1474 3213 1630 3296 Dignatur

319 3318 488 3403 explicare,
512 3316 586 3401 quid
609 3317 745 3401 placeat,
767 3325 798 3381 ct
819 3316 911 3381 nobis
940 3335 996 3400 per
1021 3324 1052 3379 te
1078 3316 1281 3399 interpretem
1311 3314 1515 3400 respondeam
1545 3317 1629 3378 tores

320 3420 434 3487 noticia
463 3419 583 3504 aperui.
630 3420 662 3483 Si
691 3419 842 3504 recipitur
868 3419 901 3483 iu
932 3418 1112 3483 clientelam
1138 3424 1292 3482 vestram:
1323 3416 1508 3499 gratulabor
1527 3416 1629 3497 vobis,

320 3523 368 3586 sin
393 3528 496 3587 autem
519 3520 636 3601 abibit,
666 3521 781 3587 latebo
807 3528 913 3586 tamen
939 3520 1048 3585 honori
1076 3520 1275 3585 sanctissime
1307 3517 1487 3583 sodalitatis
1514 3525 1627 3583 vestre.

319 3622 412 3700 Cura,
434 3634 468 3687 ut
488 3624 607 3704 valeas,
629 3633 660 3689 et
680 3642 739 3703 me,
761 3634 795 3688 ut
815 3623 905 3703 lacis,
926 3642 1009 3686 ama.

337 3850 343 3896 1
389 3780 569 3895 illartdsulrriltl,
585 3780 604 3827 l*
621 3780 703 3829 Nati
725 3781 766 3828 lol.
782 3780 815 3828 30
826 3794 845 3827 ι.
883 3780 958 3827 Godr.
974 3780 996 3827 b.
1010 3779 1051 3826 Ta.
1071 3781 1093 3827 S.
1109 3778 1220 3825 ll-lo
1241 3793 1286 3825 con
1300 3778 1417 3825 Omuium
1437 3778 1515 3825 nostri
1534 3779 1570 3826 bis
1590 3780 1627 3826 ita

319 3864 391 3910 pneu
406 3856 421 3897 t.

381 4072 389 4115 ¹
414 4075 537 4149 Spalalin
565 4078 642 4135 butte
670 4079 759 4135 neben
787 4080 840 4133 don
868 4078 927 4133 rein
954 4077 1193 4134 bumanistischen
1220 4078 1335 4133 Studien
1361 4079 1434 4133 auch
1460 4080 1510 4133 der
1538 4078 1626 4134 duris·

316 4157 442 4229 prudeus
460 4157 623 4233 obgelegen.

873 4375 972 4383 —.--
1017 4376 1071 4381 --
