3625 5192
634 314 719 366 liriet'c
738 314 856 367 Matiana
875 314 934 365 att.
954 315 1005 365 218
1032 314 1089 366 aaa.
1462 312 1511 363 :tal

206 458 290 525 249.
311 457 355 529 11.
377 464 423 524 cn
445 457 581 528 Urbcn.
1059 458 1206 544 (Gotho)
1221 460 1317 527 1513.
1351 457 1445 524 iltrz
1457 460 1509 529 18.

274 570 335 617 hut.
354 570 490 629 acceptiert
508 570 557 615 den
580 585 630 616 vou
649 568 734 615 Urban
758 570 932 629 empsohlonen
952 570 1069 615 Famulus
1092 571 1143 616 urrd
1166 570 1246 615 danht
1269 571 1308 616 liin
1332 570 1373 616 dio
1396 570 1509 627 ruunnig·

204 642 293 686 {achon
316 640 367 685 ihm
391 640 441 685 und
464 640 549 686 seinon
571 640 703 687 Freundan
728 640 875 698 geleistelen
901 640 1011 685 Diensta.
1048 640 1081 685 Er
1104 642 1203 686 mlichto
1228 656 1261 685 an
1284 640 1328 687 dor
1344 640 1505 699 Ver-mictuug

203 712 284 756 coines
303 710 415 755 Erfurtor
433 710 528 755 Hauses
546 725 580 755 an
598 710 681 767 Georg
698 710 823 755 ilallcnsis
843 710 986 755 lesthalten.
1023 710 1163 768 Erziihlnng
1187 725 1237 755 von
1262 711 1306 755 der
1331 710 1510 768 ersolgreiohen

204 780 378 827 intervention
396 779 506 825 llutians
525 780 565 825 bei
585 780 714 825 Friedrich
732 780 788 826 dem
804 780 906 825 Weisen
926 780 964 825 liir
983 780 1134 827 Eiscnacher
1151 782 1252 839 Biirger.

223 864 230 876 '
283 864 490 929 Sanctissimo
505 865 584 946 patri
599 877 713 939 nostro,
724 866 876 944 magistro
891 864 1038 947 inprimis
1052 863 1184 943 erudito,
1197 863 1332 928 Haurico
1346 864 1509 929 Urbano.

283 967 314 1029 S.
357 966 435 1029 lano
468 964 605 1030 Urbico¹
627 966 673 1029 ita
699 966 793 1048 plane
820 966 939 1049 profuit
966 965 1202 1029 commendacio
1231 975 1301 1044 tua,
1336 972 1369 1029 ut
1398 965 1511 1030 diebus

202 1067 429 1131 exurrectionis
451 1068 615 1131 Dominice
643 1068 703 1131 huc
730 1067 867 1148 migrare
895 1074 926 1131 et
947 1067 1045 1131 Panlo
1071 1054 1201 1147 Aquilio
1227 1068 1396 1132 succedere
1424 1088 1510 1133 man-

202 1170 309 1233 datnm
331 1170 381 1233 ait.
423 1169 472 1233 Ex
493 1190 531 1233 eo
553 1170 752 1234 manifestum
773 1179 833 1241 est,
862 1188 1052 1251 quamquam
1074 1176 1215 1233 vetustas
1240 1170 1385 1235 amicicie
1406 1180 1511 1235 nostre

202 1280 277 1335 uota
299 1272 387 1350 satia,
408 1271 646 1351 quantil'aciam
659 1271 787 1335 Urbani·
801 1271 872 1349 mei,
895 1272 1019 1335 solertis
1042 1272 1112 1348 riri,
1134 1271 1295 1335 iudicium.
1338 1271 1509 1355 TuSpala-

163 1426 167 1431 .
202 1374 301 1436 tinum
337 1371 441 1437 oliicio
476 1374 576 1454 patris
602 1373 819 1454 singularique
852 1372 1035 1436 adiumento
1066 1372 1164 1437 l'oves.
1218 1372 1408 1454 immanem,
1448 1393 1509 1455 que

202 1482 296 1538 vexat
318 1493 398 1551 eum,
421 1475 556 1539 beluam:
580 1475 705 1556 culpam
727 1474 760 1538 iu
781 1473 912 1537 nothum
934 1473 1138 1539 inclinantem
1159 1474 1246 1539 velut
1266 1474 1346 1539 alter
1361 1474 1510 1565 Hercules

202 1574 379 1658 extinguis,
409 1584 443 1638 ut
463 1582 591 1640 sauctus
614 1574 820 1658 philosophus
850 1580 921 1639 sine
947 1575 1045 1639 animi
1067 1575 1225 1657 molestia,
1257 1578 1325 1641 sine
1347 1577 1450 1641 Lerna
1479 1586 1511 1641 et

201 1678 284 1742 Caco
304 1696 433 1742 securus
454 1696 546 1742 evum
568 1684 652 1759 agat.
694 1676 744 1739 Tu
766 1675 949 1741 Horebordo
977 1676 1116 1741 salutare
1145 1676 1203 1740 das
1232 1678 1416 1758 consilium,
1445 1680 1510 1760 qui,

201 1781 228 1844 si
248 1780 306 1844 tibi
335 1789 370 1843 ut
397 1779 522 1861 legibus
547 1786 687 1861 pareret,
719 1779 836 1844 utiliter
861 1778 924 1842 ribi
953 1778 1137 1843 consuleret.
1187 1778 1245 1843 Est
1275 1780 1335 1845 hoc
1364 1780 1395 1843 in
1424 1800 1510 1845 more

201 1882 341 1945 civitatis
362 1882 458 1960 illius,
480 1891 513 1945 ut
535 1880 704 1968 blando-et
715 1882 852 1960 comiter,
874 1899 936 1965 uon
948 1880 1083 1962 superbe
1098 1888 1129 1945 et
1143 1883 1347 1965 contemptim
1368 1882 1509 1947 homines

201 1990 382 2047 tractentur.
425 1982 572 2065 Populari
584 1983 687 2062 gloria
708 1982 874 2045 decoratus
897 1988 954 2060 est,
976 1980 1032 2044 sed
1055 1981 1188 2046 l'ructum
1202 1983 1328 2047 honoris
1350 1993 1381 2047 et
1401 2002 1508 2048 curam

202 2087 251 2150 vel
274 2087 380 2167 potius
400 2085 654 2167 procuracionem
676 2084 878 2165 negociorum
907 2084 1034 2149 deserit.
1085 2084 1155 2161 Qua
1183 2084 1216 2148 in
1241 2079 1278 2148 re'
1296 2084 1508 2149 Democritum

201 2189 314 2269 magis,
334 2187 472 2268 quirem
493 2186 680 2250 familiarem
702 2186 852 2266 neglexit,
874 2204 969 2266 agros
990 2206 1053 2249 uon
1075 2186 1180 2266 coluit,
1201 2187 1313 2281 amicis
1334 2206 1395 2250 non
1417 2187 1509 2251 affuit

94 2287 97 2290 ’
200 2308 294 2370 quam
321 2289 493 2373 Ulpianum
519 2287 733 2371 persequitur,
752 2288 813 2351 sui
840 2287 964 2352 itineris
993 2286 1118 2359 ducem,
1148 2289 1202 2370 qui
1231 2308 1349 2369 magna
1375 2290 1509 2371 negocia

185 2392 308 2471 gessit,
329 2392 440 2455 amicis
459 2410 551 2473 opem
573 2392 653 2469 tulit,
674 2408 708 2453 se
730 2398 761 2454 et
781 2409 855 2454 snos
876 2388 1006 2453 adiuvit.
1050 2390 1162 2454 Dicam
1173 2398 1295 2473 postea,
1317 2390 1392 2471 quid
1410 2410 1509 2473 nuper

199 2493 366 2573 acciderit,
395 2503 428 2555 ut
456 2494 600 2575 exemplo
627 2491 758 2555 doceam
787 2512 849 2556 nou
876 2510 947 2555 ease
973 2510 1052 2573 equo
1079 2492 1186 2556 auimo
1213 2491 1390 2571 ferendum,
1424 2492 1508 2574 quod

199 2593 399 2659 Herebordus
419 2601 542 2659 tantum
568 2594 630 2659 sibi
660 2594 785 2678 placere
812 2602 844 2657 et
865 2614 923 2657 nos
945 2595 1110 2676 aspernari
1140 2594 1319 2659 instituerit.
1364 2594 1509 2660 Placeret

198 2704 309 2760 antem'
323 2704 356 2760 et
377 2696 478 2775 nobis,
498 2698 526 2759 si
545 2696 683 2777 gratiam
704 2703 736 2759 et
757 2694 976 2758 auctoritatem
989 2694 1213 2759 convenienter
1234 2703 1268 2759 ut
1288 2697 1383 2759 ceteri
1405 2698 1507 2761 causi-

200 2796 265 2862 dici
286 2804 485 2881 oompararet
506 2804 538 2861 et
558 2797 638 2861 nihil
660 2798 730 2862 sine
757 2807 811 2860 tuo
839 2796 972 2860 consilio
992 2803 1129 2861 sumeret
1159 2804 1345 2879 portamque
1372 2798 1506 2879 glorium

168 2889 172 2898 ’
201 2900 333 2963 caritate
355 2910 388 2963 et
407 2899 604 2963 humanitate
625 2906 783 2977 servaret,
806 2918 866 2961 nou
889 2898 1004 2961 inertia
1027 2904 1058 2961 et
1081 2898 1242 2963 amoribus
1267 2909 1299 2963 et
1319 2900 1508 2981 arrogancia

199 3002 351 3084 perderet.
395 3000 460 3066 Sed
481 3001 548 3076 hec,
570 3010 604 3063 ut
614 2999 692 3080 dixi,
714 3009 825 3083 postea
837 2998 1025 3063 videbimus.
1069 2999 1117 3062 Tu
1128 3000 1296 3080 Petreium,
1318 3002 1383 3064 aori
1406 3002 1507 3065 virum

199 3104 337 3185 iugenio,
360 3111 391 3166 et
410 3122 611 3183 quoscunque
623 3102 724 3165 literis
738 3110 769 3166 et
783 3102 990 3185 simplicitate
1005 3121 1122 3165 morum
1133 3108 1261 3165 ornatos
1283 3102 1375 3166 unice
1396 3104 1506 3185 diligis

199 3210 230 3269 et
250 3224 301 3267 me
321 3204 425 3287 prima
444 3206 615 3267 amicorum
638 3205 739 3267 classe
760 3202 905 3284 dignaris
928 3202 1069 3285 nihilque
1090 3204 1210 3267 omittis
1232 3223 1354 3284 eorum,
1381 3224 1443 3286 que,
1464 3206 1506 3270 ad

199 3305 347 3370 tuendum
378 3305 552 3368 Matianum
580 3306 754 3387 pertinere,
780 3304 954 3369 videantur}
987 3305 1150 3388 'Explicaa
1180 3305 1242 3369 tuis
1270 3306 1371 3372 literis
1391 3306 1506 3387 Eugei-

199 3408 307 3471 mauni
337 3406 494 3490 promissa
525 3415 556 3470 et
579 3408 775 3471 sentenciam
805 3407 845 3469 de
879 3405 971 3470 domo
1011 3414 1149 3471 nostra..
1184 3407 1310 3471 laudas
1344 3408 1505 3472 Urbicum.

199 3510 266 3590 Ego
287 3510 371 3573 hunc
391 3510 487 3573 talem
509 3527 580 3573 esse
601 3517 693 3591 puto,
722 3509 846 3590 qualem
867 3508 1025 3591 predicar:
1053 3507 1177 3579 fidelem
1204 3517 1235 3573 et
1256 3508 1417 3589 idoneum,
1443 3530 1505 3573 non

197 3620 334 3688 auctum,
364 3631 427 3674 nou
448 3610 640 3689 helluonem,
673 3630 734 3673 nou
762 3618 983 3691 scortatorem,
1012 3631 1073 3673 non
1102 3611 1261 3693 garrulum
1290 3619 1322 3674 et
1352 3612 1504 3694 ineptum.

198 3712 255 3777 Est
268 3714 300 3774 in
320 3732 358 3775 eo
375 3713 502 3794 siguum
521 3712 709 3792 severitatis,
731 3713 836 3777 vultus
852 3714 959 3793 tristis,
984 3714 1199 3777 aerurolentus
1220 3719 1252 3777 et
1273 3712 1403 3777 sobrius.
1443 3715 1505 3797 Pre,

198 3833 233 3878 ae
256 3814 316 3878 fert
342 3813 476 3877 alterum
496 3813 642 3893 Paulum,
676 3813 770 3877 modo
799 3815 931 3878 nonsit
958 3834 1052 3897 sevus
1079 3824 1110 3879 ct
1136 3816 1267 3879 immitis
1295 3824 1325 3879 et
1352 3834 1446 3899 asper
1473 3827 1505 3880 et

197 3916 398 3980 truculentus.
440 3914 532 3992 Quod
553 3915 595 3978 ad
617 3913 693 3996 edes
715 3915 944 3994 attinendum
967 3916 1110 3981 nonnihil
1124 3926 1155 3981 et
1166 3917 1331 3999 insumam,
1354 3925 1387 3980 ut
1408 3926 1503 4001 sante„

198 4024 282 4098 tecte
302 4017 374 4081 sint.
416 4014 575 4081 Officiaha
598 4016 784 4095 valedicito,
811 4036 884 4080 uam
914 4018 968 4098 qui
990 4036 1047 4079 sua
1074 4018 1214 4100 prodigit
1234 4018 1378 4102 maleque
1406 4032 1504 4097 curat,

261 4212 273 4253 ¹
294 4215 346 4269 Ein
368 4216 511 4286 spetieller
530 4217 707 4271 Landsmanu
731 4218 849 4285 Urbane,
870 4219 920 4271 der
941 4218 1080 4287 uugefrihr
1101 4220 1145 4273 eiu
1167 4218 1237 4273 Jahr
1258 4220 1323 4291 lang
1341 4221 1396 4289 (bis
1416 4220 1503 4276 Friih·

193 4296 259 4366 jahr
284 4293 375 4364 1514)
406 4295 539 4349 Famulus
566 4297 611 4351 bei
641 4298 747 4351 Mutian
780 4292 843 4353 aar.
891 4298 1043 4353 Vielleicht
1073 4300 1109 4353 ist
1140 4318 1170 4351 er
1197 4299 1333 4354 identisch
1363 4300 1413 4353 mit
1439 4303 1501 4355 dem

197 4376 339 4444 „Ioannes
365 4375 516 4429 Fastnacht
542 4395 574 4431 ex
595 4378 700 4447 Urba“,
727 4379 845 4432 welcher
871 4376 970 4432 Ostern
998 4380 1073 4432 1512
1102 4380 1131 4432 in
1157 4378 1252 4432 Erfnrt
1278 4380 1503 4435 immutrikuliert

198 4458 299 4509 warde.
340 4455 378 4508 Er
398 4459 471 4509 wire
492 4457 628 4512 demnach
649 4458 694 4511 ein
715 4457 925 4513 Namensvetter
945 4476 998 4514 von
1022 4460 1126 4516 Urhan.

258 4531 272 4573 ²
292 4536 356 4607 Vgl.
376 4535 422 4590 Br.
434 4535 501 4595 244.
