3625 5192
312 339 345 392 16
675 334 936 407 Geschichtaquellen
954 340 1002 393 der
1022 337 1094 394 Pror.
1115 337 1236 396 Sacbsen.

310 491 392 558 aba.
415 489 457 560 ll.
479 508 525 556 an
547 487 683 558 Urban.
820 485 938 554 Gotho
959 487 1058 560 lom.
1080 487 1224 572 (llinlge
1247 488 1327 558 Zelt
1351 507 1416 558 ror
1436 493 1471 562 4.
1490 490 1618 575 April.)

380 612 435 658 dut
456 612 518 658 wird
536 627 597 668 geru
616 611 681 656 nach
701 610 804 655 Breslan
826 608 860 654 im
880 609 1003 655 Interesse
1024 609 1067 656 des
1089 611 1214 670 asportan
1238 610 1378 657 sebreibeo.
1428 613 1460 658 Er
1479 613 1529 658 will
1551 613 1618 659 dem-

310 684 399 730 ntchst
418 683 529 728 leierlieb
552 681 593 742 die
611 681 689 726 Messe
713 681 791 726 lesen.
829 679 936 726 lindliclr
961 679 1035 726 bittet
1066 695 1093 726 er
1118 696 1157 726 um
1181 681 1324 742 srblcnnigo
1352 683 1496 742 Besorgung
1523 683 1618 742 einiger

311 754 441 800 Eiulrtufe.

389 849 600 917 Omatissimo
621 849 705 933 patri
727 848 893 928 Urbano,
916 849 1068 931 magistro
1089 855 1122 912 et
1142 868 1301 914 economo.

390 954 434 1017 lli
456 952 593 1016 domine.
636 952 732 1015 lanus
752 970 871 1016 mecum
894 951 961 1031 egit
981 970 1095 1035 cupere
1122 959 1152 1016 te
1177 972 1232 1036 per
1259 971 1308 1016 me
1330 950 1396 1016 lieri
1418 950 1617 1016 commenda-

309 1057 464 1123 tissimum
484 1049 702 1135 et'Agricolel
725 1062 757 1118 et
777 1053 940 1134 Matthia-2,
966 1054 1040 1116 viris
1062 1055 1218 1134 egregiis,
1248 1053 1477 1136 Nepotianum,
1508 1055 1617 1118 timere

310 1179 398 1239 vero,
430 1155 470 1223 rie
492 1177 541 1222 me
562 1159 651 1238 quasi
674 1157 870 1238 suspicacem
895 1157 984 1238 pueri
1011 1175 1113 1220 mores
1135 1175 1154 1218 a
1175 1155 1343 1220 scribendo
1364 1156 1520 1236 alienent,
1548 1176 1616 1221 curn

308 1263 351 1327 sit
371 1261 535 1326 molestum
558 1278 660 1342 nugas
681 1277 787 1341 agere,
809 1278 939 1341 quarum
962 1267 993 1322 te
1011 1259 1152 1340 peniteat
1173 1259 1375 1340 inposterum.
1408 1258 1476 1340 Ego
1496 1263 1616 1323 tuorum

309 1363 527 1448 amplilioator,
548 1363 590 1425 mi
613 1369 714 1444 pater,
735 1381 790 1424 cur
810 1381 871 1424 noo
894 1362 990 1425 uelim
1011 1380 1090 1430 esse,
1114 1361 1167 1442 qrri
1186 1363 1246 1424 mei
1261 1370 1333 1424 snut
1346 1363 1617 1426 observantissimi

309 1475 341 1530 ct
368 1466 427 1530 tibi
457 1484 521 1528 rem
549 1471 672 1546 gratam
700 1465 803 1527 minus
823 1465 944 1543 lacere,
974 1465 1024 1527 cui
1046 1483 1094 1526 me
1124 1483 1229 1526 carum
1252 1483 1322 1526 esse
1349 1464 1440 1527 scio?
1472 1465 1616 1528 Scribam

309 1570 407 1650 igitur
427 1577 459 1632 et
487 1567 624 1631 scribam
654 1586 776 1629 summa
797 1563 952 1629 tidelitate
979 1573 1026 1644 et,
1048 1565 1073 1628 si
1110 1565 1247 1628 noudum
1279 1565 1401 1646 ingenii
1428 1564 1542 1630 flurrren
1565 1587 1616 1630 ex-

309 1672 406 1750 aruit,
433 1668 636 1751 profundam,
666 1667 749 1749 quod
780 1668 893 1731 intima
914 1668 1015 1731 liniat.
1058 1666 1233 1731 Credebam
1260 1675 1292 1730 et
1320 1687 1388 1731 cum
1416 1688 1513 1733 causa
1540 1669 1616 1733 milri

309 1772 538 1856 persuadebam
557 1778 621 1834 tam
640 1771 733 1850 longe
752 1769 865 1832 abesse
884 1788 1015 1852 puerum
1028 1768 1138 1832 inutile
1151 1769 1218 1833 lore
1234 1776 1266 1832 et
1282 1769 1376 1834 nimis
1392 1781 1618 1852 sumptuosum,

309 1875 474 1959 presertim
495 1893 566 1937 cum
578 1872 739 1952 Neoburgi
754 1879 786 1935 et
804 1873 933 1935 ltrennis
955 1871 1061 1934 sobole
1079 1871 1232 1935 nobilcsa
1248 1871 1354 1936 multis
1366 1873 1617 1953 trequentissime

307 1978 512 2042 celebrentur.
554 1973 638 2052 Quid
661 1973 789 2056 queris?
821 1973 854 2037 Si
878 1973 1159 2038 iuratislaviensis
1187 1992 1242 2037 aer
1268 1980 1299 2038 et
1321 1973 1454 2038 llattlrie
1482 1976 1617 2040 eruditio

307 2079 421 2144 ceteris
450 2078 628 2160 gymnasiis
659 2074 866 2140 anteferenda
901 2083 963 2155 est,
997 2077 1130 2155 tactam,
1164 2076 1246 2157 quod
1284 2084 1315 2140 te
1349 2077 1429 2140 velle
1461 2077 1616 2158 intelligo.

307 2182 448 2260 Scbiloi,
470 2181 562 2244 bomo
585 2178 732 2242 sordidus
752 2186 784 2243 et
805 2179 853 2241 sui
876 2177 1031 2241 commodi
1054 2197 1183 2259 goarus,
1205 2177 1284 2241 nibil
1310 2179 1399 2242 dedit
1422 2179 1512 2259 lano,
1534 2181 1616 2261 quod

307 2290 356 2349 est
377 2282 455 2347 mihi
477 2282 689 2365 peracerbum.
715 2280 804 2370 â€šNam
827 2288 989 2362 empturus
1011 2287 1079 2344 erat
1092 2279 1189 2343 lanus
1207 2280 1340 2343 obsonia
1357 2281 1449 2344 huius
1466 2285 1617 2366 temporis

309 2385 350 2451 ad
363 2405 504 2448 mensam
526 2383 658 2466 opipare
670 2382 856 2466 parandam.
898 2381 991 2445 Dabo
1004 2382 1133 2446 ricariis
1150 2381 1361 2464 pontificalem
1374 2402 1484 2448 cenam
1506 2386 1616 2468 etipse

308 2487 439 2554 solemni
462 2505 548 2550 more
570 2504 728 2548 sacrorum
750 2483 887 2547 cantabo
915 2503 1039 2547 carmen
1060 2483 1197 2549 Domino
1218 2484 1286 2547 Deo
1315 2492 1420 2549 nostro
1449 2488 1614 2570 mysticum

308 2597 340 2656 et
359 2589 509 2655 divinum.
554 2587 664 2668 Neque
687 2585 771 2649 enim
789 2584 880 2648 salva
901 2586 1021 2668 pietate
1042 2584 1161 2650 diutius
1183 2587 1224 2650 ab
1247 2587 1311 2650 aris
1332 2595 1363 2651 et
1387 2587 1525 2652 victimis
1544 2589 1615 2652 abs-

308 2695 409 2758 tinere
439 2709 552 2754 manns
585 2708 728 2774 possum,
758 2689 801 2750 l'ui
829 2695 988 2770 spectator
1016 2688 1118 2768 potius
1162 2708 1255 2771 quarn
1291 2691 1435 2753 conviva.
1478 2691 1613 2754 Visitari

311 2796 445 2860 hostiam
468 2801 599 2870 tantum,
619 2811 680 2855 nou
703 2791 839 2853 tractari
861 2797 895 2852 ut
918 2809 1011 2873 popa.
1042 2790 1135 2853 Nune
1151 2791 1219 2852 Deo
1240 2793 1309 2855 meo
1326 2793 1463 2875 propitio
1478 2794 1615 2873 gustabo

308 2905 415 2980 partes
432 2895 600 2976 Dominice
619 2913 701 2975 eene
721 2900 752 2956 et
773 2911 830 2975 pro
852 2892 936 2955 viris
958 2897 990 2953 et
1009 2890 1167 2956 defunctis
1183 2895 1367 2972 memoriter,
1391 2903 1423 2958 nt
1441 2893 1484 2973 lit,
1507 2897 1613 2961 orabo.

309 3004 433 3082 impera
459 2996 655 3074 domesticis,
688 3003 721 3057 ut
749 2994 856 3058 statim
882 2993 945 3056 tuis
973 2999 1079 3057 emam
1109 2995 1244 3058 nummis
1274 3016 1328 3076 ea,
1360 3015 1423 3079 que
1451 3000 1611 3064 annotari.

309 3102 424 3184 Empta
443 3099 496 3163 die
518 3100 592 3180 lune
613 3096 673 3160 huc
696 3096 869 3177 perierant,
891 3103 925 3158 ut
946 3094 1080 3159 babeam
1102 3097 1134 3158 in
1157 3095 1297 3162 meridie.
1340 3098 1507 3163 Destiuari
1529 3103 1612 3164 enim

307 3203 476 3268 offerendis
502 3201 570 3264 Deo
592 3199 742 3282 primitiis
762 3198 845 3260 diem
858 3197 1046 3260 Ambrosiil.
1081 3197 1147 3261 Hoc
1168 3205 1198 3261 te
1220 3199 1265 3261 ita
1286 3219 1372 3280 rogo,
1394 3209 1427 3264 ut
1449 3201 1613 3267 ardentius

307 3324 420 3387 rogare
441 3322 503 3365 non
526 3302 654 3384 possim.
696 3299 856 3362 Remetiar
877 3296 1015 3361 ollicium
1037 3297 1095 3362 lroo
1117 3309 1202 3364 tuum
1225 3309 1318 3381 grata
1340 3301 1562 3386 benevolentia
1584 3313 1614 3370 et

307 3408 429 3489 praecis,
460 3416 611 3486 quantum
633 3401 830 3482 erogaveris,
857 3401 1023 3463 contestim
1050 3402 1221 3465 retribuam
1274 3402 1363 3467 Nrme
1392 3403 1433 3467 ad
1457 3407 1612 3490 propolas.

308 3509 366 3572 sin
388 3506 511 3589 quartal
534 3504 695 3568 Maluisire
717 3502 749 3564 in
773 3521 856 3564 nora
879 3501 1044 3583 lageuula,
1075 3503 1213 3584 quinque
1236 3506 1340 3584 pondo
1361 3505 1419 3569 dor
1440 3507 1508 3586 lat,
1539 3509 1612 3574 item

305 3612 437 3676 totidem
458 3617 531 3691 gnts
552 3615 640 3670 stors.
684 3603 815 3667 Bainlus
835 3605 876 3666 sit
898 3603 1113 3684 Nepotianus,
1135 3612 1169 3666 ut
1189 3624 1237 3666 me
1259 3605 1389 3684 doceat,
1417 3607 1493 3688 quid
1518 3611 1612 3692 potis-

307 3717 419 3778 simum
444 3731 465 3775 a
489 3731 538 3773 me
565 3708 661 3773 scribi
685 3727 740 3789 pro
762 3725 796 3770 se
818 3706 904 3769 uelit.
957 3706 1082 3769 interea
1104 3704 1308 3790 philosophos
1329 3709 1440 3773 audiat
1461 3709 1612 3777 Adamas.

225 3899 230 3904 Î¹
310 3816 386 3880 Vale
407 3820 439 3879 et
459 3813 558 3876 salve.
600 3811 758 3875 Sitientes.

388 3916 502 3997 (lotbe.
544 3913 726 3977 MDVlXX.

376 4056 557 4103 Harrdscbriltl.
578 4055 598 4100 1Â¹Â¹
608 4053 659 4100 288
679 4055 719 4099 sol.
733 4053 836 4099 tatr-
848 4051 924 4096 latr.

369 4267 380 4308 Â¹
402 4269 465 4342 Vgl.
487 4269 600 4323 Basta
622 4266 647 4322 S.
663 4267 722 4320 365
743 4265 823 4321 dnm.
837 4266 862 4321 l.
903 4265 958 4318 Zur
978 4263 1067 4319 Socho
1088 4267 1140 4336 rgl.
1164 4265 1207 4320 Br.
1222 4267 1280 4320 350
1302 4267 1327 4322 S.
1346 4270 1392 4326 10.

366 4347 380 4389 2
403 4351 465 4425 Vgl.
487 4348 601 4404 Batti
626 4346 653 4406 S.
666 4347 723 4400 363
746 4347 864 4400 Anna.

368 4427 383 4471 3
403 4431 525 4485 Matiane
545 4428 671 4484 Erfurter
691 4427 966 4497 Bevollmiichtigter.

366 4508 380 4552 â´
403 4511 460 4566 Der
480 4509 692 4579 Ambrosiuatag
709 4507 774 4561 fatu
794 4508 845 4562 auf
863 4509 916 4562 den
939 4505 965 4564 4.
988 4507 1076 4577 April.

857 4639 1059 4648 -Î¹-Î¹--Î±--Î±-
