3625 5192
631 429 721 485 Briele
739 427 859 485 Matiana
877 427 939 483 636.
958 429 1018 482 637.

323 583 354 656 ὁ)
377 579 473 643 Nulla
493 579 544 642 bic
565 586 615 643 est
635 579 716 643 ratio
736 580 821 658 talis,
842 597 905 643 non
928 580 1050 644 artibus
1071 579 1141 643 istis

373 681 521 749 Conditio
543 689 627 744 certe
648 681 786 744 rnuneris
805 680 898 745 huius
919 687 1002 760 egat,

377 783 436 848 llic
458 802 552 846 verae
573 782 764 865 lachrymae,
786 801 868 846 nunc
889 783 957 845 vari
979 787 1098 847 incesta
1118 782 1243 846 dolores

375 885 500 949 Plectra
521 892 657 962 movent,
678 903 754 947 vero
775 903 858 947 nunc
879 883 958 948 libel
978 902 1032 947 ore
1051 884 1149 966 quari.

378 987 546 1068 Postquam
569 993 617 1051 est
638 985 771 1067 indigno
791 993 1002 1069 consumptus·
1016 985 1125 1051 lunare
1145 987 1252 1060 liuius,

309 1092 357 1165 llll
377 1088 476 1153 liuius
497 1089 540 1152 ab
560 1088 723 1153 llcssiacis
743 1095 835 1153 notns
856 1086 898 1150 ad
922 1095 1010 1152 astra
1031 1087 1124 1168 iugis,

377 1191 489 1255 Ponite
511 1190 654 1270 lugentes
674 1191 812 1254 ridentia
832 1191 984 1269 carmina,
1004 1190 1123 1268 Musae,

378 1293 499 1356 Sumite
520 1291 676 1356 luctificae
697 1291 802 1356 tristia
823 1295 944 1375 plectra
965 1292 1061 1374 lyrae.

378 1393 461 1458 Ecce
483 1393 567 1457 iacet
586 1398 694 1456 vestra
712 1393 943 1475 lachrymabile
963 1411 1077 1476 corpus
1097 1393 1129 1455 in
1149 1393 1269 1470 umbra,

379 1496 451 1560 Non
472 1495 536 1558 alio
557 1493 660 1577 potuit
680 1503 820 1559 mortuus
840 1495 894 1559 ille
916 1495 997 1577 rapi.

309 1600 358 1675 15)
380 1597 502 1662 Ultima
522 1595 683 1662 clausistis
703 1596 867 1660 morientis
887 1595 1007 1660 lumina
1027 1595 1106 1676 Rufi,

377 1699 462 1764 lnter
482 1699 566 1762 enirn
586 1705 710 1762 vestras
730 1696 846 1760 occidit
867 1696 922 1762 illo
939 1715 1059 1763 manus.

377 1799 438 1864 Hei
459 1799 546 1879 mibi,
567 1798 652 1880 qnod
675 1818 769 1882 quarn
789 1817 847 1863 vos
867 1799 982 1864 animis
1003 1797 1080 1864 dare
1101 1798 1191 1882 saepi
1212 1799 1322 1862 soletis

379 1901 570 1984 Corporibus
590 1902 690 1966 vitam
708 1919 771 1964 non
792 1900 878 1965 datis
898 1919 969 1966 esse
989 1900 1055 1964 din.

385 2003 431 2068 lre
453 2003 532 2067 libet
552 2021 682 2067 nemora
702 2009 734 2066 et
754 2001 854 2066 saltus
874 2021 1046 2085 peragrare
1068 2002 1224 2083 locosque,

310 2108 361 2183 20)
382 2105 498 2170 Omnia
519 2123 601 2186 quae
621 2104 702 2168 Rul'o
723 2114 798 2167 nota
819 2107 907 2168 inere
927 2123 1010 2184 meu;

383 2208 418 2270 ln
440 2207 554 2288 quibus
576 2207 645 2290 ipse
665 2207 740 2270 olim
761 2207 854 2270 vivus
872 2211 1001 2271 cantara
1023 2205 1146 2271 solebat

371 2309 530 2373 'Carmina
549 2307 664 2372 latales
684 2326 783 2390 saepe
804 2313 926 2371 morata
950 2326 1070 2371 manns.

380 2410 539 2488 Carmina,
559 2427 641 2490 qnae
661 2415 745 2472 certe
766 2415 850 2487 tunc,
870 2427 941 2472 cnm
962 2415 1142 2487 moreretur,
1163 2407 1205 2470 ab
1227 2406 1281 2470 illo

384 2511 536 2576 Praxerat
557 2512 640 2574 irata
660 2529 776 2574 saevus
795 2509 911 2594 Apollo
932 2529 1034 2574 manu.

309 2615 360 2691 25)
382 2613 447 2679 Vos
466 2631 590 2695 quoquc
611 2618 686 2676 tnnc
707 2611 819 2676 habuit
836 2614 926 2694 regio
946 2610 1076 2677 diversa
1098 2630 1156 2675 nec
1177 2611 1273 2675 ullam

381 2716 473 2779 Tunc
494 2715 608 2778 misero
626 2720 733 2778 vestra
754 2734 833 2780 voce
853 2712 971 2779 tulistis
992 2733 1092 2797 opem.

384 2817 535 2901 Spargite
554 2815 650 2882 inane
673 2817 735 2881 viri
754 2834 867 2899 corpus
889 2815 1073 2880 lustralibus
1095 2815 1199 2894 undis,

382 2919 554 3001 Exangnes
574 2917 696 3000 liquido
716 2937 786 2982 rore
806 2918 914 2982 lavate
932 2936 1042 2999 genas.

380 3019 445 3085 Sed
466 3038 526 3084 nec
545 3038 626 3101 opus
645 3019 738 3086 vobis
758 3019 880 3084 deterre
900 3017 1039 3083 cadaver
1059 3019 1103 3083 ad
1123 3017 1226 3082 undas

310 3124 362 3199 30)
381 3121 451 3186 Nec
471 3122 591 3186 vitreas
612 3120 683 3203 puri
704 3139 855 3202 quaerere
874 3121 970 3185 fontis
993 3139 1101 3202 aquas.

382 3224 499 3287 Nostra
520 3223 642 3286 dabunt
661 3223 769 3304 riguos
791 3221 1023 3306 lachrymarum
1046 3222 1165 3286 lumina
1185 3221 1287 3284 iontea

386 3325 433 3388 Ex
456 3324 572 3389 nostris
592 3323 691 3390 oculis
712 3322 870 3388 Phocidos
890 3323 977 3388 unda
998 3321 1082 3388 fluet

383 3426 476 3490 Flere
497 3426 584 3502 libet,
605 3425 691 3506 quali
710 3423 835 3488 ductum
857 3423 984 3490 flevisse
1006 3424 1109 3488 Biana

383 3527 532 3592 Carmine
552 3526 736 3591 Trinacrius
755 3526 894 3591 creditur
917 3533 991 3590 ante
1011 3545 1116 3590 senex.

309 3630 359 3706 35)
381 3628 502 3691 Tristia
517 3627 662 3710 lugentes
683 3627 822 3711 suspiria
843 3626 957 3705 ducite,
980 3626 1099 3710 sylvae,

384 3729 628 3811 Qualescunque
647 3727 922 3794 videntflessidos
943 3746 1021 3792 arva
1041 3728 1169 3812 plagae.

385 3831 486 3912 Nunc,
507 3849 638 3894 nemora
657 3837 689 3894 et
708 3829 816 3905 saltus,
839 3829 966 3894 miseris
988 3829 1105 3894 ululate
1124 3830 1268 3912 querelis,

386 3933 479 3996 Nnnc
500 3931 680 4014 lachrymas
704 3931 821 3997 babeat
840 3933 1003 4013 quaelibet
1023 3931 1122 3998 herba
1141 3951 1225 3998 suaa
1325 3917 1328 3925 ¹

387 4032 547 4098 Tristibus
565 4031 636 4106 heu,
656 4035 769 4098 moesti
791 4033 892 4113 flores,
914 4033 1034 4116 spirate
1055 4035 1222 4118 corymbis,

314 4137 364 4213 40)
385 4134 588 4218 Lugubribns
608 4135 735 4199 iaceant
754 4135 824 4199 lilia
844 4135 940 4200 mista
961 4137 1050 4201 rosis.

389 4237 490 4310 Nunc,
511 4236 703 4320 Hiacynthe,
724 4244 815 4302 sonet
838 4243 894 4300 tna
914 4237 1030 4318 littera,
1050 4237 1172 4302 scilicet
1193 4239 1224 4301 ai
1246 4239 1289 4314 ai,

385 4339 458 4406 Non
481 4346 586 4404 tamen
608 4338 672 4403 ista
690 4339 769 4403 satis
791 4337 887 4420 plena
909 4338 1040 4420 querela
1059 4339 1127 4402 fnit.
1202 4393 1203 4398 ,

386 4441 472 4522 Ergo
492 4447 584 4506 notas
600 4440 677 4504 folio
697 4441 803 4524 plures
822 4441 962 4505 inscribe
983 4440 1120 4522 rubenti,

384 4543 526 4626 longina
546 4551 582 4607 ut
600 4543 703 4626 possit
719 4543 827 4606 littera
845 4542 966 4624 scripta
986 4543 1084 4624 queri.

314 4646 365 4718 ab)
386 4644 514 4712 Occidit
535 4644 667 4727 indigno
688 4644 831 4709 sublatus
852 4646 962 4710 unere
982 4642 1090 4725 Rnins,

1235 4697 1291 4788 au*
