3625 5192
302 351 319 407 2
674 352 934 423 Geschichtsquellen
957 354 1005 408 der
1022 352 1097 407 Pron.
1115 351 1239 407 Sachsen.

300 521 357 586 pro
378 498 548 566 concordia
557 508 732 566 curatorum
744 508 775 567 ct
790 502 1036 567 mendicantium
1060 500 1196 565 excudit.
1237 499 1339 577 eram
1363 499 1415 563 ubi
1439 498 1482 563 ab
1503 498 1606 563 eovix

299 605 428 669 tandem
448 606 616 688 impetrare
638 606 734 687 potui,
757 606 893 669 unanime
917 612 989 668 tuae
1009 604 1241 687 praestantiae,
1263 602 1312 666 vir
1332 602 1448 666 virtute
1468 607 1501 666 et
1521 603 1606 664 lama

299 708 468 785 excellens,
490 707 613 771 mittere
633 706 774 782 decrevi,
796 711 830 770 ut
851 709 877 770 si
900 726 970 771 earn
993 706 1074 770 lectu
1097 706 1226 787 dignam
1249 703 1451 783 indicaveris,
1473 703 1607 767 caeteris

299 809 475 891 quibusque
496 808 688 873 doctissimis
709 808 868 892 patribus,
897 808 1012 890 quibus
1032 808 1131 870 Ronra
1152 806 1248 891 plena
1270 812 1333 884 est,
1362 806 1513 888 precipue
1534 824 1607 867 vero

297 911 571 976 reverendissimis
587 912 723 976 dorninis
744 910 988 975 rneisSeuensi1
1010 918 1042 974 et
1055 908 1292 973 Alexandrino2
1315 907 1531 972 cardinalibus
1552 908 1606 970 iar·

298 1014 409 1096 partiri
432 1014 541 1095 possis.
577 1013 664 1076 Vale.

379 1116 426 1179 Ex
448 1116 592 1181 Bononia
612 1114 769 1179 Kalendis
789 1114 890 1179 Iuniis
912 1134 995 1178 anno
1017 1113 1135 1179 Christi
1157 1112 1361 1178 MCCCCCM.

368 1239 498 1286 Gedruckt
516 1239 555 1285 in:
594 1236 733 1285 Concordia
753 1244 894 1283 curatorum
916 1232 920 1297 Ι
941 1241 966 1283 et
984 1237 1089 1283 fratrmn
1108 1236 1311 1283 mendicantium.
1327 1230 1333 1288 Ι
1348 1235 1455 1282 Carmen
1469 1235 1605 1295 elegiacum

297 1311 451 1371 deplangens
470 1308 617 1355 discordiam
643 1313 668 1354 et
691 1306 729 1353 dis
744 1301 749 1368 Ι
764 1307 904 1354 sensionem
924 1307 1116 1353 christianorum
1143 1306 1311 1365 cuiuscunque
1335 1311 1416 1351 statas
1439 1304 1500 1364 dig}
1517 1306 1605 1351 nitatis

297 1387 342 1427 arnt
360 1378 525 1439 professionis.
546 1394 565 1425 s.
576 1379 592 1425 l.
603 1382 628 1425 et
646 1392 668 1425 a.
688 1371 722 1423 4ο
743 1377 774 1423 10
792 1378 895 1424 Blattar.
927 1377 975 1423 Die
993 1377 1059 1423 rnaclr
1076 1376 1257 1436 Kampsclvnlte
1279 1374 1330 1433 (dis
1348 1376 1503 1421 Universitilt
1521 1375 1606 1421 Erinrt

297 1452 324 1497 in
353 1450 432 1496 ibrem
460 1449 632 1495 Verlrdltnisse
664 1462 694 1494 an
724 1448 780 1495 dem
807 1448 986 1493 Humanismus
1013 1447 1064 1493 und
1095 1446 1140 1493 der
1163 1446 1334 1492 Reformation
1362 1445 1377 1492 2
1400 1446 1496 1493 Tlreile.
1535 1446 1607 1491 Trier

300 1519 488 1569 raus—1860.
529 1520 574 1565 Th.
589 1519 608 1577 1,
621 1519 646 1566 S.
661 1516 713 1573 77.)
732 1518 790 1564 sehr
815 1519 911 1565 saltone
934 1516 1027 1564 Schriit
1050 1517 1147 1562 enthlilt
1171 1511 1196 1572 Ι)
1222 1515 1409 1563 aur-atvs
1439 1516 1513 1562 einen
1537 1515 1608 1561 Brioi

297 1590 341 1637 das
356 1589 437 1637 Jacob
458 1588 627 1649 Wimplveling
645 1603 678 1634 arr
698 1588 880 1648 „Christolerus
899 1587 1045 1634 Basiliensis
1064 1587 1184 1633 ecclesiae
1202 1582 1342 1634 Antiates.“
1380 1586 1405 1641 2)
1427 1585 1494 1633 aar
1513 1601 1605 1632 unsern

296 1660 372 1707 Briel.
422 1658 447 1718 8)
473 1658 533 1707 aar
547 1684 562 1691 -
576 1658 637 1705 Bor
661 1658 702 1704 die
726 1658 897 1717 Abhandlung
924 1658 967 1703 dos
989 1657 1100 1717 Wigand
1122 1656 1261 1704 Trebellius
1290 1657 1353 1703 iiber
1379 1657 1420 1702 die
1443 1655 1606 1702 Feindsebslt

297 1730 420 1777 arviscben
442 1729 612 1777 denOrdens·
629 1727 916 1787 undWaltgeistlichen.
945 1727 972 1784 4)
991 1724 1169 1774 Bor-Bbv.
1198 1727 1228 1773 In
1247 1726 1395 1773 discordiam
1410 1726 1606 1772 Christianorum

297 1800 408 1848 omniunt
426 1815 474 1860 gen
492 1796 495 1857 Ι
512 1800 587 1861 tium,
610 1798 720 1845 omniurn
739 1804 861 1857 statuum,
886 1798 962 1845 immo
989 1798 1064 1844 etiam
1089 1812 1209 1858 gymnoso
1225 1793 1229 1858 Ι
1246 1798 1385 1856 phistarnm
1404 1801 1431 1843 et
1451 1795 1606 1843 Ecclesiasti-

298 1885 381 1917 corum
405 1870 558 1930 conquestio.
599 1870 653 1929 Bap
673 1864 678 1929 Ι
699 1868 772 1915 tistae
795 1868 876 1928 Crispi
903 1868 1031 1914 Budorini.
1079 1866 1108 1913 18
1133 1867 1272 1914 Distichen.
1319 1865 1344 1923 5)
1369 1868 1442 1913 de.
1485 1866 1606 1927 Dydinrns

299 1940 483 2001 Ornitbotyras.
521 1938 561 1987 ad
580 1938 731 1985 christianas
751 1942 775 1985 et
794 1938 910 1985 laeticiae
928 1938 1057 1998 religionis
1075 1938 1223 1984 secerdotes.
1264 1937 1294 1983 12
1315 1938 1454 1984 llistieben.

855 2150 1057 2157 -..ὑ-κ..-

298 2252 759 2326 Ι.Μ.ιιιιωοιι.ιιοιωιιιιιι.
1231 2205 1605 2319 carneunaoaen

366 2378 463 2426 Mutian
483 2378 559 2426 bittet
584 2378 632 2426 den
655 2394 696 2425 nrn
725 2379 765 2427 die
784 2379 887 2439 jiingste
905 2377 1022 2437 Ansgabe
1045 2378 1088 2424 das
1112 2376 1200 2424 Raban
1223 2377 1373 2423 verdienten
1397 2375 1532 2434 Roueblin,
1562 2375 1606 2420 der

296 2450 443 2496 lroilentlicb
462 2449 521 2495 bald
539 2450 583 2495 das
601 2452 683 2509 lingat
701 2450 883 2509 versproobsne
898 2448 978 2495 Werk
995 2448 1110 2495 beanden
1128 2447 1198 2508 vvird,
1217 2462 1257 2493 nnr
1276 2446 1537 2493 ssineFrenndsebnit
1556 2444 1606 2490 trud

298 2520 403 2579 Angabe
421 2519 466 2567 der
483 2519 567 2566 bislrer
585 2535 635 2567 von
654 2520 705 2566 ihm
726 2519 960 2579 heransgegebenen
980 2520 1085 2565 Bilcher.

376 2618 576 2681 Mutianus
597 2617 721 2681 Rufus
743 2617 853 2682 doctor
877 2617 1015 2681 loanni
1040 2616 1253 2679 Renchlin³
1274 2614 1418 2678 salntem.

376 2720 446 2783 Emi
474 2719 661 2783 Rabauum⁴
685 2724 785 2791 tuum,
817 2719 1044 2783 Germanorum
1071 2718 1299 2797 eruditissime,
1325 2722 1411 2779 tunna
1437 2716 1504 2778 iure
1528 2715 1606 2795 dixi,

297 2844 389 2906 quern
409 2828 440 2887 et
460 2823 536 2887 urbs
558 2830 612 2886 tna
634 2822 739 2905 patria
761 2822 851 2903 quasi
873 2821 914 2884 ab
937 2820 1048 2885 inieris
1075 2820 1237 2884 revocavit
1264 2826 1296 2882 et
1317 2823 1349 2881 tu
1372 2818 1454 2882 bene
1483 2823 1607 2882 tornato

297 2926 433 2990 naurire
455 2926 548 3007 gravi
568 2934 739 3005 sanctoque
762 2930 906 3007 pnenrate
928 2924 1103 2987 illustrasti.
1149 2922 1322 2986 Videbatur
1342 2921 1418 2984 mibi
1442 2926 1532 3004 pater
1554 2920 1607 2983 ille

296 3029 491 3107 postliminio
514 3028 730 3091 renunciasse:
753 3028 799 3089 ita
815 3026 988 3099 consenuit,
1010 3028 1054 3088 ita
1077 3044 1230 3106 nvrsqunnr
1252 3024 1292 3088 de
1314 3042 1352 3085 eo
1372 3022 1491 3086 mentio
1512 3012 1607 3085 habe-

296 3129 397 3195 batur.
449 3128 550 3194 eredo
577 3128 677 3193 l'aoies
704 3127 810 3211 operis
841 3146 861 3190 a
887 3124 1125 3191 transcribendo
1155 3125 1303 3190 librarios
1335 3124 1493 3189 deterruit.
1542 3122 1605 3188 Sed

296 3290 498 3301 *nr-

297 3401 328 3455 in
349 3400 422 3456 Bern
445 3400 529 3454 1509.
551 3400 590 3455 im
610 3400 715 3456 Archiv
746 3399 791 3455 fdr
815 3400 980 3455 Frauklarts
1002 3400 1170 3456 Geschicbte
1188 3404 1245 3456 nnd
1267 3402 1367 3455 Kunst.
1409 3398 1487 3454 Neue
1509 3400 1605 3470 Folge.

299 3482 323 3536 6.
336 3479 424 3536 Band.
446 3478 471 3535 S.
486 3480 600 3535 1-35.
633 3482 726 3537 Uebar
746 3482 799 3535 den
811 3481 919 3553 'Priigcr
939 3483 987 3535 des
1008 3480 1133 3536 offenbar
1154 3481 1299 3553 fingierten
1311 3481 1434 3536 Nannens
1446 3478 1604 3533 Trebellius

300 3562 373 3617 habe
392 3562 437 3616 ich
465 3568 541 3616 sonet
562 3562 653 3615 nichte
674 3562 814 3616 ermitteln
840 3560 966 3632 konnen,
993 3562 1029 3616 da
1054 3562 1099 3616 dia
1121 3562 1181 3617 Zeit
1204 3563 1294 3617 seinee
1316 3560 1442 3615 Erfurtcr
1464 3560 1607 3613 Studiums

298 3642 379 3697 nicht
398 3640 523 3697 bekannt
532 3641 569 3696 ist
587 3642 644 3695 und
661 3640 744 3696 somit
759 3659 809 3696 aris
822 3643 874 3695 den
887 3642 1155 3698 Universitiitsacten
1170 3643 1230 3696 sicli
1244 3642 1336 3696 nicbta
1346 3639 1525 3705 Bestirqmtes
1547 3650 1606 3693 ent·

301 3722 420 3777 nehrncn
433 3721 510 3779 idest.
552 3722 616 3778 Von
627 3722 732 3776 Mensel
751 3722 876 3793 dagegen
890 3722 1033 3777 berichten
1057 3723 1207 3790 dieselben,
1227 3724 1289 3777 dass
1308 3714 1532 3779 calatenissa
1555 3722 1606 3774 im-

301 3801 493 3873 matrilruliert,
516 3800 593 3857 1450
615 3800 776 3857 Baenlariua
797 3802 853 3857 und
876 3801 954 3855 1554
973 3802 1106 3873 Magister
1124 3804 1272 3873 geworden
1293 3803 1342 3857 eei.

363 3896 375 3939 ¹
397 3899 456 3955 Der
475 3902 585 3971 spiitere
597 3900 683 3971 Papst
694 3898 762 3954 Pina
774 3898 828 3966 ΙΙΙ,
849 3899 946 3955 deseen
966 3898 1056 3954 Name
1068 3899 1231 3955 Franciscus
1243 3898 1428 3955 Pieoolomini
1447 3917 1511 3955 vvar.

360 3992 374 4037 2
394 3997 449 4051 Mir
468 3998 661 4053 andorswoher
683 3996 762 4053 nicht
780 3996 913 4053 bekannt.

362 4090 376 4135 ³
396 4095 491 4151 Uebar
512 4096 561 4149 ibn
582 4095 738 4166 vergleicha
760 4096 793 4149 L.
811 4094 931 4167 Gciger:
953 4095 1065 4150 dobann
1074 4094 1220 4151 Reuohlin.
1261 4095 1433 4153 Seinlcben
1455 4099 1511 4151 nnd
1529 4097 1606 4152 seina

301 4174 420 4245 Werke,
446 4176 563 4247 Leipzig
581 4174 655 4229 1871
691 4177 748 4230 und
773 4175 935 4231 desselben:
964 4174 1077 4229 Johann
1100 4175 1251 4231 Renchlins
1270 4176 1476 4233 Briefweehsal.
1503 4178 1531 4231 in
1557 4178 1607 4231 der

300 4255 463 4311 Bibliothelr
472 4256 521 4309 des
536 4256 737 4311 litterarischen
746 4256 865 4313 Vereins
886 4256 914 4308 in
928 4253 1073 4325 stuttgart
1095 4254 1224 4310 CXXVI.
1257 4256 1406 4329 Tiibingen
1421 4256 1506 4311 1875.
1547 4256 1605 4310 Dae

298 4338 400 4391 leztere
414 4335 502 4391 Werlr
524 4337 561 4389 ist
581 4337 667 4389 leider
687 4336 852 4391 atellenvveis
871 4334 991 4391 beinahe
1013 4336 1215 4392 unbrauobbar.

360 4428 552 4505 ⁴Magneucii
580 4434 687 4488 Rabaui
702 4430 714 4505 ΙΙ
729 4434 819 4488 Mauri
845 4432 888 4487 De
918 4432 1063 4487 Laudibus
1090 4440 1185 4488 sancte
1210 4431 1307 4489 Crucis
1321 4429 1334 4507 ΙΙ
1348 4452 1418 4504 opus
1445 4434 1605 4488 erudioione

299 4531 379 4568 versu
401 4530 537 4585 prosaque
551 4508 565 4589 ΙΙ
579 4510 734 4569 mirificum.
776 4514 833 4569 uon.
854 4514 892 4567 85
907 4512 948 4567 Bl.
968 4512 1135 4586 Plrorqheirn
1153 4515 1182 4567 in
1201 4514 1317 4569 aedibus
1331 4514 1440 4569 'l'honre
1458 4514 1604 4568 Anshelmi

227 4671 230 4677 Ι
302 4592 403 4649 Martio
424 4588 437 4669 ΙΙ
457 4612 558 4649 mense.
607 4593 644 4651 M.
659 4593 693 4647 D.
710 4594 760 4648 ΙΙΙ.
781 4591 839 4650 Sub
868 4594 970 4648 illustri
986 4588 1000 4668 ΙΙ
1019 4595 1146 4665 principe
1174 4592 1347 4650 christoforo
1372 4592 1500 4651 Badensi.
1548 4594 1606 4649 Der
