3625 5192
325 352 377 406 284
696 353 956 423 Goschichtsquellen
973 356 1023 409 der
1041 356 1114 410 Prov.
1136 356 1259 412 Sachson.

325 503 430 569 diores
452 503 576 583 blattis,
598 505 674 583 situ,
701 503 785 569 caric
807 504 1009 585 castigatoria
1030 504 1179 569 Erasmil
1199 523 1298 589 opera
1318 504 1469 589 depulsis.
1510 504 1635 569 Tantus

326 614 464 671 metam
491 628 560 671 rare
587 608 775 671 cruditionis
802 607 905 689 fulgor
935 606 1094 688 legentem
1121 607 1307 693 stupefecit,
1336 606 1472 671 utillud
1498 606 1634 671 celebris

324 712 438 793 pocte2
453 709 662 773 exclamando
676 718 813 773 nurtuum
828 729 998 774 sumerem:
1021 709 1091 789 „Ne
1102 706 1235 789 ualeam,
1257 710 1282 773 si
1300 709 1459 785 nontotis,
1480 708 1633 786 Deciana,

325 811 437 877 diebus
465 818 496 874 et
520 822 622 875 tecum
650 811 723 875 totis
745 811 891 875 noctibus
912 830 982 875 esse
1003 812 1128 877 velim.“
1174 811 1300 875 Placuit
1316 812 1389 895 ipsa
1408 810 1487 875 mihi
1506 809 1633 893 phrasis

215 978 217 983 .
325 921 357 977 et
381 912 473 977 stilus
496 912 728 993 obiurgatorius
758 912 950 977 extimulans
977 912 1019 978 ad
1048 914 1129 977 hene
1157 912 1283 977 vivendi
1311 913 1472 979 rationem.
1521 912 1633 993 Itaque

325 1016 419 1080 salsis
440 1015 504 1081 illis
525 1014 811 1079 declamationibus
834 1015 971 1097 elogium
992 1014 1172 1080 huiusmodi
1193 1014 1323 1081 attexui.

567 1156 730 1238 Quemque
750 1156 853 1221 colore
873 1176 939 1232 suo,
961 1157 1091 1221 mordax
1110 1136 1275 1240 ‘lapdmp'a,
1297 1156 1413 1241 pingis,

565 1258 635 1323 Non
659 1266 762 1321 tamen
786 1258 944 1323 illecebris
961 1278 1121 1323 murmura
1141 1265 1253 1324 sancta
1273 1266 1389 1324 carent.

570 1361 653 1425 Utile
676 1360 786 1442 deligit
806 1380 960 1442 generosa
983 1362 1114 1426 licentia
1133 1362 1238 1426 calcar
1395 1432 1399 1437 ,

566 1464 606 1529 Et
625 1464 760 1528 stimulis
779 1463 898 1547 gaudet
920 1482 1008 1529 mens
1031 1464 1113 1528 hona
1135 1469 1251 1547 puncta
1273 1463 1345 1528 tuis.

408 1604 474 1668 Hoc
496 1624 556 1685 ego
577 1606 789 1670 testimonium
813 1607 852 1669 de
873 1608 973 1689 primo
984 1606 1181 1689 potissimum
1193 1611 1276 1669 tomo
1288 1604 1442 1689 perhibui.
1476 1605 1636 1669 insecun-

324 1705 399 1769 dum
429 1727 503 1770 vero
532 1708 621 1771 retuli
657 1708 745 1772 aliud
771 1710 969 1790 epigramma
995 1708 1170 1772 delectatus
1201 1706 1351 1772 videlicet
1376 1713 1452 1769 nota
1476 1704 1632 1769 censoria.

328 1808 361 1870 ln
390 1808 492 1891 prima
517 1806 711 1891 caparasima
731 1811 782 1871 καὶ
803 1802 1065 1895 παραδειγματικᾶ
1088 1830 1149 1873 non
1172 1808 1241 1873 sine
1263 1808 1404 1892 satpuica
1422 1807 1635 1871 mordacitate

325 1911 550 1993 complectitur.
594 1912 628 1975 lu
650 1912 787 1977 secundo
811 1913 968 1978 mordicus
989 1913 1101 1995 arripit
1123 1912 1273 1976 Erasmus
1292 1911 1398 1976 nescio
1419 1930 1512 1993 qrrem
1530 1908 1637 1991 plagi-

324 2012 433 2076 arium.
476 2012 610 2078 Carmen
629 2022 772 2087 nostrum
794 2035 850 2097 pro
873 2015 1062 2079 Erasmiana
1082 2032 1215 2079 censura
1234 2013 1282 2077 sic
1298 2012 1408 2077 habet:

566 2156 649 2221 Hira
671 2156 760 2239 probi
784 2156 980 2237 celebrisque
1001 2154 1092 2220 dedit
1112 2173 1245 2219 censura
1265 2153 1382 2218 Batavi

566 2256 665 2322 Multa
686 2257 762 2323 viris
784 2258 885 2322 doctis
904 2257 1078 2338 commoda,
1098 2257 1199 2320 multa
1219 2257 1291 2338 piis.

566 2359 714 2443 Turpiter
735 2359 862 2424 errabat
883 2359 991 2424 titulos
1011 2360 1162 2424 mentitus
1183 2356 1331 2424 honestos

565 2460 763 2525 Dalmaticas
783 2462 865 2525 intcr
885 2482 962 2545 grex
980 2462 1104 2526 alienus
1125 2481 1209 2526 oves.

476 2570 491 2601 ·
566 2564 837 2647 Exactum-peous
859 2572 1023 2629 externum
1043 2584 1100 2629 cen
1121 2563 1252 2647 sepibus
1273 2560 1357 2638 altis,

566 2667 616 2731 Ne
636 2673 760 2750 repetat
780 2666 915 2745 caulam,
937 2668 1049 2747 cingis,
1071 2666 1212 2746 Erasine,
1234 2670 1326 2729 torno.

407 2808 439 2870 ln
463 2808 541 2871 duros
562 2801 670 2890 τόμους
691 2808 822 2871 iunctim
845 2806 903 2873 hoc
925 2807 1016 2872 modo
1038 2808 1107 2873 lusi.

565 2951 654 3015 Alter·
676 2949 772 3013 habet
793 2970 893 3014 mores
915 2957 1054 3015 sanctos:
1076 2969 1178 3014 moros
1199 2956 1301 3013 toruus
1322 2947 1402 3011 alter

568 3053 644 3117 Cum
667 3071 725 3117 sua
747 3054 789 3116 sit
810 3052 946 3185 Cyprio·
949 3050 1058 3115 danda
1078 3051 1229 3116 merenda
1248 3050 1353 3115 bovi.3

407 3194 510 3259 Voluit
542 3198 743 3261 Aristarchus
775 3202 897 3277 noster,
929 3204 963 3261 ut
993 3196 1147 3261 haberent
1172 3197 1206 3259 in
1236 3194 1336 3260 tercia
1365 3193 1468 3258 clause
1499 3192 1638 3257 secundi

324 3299 399 3361 tomi
433 3298 553 3362 similes
586 3299 677 3363 labra
708 3297 877 3363 lactarent
938 3298 1077 3379 Scribis,
1108 3298 1226 3379 optime
1259 3296 1384 3377 Lange,
1424 3295 1638 3378 Calpurnium

326 3400 516 3463 Lanarium⁵
541 3400 599 3464 tibi
624 3421 688 3464 non
717 3402 911 3465 satisfacere.
960 3401 1091 3481 Nescio,
1119 3398 1194 3481 qnid
1221 3398 1309 3463 dicat
1336 3399 1368 3461 in
1390 3396 1520 3462 scholiis
1541 3396 1639 3461 Desi-

324 3501 431 3565 derius
452 3509 566 3565 noster.
600 3504 712 3584 Neque
733 3504 817 3567 enirn
839 3502 903 3567 vidi
927 3504 1057 3568 tercium
1079 3510 1205 3583 tomum,
1226 3501 1257 3565 in
1279 3518 1340 3582 quo
1361 3498 1477 3579 legitur
1495 3498 1641 3582 epistola
1669 3548 1683 3571 .

325 3603 508 3687 Hieronymi
538 3604 580 3668 ad
605 3605 779 3686 Magnum6
805 3612 962 3671 oratorem
993 3593 1213 3669 urbis‘Itome.
1263 3602 1352 3667 Solet
1379 3609 1508 3665 sanctus
1541 3610 1640 3683 pater

228 3778 234 3789 Ι
325 3704 405 3771 fictis
427 3706 471 3769 uti
494 3708 683 3773 nominibus.
726 3708 809 3772 Hinc
828 3709 896 3772 nati
918 3714 991 3771 sunt
1011 3706 1241 3785 Abundantius,
1260 3704 1443 3786 Lupicinus,
1462 3703 1642 3783 Gmnnins,

326 3804 493 3871 Corocotta
526 3817 557 3873 et
586 3808 707 3892 reliqua
736 3812 861 3891 generis
893 3809 1045 3875 eiusdem.
1096 3807 1232 3873 Habitus
1260 3806 1413 3869 orationis
1445 3803 1642 3869 Erasmianc

680 3992 691 4009 ¹·
724 3992 737 4023 e

387 4029 398 4071 ¹
420 4033 483 4105 vgl.
507 4034 618 4089 Brutis
640 3973 765 4106 Anrhfss,
787 4036 843 4091 56⁷
867 4036 1010 4092 undosa.
1066 4035 1165 4089 Bisher
1193 4050 1283 4088 waren
1310 4050 1362 4087 nur
1390 4032 1435 4087 die
1458 4032 1517 4087 drei
1540 4039 1639 4088 ersten

326 4114 423 4168 Banna
444 4116 493 4169 der
514 4113 779 4189 Gesamnrtausgabc
801 4119 973 4173 crschicncn.
1321 4162 1324 4170 ,

386 4189 399 4232 ²
421 4194 532 4249 Martial
546 4194 583 4265 ll,
605 4195 631 4250 5.
654 4196 751 4255 1-2,
855 4193 869 4235 3
889 4197 955 4269 vgl.
977 4197 1112 4250 Erasmus
1133 4194 1242 4265 Adsgia
1262 4211 1290 4263 p.
1301 4190 1368 4250 352.

386 4270 484 4345 ⁴Vgl.
507 4274 642 4330 Erasmus.
664 4275 771 4349 indagia
792 4296 810 4347 p
831 4276 897 4330 344.
939 4277 991 4331 Dic
1011 4276 1164 4331 Redeusnrt
1185 4273 1272 4328 findet
1289 4272 1349 4327 sich
1369 4272 1399 4326 in
1421 4273 1512 4327 einern
1537 4272 1641 4331 Bricfe

326 4355 374 4407 ‹lcs
395 4354 581 4425 Hieronymus
601 4374 637 4410 an
658 4354 843 4411 Chromatius.

389 4428 402 4471 5
424 4433 482 4489 Dcr
503 4434 591 4489 Name
614 4437 840 4491 wahrscheinlich
862 4455 912 4491 aus
933 4434 1030 4491 Cicero
1052 4436 1095 4490 De
1116 4432 1218 4489 officiis
1237 4432 1289 4489 ΙΙΙ.
1318 4435 1363 4494 16,
1386 4434 1428 4488 65
1446 4432 1585 4489 entlahnt

387 4510 400 4549 ⁶
421 4514 464 4567 An
487 4515 535 4568 ilm
556 4516 594 4569 ist
613 4517 662 4571 der
681 4536 711 4571 so
732 4517 913 4571 interessante
925 4516 1006 4571 Brief
1024 4517 1094 4572 iiber
1113 4514 1158 4569 die
1173 4513 1337 4591 Benutaung
1358 4514 1642 4594 undNachshmung

326 4594 375 4650 dor
391 4592 561 4650 klassischcu
581 4594 781 4651 Schriftstcllnr
801 4597 945 4671 gerichtct
