3625 5192
312 329 366 382 336
693 327 953 398 (leschiclrtsquellen
970 331 1020 384 der
1035 328 1112 383 Prov.
1131 330 1254 388 Sacbsen.

394 476 424 541 S.
468 475 580 559 Neque
601 477 726 561 postulo
747 496 849 559 neque
877 477 986 558 exigo,
1012 478 1097 560 quod
1117 477 1283 542 Hallensil
1312 464 1354 540 sit
1381 477 1622 544 incommodum.

313 577 500 641 Remmiam
519 572 636 661 magno
657 598 761 643 emere
783 599 846 642 non
867 580 998 661 expedit
1019 587 1050 645 et
1071 580 1207 663 pictores
1229 598 1287 645 sua
1307 579 1498 643 simulachra
1519 582 1623 662 utqui

315 681 453 743 maxime
475 699 550 743 cara
571 680 699 745 babent.
741 681 775 745 Si
803 681 901 763 igitur
923 683 1058 745 amissus
1085 690 1133 746 est
1154 682 1390 766 Melampygus,
1421 683 1462 746 sit
1487 682 1623 746 amissus

312 800 384 845 eum
405 802 462 845 suo
482 782 573 864 nigro
595 782 718 865 podice.
759 781 830 863 Ego
850 792 959 846 contra
977 784 1188 849 iniuriososet
1200 792 1385 865 arrogantes
1397 784 1518 848 vicinos
1539 784 1622 847 vole-

237 942 240 945 .
314 884 387 949 bam
412 882 579 948 Herculem
606 890 761 963 statuere,
791 891 825 960 ut
847 884 1000 948 admoniti
1030 886 1063 948 in
1084 884 1320 969 Melampyguru
1346 903 1408 949 non
1438 883 1621 950 inciderent.

315 984 400 1067 Lege
429 984 515 1067 apud
544 985 842 1068 paremiograpbum
873 988 925 1051 lbl.
954 990 1026 1051 118:
1058 986 1107 1051 Ne
1137 989 1170 1051 in
1199 987 1435 1069 Melampygum
1467 986 1622 1050 incidasl.

313 1086 398 1151 Olim
427 1087 708 1152 carteromacbus³
739 1086 891 1152 beneficio
919 1088 993 1153 Aldi
1022 1088 1149 1153 edocuit
1175 1108 1225 1153 me
1252 1090 1346 1151 istam
1379 1087 1518 1151 l'abulam
1548 1096 1623 1150 ante

313 1188 546 1253 Philostratum.
587 1189 747 1254 Notabilis
769 1199 817 1256 est
841 1196 873 1255 et
893 1192 974 1255 scitu
998 1190 1105 1273 digna.

666 1324 702 1386 h
717 1331 851 1405 quatuor
870 1323 1024 1388 lateribus
1044 1323 1169 1389 tabelle.

617 1425 729 1508 Supra.
770 1424 899 1489 Herculi
921 1424 1089 1490 Musarum.

620 1526 711 1589 lnt'ra.
756 1528 869 1590 lterum
889 1526 1150 1609 tranquillitatem
1171 1525 1273 1589 video.

616 1631 643 1691 A
664 1612 797 1693 deutra.⁴
825 1628 1096 1717 Frensoecipitio
1118 1627 1233 1709 priore

619 1731 807 1795 Asinistra.
848 1724 957 1801 Αὐτοϊς
979 1726 1103 1811 ἀρέσκει.

395 1861 446 1927 hu
468 1860 619 1926 iudicium
640 1860 762 1926 Urbani
785 1862 885 1925 nostri
909 1860 960 1926 vel
982 1861 1094 1926 edatur
1113 1861 1163 1925 vel
1185 1867 1329 1925 omattur.

386 1985 567 2032 Handscbriftl.
584 1975 671 2031 F'286
688 1984 821 2032 t01.188v.

318 2191 395 2258 255.
418 2190 695 2274 chrysostomus
716 2209 761 2257 an
783 2189 931 2262 llutlan.
1148 2188 1336 2273 Angsburg
1352 2188 1446 2259 1513.
1483 2186 1551 2255 llul
1568 2186 1623 2254 19.
1675 2242 1680 2254 .

387 2317 441 2362 Der
461 2315 581 2361 Italiener
597 2314 785 2374 chrysostomus
809 2318 874 2372 trigt
898 2314 955 2361 dem
975 2314 1072 2366 blutian
1096 2314 1164 2359 scine
1183 2312 1365 2361 Frcundsebait
1388 2327 1420 2357 an
1445 2311 1495 2357 und
1520 2311 1624 2371 machil,

318 2387 365 2434 wic
384 2402 412 2433 er
429 2386 476 2431 mit
494 2384 645 2431 Benedictus
663 2384 766 2430 Rufinus
786 2384 900 2430 bekannt
918 2378 1049 2444 geworden
1067 2384 1112 2432 sei.
1202 2410 1204 2414 ·

397 2483 637 2566 cbrysostomus
659 2481 828 2546 blotiano
849 2500 906 2546 suo
927 2482 1061 2561 salntem
1084 2487 1116 2546 et
1137 2481 1217 2547 bene
1238 2499 1340 2562 agere.

399 2584 535 2665 Hesisti,
561 2591 612 2647 uta
632 2584 758 2667 opinor,
786 2583 819 2648 in
846 2584 916 2667 ipso
943 2584 1049 2648 statim
1079 2583 1238 2647 literarum
1266 2582 1389 2661 limina,
1418 2581 1492 2643 dum
1521 2587 1624 2644 tecum

317 2688 424 2752 auimo
437 2686 553 2768 agitas,
576 2687 720 2768 quisnam
741 2686 784 2751 sit
805 2687 865 2751 iste
884 2695 965 2756 terre
978 2684 1071 2766 lilius,
1092 2686 1156 2766 qui,
1178 2685 1237 2749 tibi
1258 2687 1385 2748 omniuo
1407 2684 1533 2764 ignotus
1553 2702 1624 2747 cum

317 2790 369 2869 sit,
389 2796 421 2852 te
441 2796 547 2852 tamen
569 2807 658 2851 suum
680 2789 836 2872 appellat,
866 2792 1015 2869 tanquam
1036 2806 1093 2870 per
1116 2806 1220 2851 assem
1242 2796 1273 2851 et
1295 2787 1407 2849 libram
1429 2784 1547 2849 emerit.
1590 2784 1625 2848 Si

317 2892 375 2956 tibi
400 2898 520 2955 tantum
542 2911 562 2954 a
582 2890 786 2974 philosophia
806 2900 838 2953 et
865 2889 1026 2972 pontificio
1056 2891 1123 2954 iure
1149 2898 1201 2954 tuo
1228 2897 1277 2954 est
1305 2888 1381 2967 ocii,
1411 2886 1470 2951 hec
1495 2880 1530 2951 ut
1558 2904 1626 2967 per-

317 2994 418 3075 legas,
439 3010 608 3073 cognosces
631 2993 672 3056 ab
691 2991 783 3056 initio
803 2992 918 3065 omnia,
940 2990 1012 3072 quis
1026 2980 1095 3071 sim',
1119 3011 1181 3074 qua
1198 2991 1314 3055 fiducia
1325 2987 1366 3052 ad
1378 2995 1409 3053 te
1421 2989 1467 3052 sic
1479 2989 1625 3067 scribam,

317 3094 395 3178 quid
416 3094 541 3158 demum
564 3094 622 3158 abs
643 3100 674 3158 te
696 3103 811 3178 petam.
855 3095 953 3157 ltalus
975 3113 1035 3173 ego
1056 3114 1141 3174 sum,
1169 3113 1208 3157 ex
1230 3090 1445 3174 Neapolitana
1465 3089 1625 3172 dynastia,

266 3278 268 3283 ,
316 3205 404 3262 ortus
423 3193 605 3271 alumnia,
628 3193 884 3278 chrysostomum
905 3202 1028 3271 vocant,
1051 3195 1143 3259 bomo
1165 3196 1227 3258 iam
1248 3193 1486 3275 sexagenarius,
1508 3191 1626 3256 christi

317 3297 417 3363 sacris
437 3296 582 3361 initiatus
602 3303 634 3360 et
653 3297 815 3360 literarum
838 3296 922 3361 baud
944 3298 1070 3380 penitus
1088 3296 1185 3369 rudis,
1208 3294 1344 3376 lsabelle
1357 3293 1528 3375 Aragonia
1550 3294 1625 3357 olim
1662 3344 1663 3349 ,

250 3386 252 3390 ’
317 3398 602 3463 Mediolanensium
637 3398 787 3480 principi,
816 3397 987 3479 ingenuam
1018 3400 1202 3485 servitutem
1236 3396 1348 3460 servio.
1401 3395 1503 3458 Huius
1536 3396 1622 3458 iussu

317 3502 391 3565 dum
414 3521 463 3564 me
485 3500 527 3564 ad
550 3518 689 3564 cesarem
717 3500 856 3575 consero,
885 3500 1039 3582 superiori
1059 3499 1202 3580 Angusto
1229 3517 1336 3563 mense
1358 3516 1396 3560 ae
1423 3496 1624 3577 eMoguntie

318 3603 350 3666 in
373 3602 538 3668 coloniam
559 3599 698 3664 secundo
719 3601 827 3666 Rheno
848 3600 1001 3679 devehor,
1028 3602 1107 3664 l'orte
1129 3602 1176 3664 sie
1197 3600 1329 3677 accidit,
1357 3606 1390 3664 ut
1416 3598 1528 3663 eadem
1551 3600 1641 3663 navi*
1729 3632 1731 3637 ·

318 3706 504 3770 adolescens
532 3703 658 3785 quidem
689 3702 865 3765 Germanus
899 3701 1088 3767 Benedictus
1117 3702 1243 3765 nomine
1273 3700 1416 3763 sublatus
1444 3706 1536 3763 esset.
1584 3699 1627 3779 ls,

318 3808 393 3870 dnm
414 3805 456 3869 ad
477 3805 569 3869 navis
589 3804 692 3868 lorosb
714 3803 810 3868 ociosi
833 3804 1024 3881 assidemus,
1052 3803 1151 3867 latino
1179 3820 1299 3865 mecum
1328 3820 1471 3866 sermone
1497 3821 1627 3883 congre-

318 3909 411 3972 ditur.
453 3906 655 3972 (hermanicic
676 3905 759 3969 enim
781 3923 841 3985 ego
859 3905 985 3984 penitus
1005 3904 1120 3968 inscius
1137 3912 1287 3984 tanquam
1301 3909 1405 3967 mutus
1420 3901 1461 3965 ad
1475 3902 1625 3983 angulum

318 4009 476 4090 quendam
503 4024 728 4071 concesseram.
769 4003 848 4069 Visa
874 4014 923 4068 cst
948 4004 1027 4068 mibi
1056 4003 1267 4068 adolescentis
1294 4004 1428 4068 elocutio
1455 4023 1511 4086 pro
1541 4011 1626 4068 etate

388 4125 486 4176 ²saan
506 4128 544 4174 ua·
562 4128 602 4175 ra.
674 4112 738 4172 lm
759 4127 830 4174 rores.
902 4119 914 4145 ⁰·
934 4127 968 4173 aa
985 4126 1142 4173 carmaniae.

319 4239 519 4249 .—.---

382 4311 393 4353 ¹
415 4313 479 4385 Vgl.
490 4313 536 4367 Br.
548 4311 607 4365 242
617 4311 728 4382 -246,
749 4310 808 4366 249
821 4330 847 4366 u.
856 4311 923 4366 253.

381 4388 483 4448 lvira
502 4391 647 4463 Apollonii
667 4394 704 4460 Il,
726 4392 772 4447 36.
812 4391 997 4457 Ausliihrlich
1016 4392 1135 4446 dariibcr
1153 4392 1291 4463 Erasmus,
1312 4392 1418 4465 Adagiu
1437 4408 1465 4464 p.
1480 4392 1547 4449 375.

381 4470 395 4512 3
414 4474 478 4544 vgl.
491 4472 537 4527 Br.
550 4472 607 4526 124
627 4472 653 4527 S.
667 4472 731 4527 177.
752 4472 837 4528 Aum.
848 4470 874 4526 4.

380 4548 395 4591 ⁴
415 4554 481 4625 vgl,
501 4550 580 4624 Cato,
598 4552 644 4608 Dc
661 4570 692 4608 re
712 4552 817 4607 rustica
837 4550 864 4608 4.
