3625 5192
312 313 365 368 358
684 314 943 411 Gcschichtsquallen
963 314 1011 371 der
1030 313 1105 374 Prov.
1125 314 1246 371 Saohsen.

312 462 401 527 illum
420 484 521 527 suurn.
562 463 689 542 Quanta
709 485 760 531 me
786 465 894 530 leticia
923 463 1008 529 allici
1029 464 1148 542 credis,
1177 472 1294 547 quanto
1316 465 1461 549 perfundi
1489 464 1618 547 gaudio,

225 607 228 611 »
312 573 479 648 postquam
509 566 619 631 audivi
647 587 832 633 consensum
858 568 942 632 hunc
969 574 1105 632 vestrum
1133 558 1333 649 studiumque
1361 566 1509 631 eximium
1532 586 1619 648 mag-

312 688 385 731 num
401 668 504 751 plane
524 676 745 749 argumentum
766 677 873 733 mutue
896 668 1132 747 benevolenoie,
1171 668 1283 733 Merito
1302 668 1467 751 igitnrtibi
1480 668 1621 749 gratulor

313 776 345 834 et
365 770 486 850 exulto,
515 771 599 852 quod
626 771 787 836 veteribus
807 777 839 837 et
867 766 961 835 certis
982 771 1093 836 amicis
1114 789 1238 853 semper
1258 789 1356 834 novos
1377 771 1505 851 ingenio
1527 771 1620 835 mira-

313 871 401 947 biles,
424 872 583 954 exquisita
609 871 753 938 doctrina
773 880 952 955 prestantes
977 872 1115 936 adiitias.
1156 875 1260 953 Atque
1284 872 1417 936 hectun
1439 872 1620 953 benignitas

312 974 488 1057 complures
509 974 551 1039 ad
574 981 605 1039 tc
620 975 790 1039 amandum
802 962 1031 1056 colendumque
1041 973 1168 1039 alliciet.
1211 974 1303 1051 Quod
1316 981 1420 1039 autem
1440 973 1619 1039 humanitas

312 1082 367 1138 tua
390 1076 441 1140 vel
463 1094 585 1140 summa
612 1076 717 1159 potius
741 1076 903 1158 sapientia
932 1074 1083 1158 prodesse
1110 1075 1204 1151 mihi,
1233 1082 1266 1139 ut
1288 1076 1399 1155 voluit,
1428 1096 1489 1141 non
1518 1078 1620 1160 potuit

312 1186 463 1259 tanquam
486 1178 598 1243 itinere
610 1177 653 1243 ad
664 1178 880 1261 Neoburgium
901 1178 1086 1260 interrupto,
1105 1176 1212 1242 nescio
1228 1166 1329 1241 utrum
1341 1178 1461 1241 diluvio
1475 1167 1621 1258 tribuam,

312 1278 396 1361 quod
418 1278 543 1342 cenobii
565 1280 611 1343 tui
631 1299 752 1369 murum
783 1280 869 1345 humi
896 1279 1013 1344 deiecit
1032 1279 1167 1345 vastatis
1187 1277 1282 1343 doliis
1303 1279 1521 1361 zytobibarunr
1552 1299 1620 1363 per-

311 1380 483 1461 fractisque
504 1379 651 1446 claustris
670 1400 732 1446 uon
752 1401 815 1445 uno
836 1384 869 1444 in
892 1381 970 1461 loco,
991 1400 1032 1445 an
1057 1380 1197 1444 bibentis
1218 1380 1375 1464 superbie,
1395 1381 1448 1462 qui
1472 1389 1506 1445 ut
1524 1380 1620 1446 durus

259 1475 262 1481 ’
312 1482 473 1546 Duronius
494 1500 552 1545 nec
572 1482 614 1545 ab
633 1481 776 1548 honestis
798 1483 917 1547 moneri
940 1502 999 1547 neo
1020 1481 1201 1565 persuaderi
1222 1482 1284 1548 sibi
1307 1483 1469 1564 permittit.

310 1653 317 1667 ,
393 1583 516 1647 Mecum
534 1583 594 1647 tuit
614 1582 694 1647 duce
713 1583 1050 1666 lano²Sommeringo,
1071 1583 1257 1649 circulatore
1277 1582 1423 1665 glorioso,
1446 1603 1523 1667 puer
1541 1586 1630 1649 Am·

313 1683 453 1749 hrosiusl
464 1685 546 1748 mira
557 1685 744 1765 garrulitate
754 1685 906 1769 preditus,
927 1686 1046 1769 alioqui
1057 1684 1188 1750 festivus
1201 1692 1232 1751 et
1247 1686 1465 1769 periucundus.
1500 1686 1617 1751 Vellem

312 1787 438 1852 rediret.
481 1786 682 1868 Castigarem
699 1788 840 1871 ineptam
852 1790 1068 1869 arrogantiam
1088 1797 1189 1851 motus
1201 1788 1320 1871 pietate
1341 1794 1373 1852 et
1391 1788 1618 1870 misericordia.

312 1888 371 1952 Est
391 1888 475 1952 cuim
497 1890 605 1962 miser,
632 1896 723 1971 patre
740 1895 827 1953 caret
848 1897 880 1953 et
899 1910 956 1974 per
976 1888 1130 1971 quosdam
1159 1889 1205 1955 sic
1234 1908 1254 1951 a
1277 1890 1331 1953 via
1358 1890 1620 1956 rectaabductus

313 1997 409 2070 errat,
436 1997 470 2053 ut
490 1998 585 2072 egeat
604 1992 775 2055 monitoris.
817 1990 920 2071 Error,
944 1992 1083 2073 profecto
1102 1996 1150 2055 est
1169 2010 1254 2055 error
1272 1991 1473 2072 frequentare
1493 2010 1620 2057 mensas
1697 2049 1704 2057 .

311 2091 445 2155 divitum
457 2099 489 2156 ct
510 2110 544 2155 se
565 2111 704 2156 scurram
725 2093 934 2157 deridiculum
956 2093 1099 2176 prebere,
1120 2091 1256 2156 fabulari
1275 2092 1317 2155 ad
1340 2093 1478 2157 alienum
1500 2100 1619 2172 nutum,

244 2234 247 2237 ·
268 2205 271 2207 ’
311 2180 459 2275 effingere
482 2196 672 2275 gnatonemb
693 2195 885 2277 parasitum,
906 2202 1125 2279 representare
1145 2193 1339 2259 histrionem.
1384 2194 1441 2259 His
1461 2194 1618 2278 perversis

311 2296 466 2359 assuescit
485 2294 640 2376 moribus,
661 2296 870 2363 iactabundus
890 2302 1029 2360 ostentat
1049 2295 1100 2360 vel
1122 2296 1264 2360 umbram
1284 2296 1463 2378 eloquentie
1486 2297 1535 2361 vel
1556 2296 1618 2380 pri-

311 2395 435 2461 mordia
456 2396 599 2460 doctrine
620 2398 710 2479 quasi
733 2398 897 2462 famelicus
918 2397 1110 2462 saccularius
1131 2398 1245 2481 stipem
1268 2406 1338 2478 aut,
1366 2399 1392 2463 si
1419 2398 1483 2464 diis
1505 2400 1618 2483 placet,

311 2499 499 2582 applausum
511 2498 707 2577 queritando.
749 2499 875 2581 Ingenii
896 2500 999 2564 lumen
1022 2500 1054 2563 in
1075 2519 1112 2563 eo
1132 2500 1215 2563 lucet
1236 2510 1268 2565 et
1289 2500 1405 2583 diguus
1421 2500 1544 2565 videtur
1564 2501 1618 2563 ob-

311 2600 489 2682 iurgatione
509 2599 651 2663 salutari.
693 2601 797 2666 Nimis
815 2609 883 2665 erat
902 2602 961 2665 tibi
983 2600 1159 2665 familiaris.
1201 2601 1298 2677 Vidit,
1321 2602 1401 2684 hcm,
1420 2590 1518 2684 quid?
1539 2601 1620 2666 vidit

311 2720 399 2765 meas
422 2701 538 2765 literas.
581 2701 645 2765 Sed
665 2702 697 2765 id
716 2705 815 2767 teram
836 2721 906 2767 mec
927 2701 1099 2783 stomacho,
1121 2722 1160 2767 nc
1178 2702 1349 2769 bellissimo
1370 2723 1408 2769 ae
1429 2704 1618 2769 suavissimo

310 2803 504 2866 adulescenti
525 2821 596 2865 mea
618 2822 716 2867 eausa
733 2822 928 2868 succenseas.
969 2804 1057 2869 Vale.

391 2904 510 2981 Quarto
532 2903 632 2969 Eidus
650 2904 807 2982 Quintiles
828 2905 972 2969 ubxrll
994 2906 1101 2971 noter.

381 3028 561 3073 Haudschrit'tl.
580 3027 663 3074 stit
688 3029 730 3075 tol.
749 3028 940 3083 Νῦν-1761.
986 3029 1060 3077 Gedr.
1079 3030 1103 3075 b.
1123 3030 1157 3076 Ta
1175 3032 1198 3078 S.
1216 3030 1361 3077 lat-tat
1386 3046 1431 3077 run
1450 3030 1546 3077 Mecum
1571 3031 1618 3077 luit

311 3098 347 3145 bis
364 3114 415 3143 anns
434 3098 550 3149 Sclrlroesc,

382 3196 521 3249 ‘Talon
576 3186 640 3247 ι’Τκ
657 3204 819 3262 gnathonem.
875 3195 1097 3251 ⁶l'aGothaar

311 3412 386 3479 273.
402 3409 452 3476 11.
474 3429 520 3477 an
541 3410 676 3481 urban.
1184 3413 1330 3501 (Gothn)
1343 3416 1436 3486 1513.
1466 3415 1544 3482 tuti
1561 3412 1614 3482 13.

380 3536 442 3582 utut.
465 3536 534 3594 gicht
556 3535 609 3581 sein
629 3535 707 3581 Urteil
730 3536 792 3581 iiber
814 3537 858 3582 dns
881 3537 965 3597 Werk⁴
983 3538 1025 3584 des
1048 3538 1191 3585 Bonilacins
1213 3540 1340 3586 Simonets
1367 3540 1400 3585 cb
1423 3541 1473 3585 und
1497 3540 1546 3586 will
1573 3542 1617 3586 nrtt'

306 3606 384 3666 jeden
402 3606 458 3651 h'all
480 3606 526 3651 mit
549 3605 673 3651 Duronius
692 3606 821 3664 sprochou.
859 3607 893 3653 Er
915 3607 971 3654 tcilt
989 3608 1047 3669 mit,
1070 3609 1116 3654 wie
1134 3622 1161 3655 er
1179 3624 1205 3655 cs
1224 3610 1269 3655 mit
1285 3610 1378 3657 seinem
1398 3610 1510 3657 liriorter
1531 3612 1615 3657 Hense
1654 3641 1656 3649 .

310 3677 428 3734 gohnlten
453 3675 542 3721 nissen
569 3675 627 3721 will.
668 3676 780 3734 Spalatin
804 3676 868 3723 habe
890 3678 917 3722 in
941 3678 985 3724 dar
1008 3678 1207 3725 Rcuchlinscheu
1226 3680 1424 3740 Angelogouheit
1448 3695 1481 3727 an
1505 3681 1549 3727 ihu
1574 3696 1613 3739 gc-

310 3744 448 3791 schricbcn.
483 3746 540 3791 Dan
558 3744 658 3791 'lilouin
676 3747 736 3792 solie
755 3761 813 3792 man
830 3747 904 3806 ruhig
922 3749 1053 3806 gorvillrren
1072 3749 1160 3795 lusson.

392 3844 546 3907 accurato
577 3835 731 3925 doctoque
762 3843 915 3927 magistro
950 3844 1088 3910 Henrico
1125 3846 1293 3925 Urbano,
1329 3866 1479 3912 ecoucmo
1510 3857 1631 3932 preter.

310 3950 430 4009 ceteros
450 3943 641 4025 venerando,
666 3944 826 4009 Mutianus
846 3944 951 4017 Rufus.
1159 3956 1162 3963 '

391 4051 424 4112 S.
466 4047 544 4127 Legi
570 4038 701 4108 tabuerat
727 4047 811 4111 abbe
837 4048 1019 4113 Cornutaui.
1063 4048 1168 4113 Bonus
1195 4057 1285 4133 pater
1311 4051 1445 4133 privatis
1470 4050 1614 4133 epistolis

309 4148 455 4234 publicas
466 4148 614 4217 historias
627 4149 768 4213 involvit.
799 4150 889 4214 Nihil
900 4151 1150 4235 perplexibilius,
1166 4152 1245 4217 nihil
1257 4153 1485 4218 tenebricosius
1498 4152 1615 4236 legisse

314 4292 513 4300 —-—

372 4382 382 4421 ¹
403 4379 429 4433 V
431 4378 555 4432 ielloicht
572 4382 620 4433 der
641 4380 669 4433 in
690 4380 736 4433 Br.
760 4380 817 4433 236
839 4382 990 4437 erwdhnte.

368 4454 460 4512 ‘²Des
480 4458 642 4514 Bonifacins
664 4459 819 4530 simoneta,
846 4461 896 4514 uie
923 4463 994 4515 auch
1021 4462 1083 4517 ciue
1104 4463 1356 4535 Randberncrknng
1385 4464 1414 4517 in
1442 4465 1491 4519 der
1508 4442 1612 4521 Frank·

309 4538 398 4595 furter
417 4538 600 4597 Haudschrift
624 4541 728 4617 besagt.
770 4540 831 4617 vgl.
853 4540 900 4597 Βι·Ι
915 4540 972 4595 235
994 4540 1020 4598 S.
1034 4540 1092 4597 314
1111 4544 1221 4600 Anm.2
1242 4562 1268 4601 u.
1287 4542 1333 4603 Br.
1345 4543 1411 4602 271.
