3625 5192
329 346 363 401 14
699 348 960 419 (leschiehtsquellen
977 352 1026 409 der
1044 350 1119 407 Pror.
1138 354 1262 409 Saehren,

328 496 574 582 Vuimpheliugo
602 499 632 563 lo
656 518 724 573 nor,
753 499 919 565 credetne
946 502 1065 585 pariter·
1096 502 1136 566 de

327 600 414 665 nulla
434 601 466 665 in
482 620 515 665 re
534 519 657 690 laoobd
668 610 801 685 excepta
825 609 911 668 etate
933 605 1062 669 inferior
1083 613 1139 671 est.
1185 605 1322 687 Uterque
1336 605 1448 673 doctus
1459 614 1491 673 et
1510 609 1638 692 probus,

327 711 456 785 uterque
484 703 574 769 dives
596 711 627 769 et
648 712 775 788 potens,
804 724 865 769 non
894 706 1022 788 quidem
1050 708 1174 772 fortune
1204 709 1322 773 iudicio
1347 714 1403 773 aut
1431 712 1636 793 persuasione

326 806 506 885 stultorum,
541 805 597 870 scd
633 807 660 870 si
692 806 877 871 beatissima
906 809 1005 871 animi
1036 810 1200 874 commoda
1229 817 1363 895 spectes.
1414 812 1575 878 Habemus
1603 816 1636 878 in

324 906 435 972 ordine
453 907 553 971 latino
575 927 636 970 non
660 906 828 972 admodum
853 910 967 991 plumes,
990 910 1045 974 sed
1068 910 1268 977 doctissimos
1285 912 1434 995 collegas,
1457 914 1538 979 inter
1558 936 1636 996 quos

325 1010 491 1075 Thomas
503 1011 513 1053 ¹
527 1008 750 1092 Vuolphins
772 1030 858 1074 rrreus
873 1012 1028 1090 enitescit,
1050 1013 1138 1076 cuins
1152 1034 1212 1095 ego
1227 1033 1310 1079 nunc
1321 1013 1379 1078 tihi
1394 1016 1486 1079 binas
1501 1015 1636 1081 exhiheo

327 1116 436 1177 literas
455 1111 748 1201 Romanissalibus
767 1119 799 1176 et
820 1114 926 1193 gratia
947 1116 1087 1177 ret'ertas.
1129 1114 1293 1196 Reliquum
1316 1123 1364 1181 est
1385 1119 1634 1201 §palatinum

326 1235 382 1298 pro
403 1234 437 1279 se
457 1216 635 1296 loquentem
654 1213 811 1293 inaudias‚
829 1234 898 1278 eum
925 1234 987 1296 quo
1010 1216 1151 1298 preclare
1175 1224 1331 1299 ageretur,
1351 1218 1379 1283 si
1402 1221 1636 1286 sacratissimus

331 1325 362 1381 et
391 1334 562 1399 generosus
586 1313 688 1379 abhas
710 1321 781 1379 tuus
807 1316 960 1399 optimum
986 1318 1130 1382 iurenem
1153 1317 1307 1401 hospitem
1329 1320 1391 1384 sihi
1415 1328 1510 1404 atque
1531 1322 1637 1389 dome·

324 1420 437 1485 sticum
458 1420 585 1485 t'aceret.
629 1416 716 1481 Vale.

394 1542 573 1590 Handschrilll.
593 1542 611 1587 p
622 1542 665 1588 Nr,
676 1538 923 1589 seronato-atr.
947 1541 1023 1587 Gedr.
1042 1542 1066 1590 b.
1084 1542 1152 1602 Tap.
1164 1542 1198 1589 48
1209 1566 1232 1577 -
1244 1544 1277 1591 49
1298 1560 1344 1591 rou
1362 1546 1493 1594 Eruditnm
1505 1548 1632 1596 hominem

325 1614 362 1661 hir
380 1614 461 1674 gratis
478 1613 590 1659 retortas.

324 1780 379 1847 10.
401 1778 445 1851 ll.
460 1778 651 1847 anllrhan.
1169 1778 1312 1865 (liotha.
1336 1780 1630 1869 Sonrmerlhhir.)

396 1906 458 1952 utut.
477 1905 529 1951 hiilt
550 1918 575 1950 as
600 1904 639 1949 fuir
661 1902 717 1949 eine
736 1902 856 1961 giittliche
878 1902 995 1962 Fiigung,
1016 1903 1072 1949 dass
1091 1920 1118 1950 or
1138 1920 1172 1951 an
1190 1905 1334 1951 demaolben
1353 1908 1420 1966 Tage
1438 1908 1478 1954 cin
1499 1909 1632 1957 Gesehcnlr

324 1992 356 2023 an
376 1977 461 2023 Urban
478 1975 592 2034 shgalran
611 1974 683 2031 lacer,
707 1987 740 2019 an
759 1974 876 2019 walchem
902 1972 983 2018 dieser
1001 1972 1052 2019 ihm
1075 1975 1139 2021 Holz
1157 1974 1247 2021 sendct
1265 1977 1315 2021 und
1341 1977 1421 2023 dauht
1439 1978 1495 2025 dom
1516 1981 1632 2026 l-honndo

323 2063 367 2094 ans
385 2048 476 2093 vollem
497 2045 604 2091 Herzen.

404 2141 536 2207 Erudito
563 2147 594 2206 ct
621 2140 720 2205 latino
752 2139 893 2223 mihique
928 2141 1120 2207 amicissimo
1150 2144 1234 2227 patri
1261 2144 1431 2211 Henrico
1452 2146 1631 2233 Urbano,

324 2244 516 2332 procuratori
540 2242 720 2307 sodalitatis
741 2242 922 2325 Georgiane
940 2245 1100 2327 primario,
1121 2244 1281 2311 Matienus
1302 2247 1409 2313 Rufus.

404 2350 436 2413 S.
459 2346 597 2431 Spiritus
619 2346 753 2426 domini,
781 2347 833 2427 qni
857 2346 957 2431 replet
982 2346 1088 2412 orbem
1110 2355 1262 2413 terrarum
1283 2356 1315 2414 et
1335 2357 1366 2414 te
1389 2370 1446 2435 pro
1467 2370 1526 2416 aua
1547 2355 1634 2419 heni-

323 2452 445 2533 gnitatc
474 2450 658 2533 inspiravit,
683 2456 717 2512 ut
744 2448 897 2529 silvestri,
925 2450 981 2514 sed
1008 2457 1038 2515 et
1067 2470 1184 2532 magno
1207 2470 1264 2515 uos
1290 2472 1419 2517 munere
1442 2454 1577 2521 donares
1602 2465 1634 2522 et

323 2554 398 2618 mihi
421 2554 468 2618 sic
489 2551 662 2636 aspirarit,
684 2558 718 2615 ut
740 2552 905 2634 novitium,
933 2554 1030 2637 pium,
1057 2554 1187 2635 elegans
1210 2553 1448 2637 Vuimpheliugi
1471 2577 1550 2641 opus
1573 2560 1630 2623 tihi

324 2656 578 2721 transmitterem.
621 2652 681 2717 Hic
702 2659 750 2718 est
771 2654 934 2734 illeDeus‚
955 2674 1041 2719 mera
1059 2655 1207 2731 charitas,
1230 2657 1283 2738 qui
1304 2658 1415 2740 spirat,
1439 2659 1493 2723 uhi
1514 2662 1582 2725 vult
1601 2668 1634 2727 et

323 2778 430 2823 veram
451 2765 546 2839 atque
568 2756 739 2839 perlectam
763 2756 845 2821 inter
866 2758 1014 2821 mortales
1036 2758 1213 2821 amiciciam
1235 2757 1385 2839 instituit,
1411 2758 1474 2839 hie,
1493 2762 1632 2846 inquam,

321 2870 369 2925 est
391 2860 444 2925 illc
464 2846 592 2925 divinus
606 2856 741 2935 afflatus,
764 2859 816 2939 quii
831 2877 888 2922 vos
906 2859 1074 2941 religiosos
1088 2859 1231 2925 homines
1252 2862 1419 2926 unanimes
1436 2863 1515 2926 t'ncit
1535 2873 1631 2947 atque

321 2961 502 3043 concordes,
523 2980 579 3045 per
601 2980 692 3043 quem
712 2960 815 3025 nnllns
829 2980 916 3025 annor
938 2981 999 3025 non
1020 2961 1169 3027 honestus
1183 2970 1240 3043 est,
1262 2962 1330 3027 sine
1343 2965 1432 3029 cuius
1454 2966 1630 3033 interventu

321 3066 409 3131 nulla
429 3070 477 3131 est
505 3083 639 3147 syncera
668 3063 807 3129 dilectio.
850 3063 898 3128 De
924 3064 983 3130 hoo
1012 3063 1255 3147 intelligendum
1284 3073 1333 3130 est
1353 3065 1431 3132 illud
1462 3068 1630 3136 usitatum:

322 3168 426 3248 „Quos
448 3166 534 3232 Dens
548 3166 721 3241 coniunxit,
745 3165 836 3231 homo
855 3186 917 3231 non
944 3168 1123 3250 separat.“²
1164 3166 1289 3232 Revera
1311 3187 1368 3233 nos
1389 3168 1476 3237 Dens
1496 3172 1548 3237 hic
1566 3182 1629 3240 stu·

321 3271 443 3335 diorum
467 3269 673 3335 similitudine
703 3275 734 3333 et
760 3268 955 3333 voluntatum
988 3270 1199 3349 germanitate
1232 3270 1405 3334 coniunxit.
1460 3270 1630 3336 Robustior

321 3372 485 3454 igiturest
507 3372 655 3437 anricicia
677 3380 793 3451 nostra,
812 3370 967 3449 stabilior,
988 3370 1128 3444 solidior,
1149 3390 1243 3452 qnam
1265 3377 1299 3435 ut
1319 3391 1390 3436 earn
1406 3373 1456 3436 vel
1478 3377 1629 3458 temporis

319 3474 511 3540 diuturnitas
526 3474 573 3539 vel
596 3475 732 3539 locorum
755 3472 962 3556 intercapedo
979 3472 1028 3536 vel
1050 3473 1233 3554 scriptionis
1250 3472 1441 3538 intermissio
1463 3473 1628 3537 convellat.

320 3576 413 3654 Nam,
435 3584 469 3639 ut
487 3575 613 3660 planius
630 3573 674 3661 'de
696 3576 871 3639 animorum
891 3582 1066 3639 nostrorum
1085 3574 1254 3639 divinitate
1274 3576 1488 3657 societateqne
1511 3576 1630 3656 loquar,

320 3678 391 3758 quis
413 3678 545 3757 negabit
569 3675 628 3741 Dei
650 3677 809 3761 spiraculo
831 3676 962 3751 tactum,
992 3684 1025 3740 at
1045 3676 1103 3741 hoc
1124 3677 1195 3760 ipso
1216 3676 1285 3759 die,
1312 3697 1373 3759 quo
1397 3683 1430 3741 tu
1452 3678 1628 3755 materiam,

320 3797 379 3859 ego
400 3777 541 3842 libellum
568 3787 599 3843 ct
623 3778 732 3843 literas
760 3778 933 3843 donarem?
982 3778 1016 3841 ln
1047 3779 1116 3859 ipso
1136 3778 1293 3861 siquidem
1313 3780 1427 3843 itinere
1448 3798 1542 3859 quum
1565 3796 1628 3841 rna·

319 3880 418 3962 gister
439 3878 624 3964 Spalatinus
651 3885 682 3945 et
710 3900 788 3965 puer
815 3900 902 3945 nreus
929 3879 1122 3944 domesticus
1149 3881 1340 3946 Benedictus
1366 3882 1515 3945 llntirrus³
1535 3878 1577 3943 ad
1597 3886 1628 3943 te

318 4021 518 4032 ——.

382 4108 393 4153 ¹
416 4112 492 4185 Vrgl.
510 4112 555 4169 Br.
566 4112 593 4183 8,
617 4112 701 4185 S.12,
721 4113 839 4169 Auml.

382 4188 396 4233 ²
419 4192 549 4248 Mathiius
572 4192 617 4261 19,
636 4194 662 4248 6.

380 4268 395 4313 ⁸
418 4272 587 4328 Benedictus
612 4271 729 4327 Rufinus
751 4291 817 4343 war,
844 4291 897 4328 von
927 4272 1038 4343 einigrn
1058 4273 1326 4345 llutcrbrerhungcn
1348 4272 1518 4345 alugeaehen‚
1541 4290 1625 4344 unge·

319 4352 383 4407 ftihr
404 4354 440 4407 10
464 4354 549 4409 Jalrre
577 4372 623 4407 um
653 4354 698 4407 die
721 4353 824 4407 Person
855 4353 985 4409 Matiana.
1028 4354 1181 4408 Vielleicht
1207 4354 1243 4407 iat
1268 4370 1299 4407 er
1329 4354 1465 4408 identisch
1489 4354 1540 4407 mit
1561 4355 1624 4407 dem

318 4432 486 4489 Benedictus
508 4434 714 4505 Lutrihergius,
745 4434 863 4487 nelclrer
891 4432 1037 4487 Michaelis
1058 4434 1133 4487 lohe
1165 4435 1274 4505 „gratis
1294 4435 1331 4489 ob
1357 4435 1490 4489 honorem
1517 4434 1625 4487 domini

318 4514 439 4569 doctoris
457 4514 596 4573 Muciaui‘
619 4514 646 4569 in
661 4512 756 4568 Erfurt
776 4514 1001 4569 immatrilrnliert
1015 4515 1114 4570 wurde.
1146 4516 1210 4569 Sein
1227 4514 1299 4569 Herr
1318 4518 1423 4571 mdeste
1442 4515 1491 4567 ihn
1509 4514 1625 4567 alsdann

319 4594 365 4651 tur
398 4594 489 4666 einige
516 4594 577 4650 Zait
603 4595 714 4650 dorthin
742 4596 858 4667 gesandt
894 4594 993 4649 haben.
1039 4594 1140 4665 Spiiter
1164 4602 1219 4651 mat
1249 4614 1281 4650 er
1306 4596 1336 4649 in
1363 4593 1408 4650 dle
1434 4594 1551 4650 Dieuste
1576 4596 1626 4649 des
