3625 5192
618 363 706 418 Brisle
725 363 845 418 Mutisns
865 363 924 416 440.
944 363 1003 416 441.
1022 362 1081 416 442.
1471 359 1505 414 99

200 518 332 595 poterat.
382 511 464 575 Nam
490 512 617 593 singula
644 512 743 576 rerba
770 512 965 576 retractabas
994 533 1027 576 rc
1053 513 1125 595 ipsa
1154 511 1319 594 preterita,
1352 511 1443 592 qnasi
1472 511 1505 574 iu

199 613 396 694 garrulitatis
422 613 593 695 palestram
621 613 904 678 descendissemus.
954 613 1064 693 Neque
1085 613 1252 693 timebam,
1280 633 1372 694 quem
1393 613 1504 678 Οιιιίιι1

201 716 322 798 legavit
343 723 376 779 ut
396 714 507 796 lidum,
533 723 566 780 tu
590 716 708 780 babeas
737 735 842 780 carum
873 727 906 779 nt
933 717 1108 782 convivam.
1158 715 1324 797 Utcunque
1353 716 1410 796 sit,
1441 735 1504 779 non

200 825 300 898 muto,
322 837 385 880 non
407 826 497 897 nuto,
519 825 566 882 stc
589 824 621 882 nt
643 825 717 882 ante
739 823 821 882 tutor
843 817 1003 899 bonorum,
1024 817 1140 882 vindex
1163 816 1323 882 Musarum
1344 826 1375 881 et
1395 825 1505 881 sancte

200 920 398 984 consciencie
425 926 555 983 amatur.
598 920 666 984 Deo
690 919 793 1001 gloria
815 927 965 984 eternum.
1007 919 1098 996 Quod
1119 928 1223 984 autem
1248 938 1297 982 me
1317 919 1421 982 minus
1440 937 1505 983 cre-

198 1021 326 1086 ι1ιιΙιιιιι2
347 1021 487 1102 dicebas,
508 1023 550 1087 ob
569 1020 602 1086 id
623 1022 760 1086 candide
781 1030 813 1088 et
831 1022 1018 1105 simpliciter
1039 1023 1071 1086 in
1092 1022 1228 1103 legalem
1250 1021 1416 1086 creditoris
1436 1041 1505 1105 per·

199 1143 309 1188 sonam
330 1123 477 1188 lusimus:

442 1245 595 1312 Credulus
618 1248 764 1314 Urbanus
785 1248 879 1313 dicit:
903 1249 1000 1328 „Non
1021 1249 1124 1313 credis
1145 1248 1277 1312 anrico.“

441 1349 524 1413 Vera
547 1350 657 1416 ciniis:
679 1371 801 1434 pauper
821 1350 950 1416 credere
970 1371 1063 1415 nemo
1084 1357 1198 1434 potest.

440 1451 560 1516 Divitis
582 1459 630 1518 est
651 1453 752 1518 flavos
773 1454 874 1518 oranti
897 1452 1024 1516 credere
1045 1471 1197 1531 enormes,

441 1554 498 1620 Est
518 1556 667 1620 fortunati
689 1555 825 1620 creditor
845 1554 951 1619 ollieii.

440 1656 505 1722 Sed
524 1658 576 1740 qui
599 1656 769 1722 causidicis
790 1675 849 1721 sua
871 1657 920 1720 vel
942 1676 977 1721 se
998 1657 1099 1722 credit
1121 1655 1238 1734 avaris,

440 1760 613 1825 Cerbereos
636 1759 764 1824 tandem
785 1759 900 1824 sentiet
922 1759 975 1822 ille
997 1759 1093 1824 dolos.

257 1927 259 1930 -
323 1884 368 1948 En
391 1903 452 1966 quo
472 1891 658 1967 perventum
680 1885 751 1948 est?
791 1884 840 1947 'Pu
864 1883 963 1962 iubes,
986 1893 1020 1947 ut
1041 1871 1230 1968 liythardo·l
1251 1884 1357 1948 calcar
1377 1882 1505 1958 addam,

199 1987 341 2050 Petreius
354 2005 429 2050 vero
448 1995 482 2049 ut
497 1987 650 2051 surenam
669 2005 708 2050 ex
725 1985 916 2050 Fridislaria
931 1985 1072 2049 vellicem
1088 1988 1254 2050 auriculas.
1283 1985 1343 2065 Ab,
1358 1985 1504 2048 miserum

200 2089 415 2172 Spalatinuml
466 2088 638 2152 Amisimus
665 2088 761 2152 XXX
792 2107 914 2153 aureos.
973 2088 1141 2170 Nunquam
1179 2090 1320 2152 mittetur
1356 2087 1505 2170 diploma.

200 2193 306 2256 Tanta
326 2197 374 2255 est
395 2191 545 2255 Burensis
566 2191 743 2256 authoritas
765 2191 797 2254 in
820 2189 913 2268 urbe,
934 2200 969 2252 ιιι
990 2211 1059 2253 curu
1081 2191 1187 2254 omnia
1208 2195 1273 2254 t'ere
1294 2191 1407 2272 possit,
1425 2188 1504 2251 nihil

201 2303 304 2357 tamen
333 2293 447 2358 alienis
474 2292 698 2358 accommodet.
739 2294 852 2357 Actum
873 2300 935 2356 est.
977 2292 1057 2357 Vale
1086 2299 1118 2355 et
1144 2312 1251 2357 curam
1278 2291 1396 2355 adhibe
1423 2291 1506 2353 villi-

201 2397 317 2460 cationi
346 2402 376 2459 et
403 2395 478 2477 quid
505 2393 582 2459 mihi
613 2393 770 2476 agendum
793 2395 848 2475 sit,
874 2395 1041 2476 prescribe.
1086 2394 1268 2459 Citaeiones
1294 2402 1325 2455 et
1345 2391 1454 2473 sigilla
1475 2401 1508 2454 et

200 2498 296 2561 tricas
319 2503 350 2560 et
371 2497 482 2561 nenias
505 2496 709 2561 tabellionum
731 2503 764 2560 tu
786 2513 920 2578 procura
934 2506 967 2560 et
988 2497 1057 2560 sine
1078 2517 1128 2559 me
1151 2494 1377 2579 philosophari.

280 2598 447 2682 Philippus
464 2599 581 2664 (lsius5
609 2599 737 2662 videtur
766 2617 834 2662 esso
863 2606 992 2662 sauctus
1017 2607 1048 2662 et
1073 2599 1248 2681 religiosus.
1290 2597 1451 2660 ildamusG
1471 2594 1506 2658 tit

201 2699 377 2766 alliciosiur.
421 2707 504 2766 Ante
532 2721 594 2765 non
621 2699 695 2765 talis
721 2701 787 2764 luit.
830 2700 1004 2782 Castigabo
1025 2708 1056 2765 et
1078 2712 1182 2764 tarrnsu
1206 2698 1505 2779 adiuvabo,·quau-

202 2811 265 2866 tum
288 2804 319 2868 in
343 2813 410 2867 me²
432 2810 488 2868 est.

270 2926 451 2975 llaudsolrriltl.
471 2928 490 2972 F
509 2926 560 2974 416
581 2928 621 2976 sol.
640 2925 721 2973 soar.

271 3025 374 3078 adiu.

202 3219 285 3291 442.
309 3171 629 3404 Msmtfflhebhrd
648 3239 717 3287 ron
741 3181 1004 3292 der'llarthon.
1127 3220 1259 3307 (Gotho
1275 3223 1367 3294 lbll.
1404 3221 1506 3287 Eudo

353 3337 420 3402 top
439 3335 496 3384 em
522 3337 572 3390 er.

273 3443 333 3491 Mor.
355 3443 431 3490 billat
454 3445 501 3489 dou
521 3445 649 3490 Herobord
670 3460 718 3490 von
738 3445 782 3490 der
801 3443 931 3498 Maribam,
955 3445 1008 3491 sich
1028 3447 1067 3491 l'rir
1087 3445 1179 3491 Hamus
1199 3461 1239 3490 um
1258 3446 1314 3491 sinc
1333 3441 1461 3490 Professus·
1480 3443 1507 3489 ἱιι

203 3513 287 3558 Erfurt
312 3529 341 3559 zu
366 3514 487 3560 berniihuu
515 3515 564 3560 und
589 3515 615 3559 in
639 3515 683 3560 der
702 3515 994 3574 Hnirataarigelogoulroit
1018 3517 1161 3561 ‹laureo-lbere
1186 3516 1232 3562 mit
1253 3515 1302 3561 bot
1327 3514 1454 3561 aaronita
1478 3529 1507 3559 zu

203 3585 298 3632 stchcu.

284 3683 364 3748 luris
391 3682 582 3765 peritissimo
608 3683 735 3748 domino
757 3683 940 3750 llercbordo
967 3684 1200 3767 hlar·garito‚
1227 3684 1361 3769 patricio
1392 3690 1424 3746 et
1451 3682 1508 3747 arl-

203 3796 314 3848 vocato
336 3784 575 3868 Erphurdiensi,
597 3787 699 3850 amico
721 3785 919 3850 celebrando.

267 3953 278 3994 ¹
299 3957 411 4014 «lohann
432 3958 613 4030 Slimmcriug.

265 4033 278 4075 ²
300 4038 408 4092 Mutiau
429 4039 502 4110 aeigt
522 4039 582 4094 sich
603 4039 631 4092 in
653 4040 702 4094 der
723 4039 797 4094 That
818 4039 903 4095 bitere
924 4040 1121 4094 misstrauiseh.

264 4113 278 4155 3
300 4118 358 4172 Der
374 4119 499 4172 Erfurter
515 4119 678 4190 Priipositus
699 4137 742 4174 aru
760 4120 929 4176 Marieustift
948 4121 1030 4176 sollte
1050 4121 1110 4176 sich
1125 4139 1218 4191 wegcu
1236 4119 1376 4190 spalatina
1394 4120 1508 4191 Diplcm

205 4197 351 4252 bemiihen.
394 4199 455 4270 vgl.
474 4199 519 4255 Br.
537 4199 595 4252 414
618 4199 645 4253 S.
658 4189 796 4255 73—74.

264 4273 386 4332 4Mich.
417 4278 492 4330 1492
520 4281 630 4333 wurdcn
659 4281 796 4334 lohannes
824 4283 879 4334 und
905 4281 1081 4336 Bornlrurdus
1106 4280 1216 4334 Bucrcn
1245 4281 1279 4334 de
1313 4281 1455 4335 Fritularia
1480 4281 1509 4335 in

205 4357 299 4412 Erfurt
325 4359 557 4414 immatrilruliert.
600 4360 737 4414 Wolteres
760 4362 833 4414 habe
855 4362 900 4415 ich
924 4363 1068 4415 liberdum
1089 4361 1196 4416 Narnen
1218 4361 1349 4416 Burnusia
1370 4362 1449 4415 riicht.
1470 4380 1510 4414 er·

205 4439 313 4493 mittcln
336 4439 454 4494 kiiuuen.

263 4515 278 4556 ⁵
300 4519 351 4572 Ein
375 4520 518 4574 nielli-lach
539 4520 694 4574 erwiihntcr
716 4521 820 4575 Diencr
841 4521 959 4577 llrbuus.

266 4594 280 4638 ὓ
299 4600 425 4657 Publius.
469 4601 561 4655 Ueber
585 4601 643 4654 sein
665 4601 816 4656 Verhalten
834 4605 919 4672 vergi.
937 4603 978 4656 Br.
992 4601 1129 4672 423‚435
1144 4620 1162 4656 u
1184 4621 1208 4656 a.
1219 4621 1255 4656 m.

1274 4698 1309 4750 7*
