3625 5192
650 343 739 400 Briele
758 343 877 400 Mutlarrs
897 346 955 399 tto.
975 345 1034 401 lll.
1058 347 1117 403 lla
1170 427 1175 434 Ι
1461 349 1529 403 ‘tao

220 491 354 574 requiro,
375 493 450 575 quaid
472 481 561 575 agas,
583 491 698 574 quibus
718 493 864 576 studeas,
885 495 939 577 qui
959 497 1079 560 valeas.
1120 496 1190 560 Erit
1209 497 1359 579 tortasse,
1383 498 1445 565 iuno
1466 519 1528 564 non

221 593 332 676 dubie,
354 596 446 659 lunius
475 615 543 660 mee
569 595 793 662 sollicitudinis
820 597 882 660 tale
911 618 1109 681 responsum:
1130 598 1215 677 Quid
1241 600 1284 663 ad
1305 607 1350 680 te,
1379 599 1529 681 llntianc,

128 759 141 770 ,
220 697 246 760 si
267 697 466 762 llcrclrordus
488 707 574 762 amat
595 696 753 781 nymphas
775 699 937 765 silvestres
957 701 1002 765 tui
1024 702 1151 782 oblitus,
1173 703 1321 767 librorum
1343 705 1530 770 immernor?

221 803 268 864 rln
292 801 435 883 ignoras,
463 807 582 882 quanta
605 801 646 866 sit
667 801 716 866 vis
737 807 769 866 et
790 803 939 885 potencia
961 802 1156 887 Cupidinis?
1197 805 1268 870 Non
1295 814 1385 870 curat
1406 806 1531 889 [legen-

221 904 330 968 ardum
343 906 361 983 ¹,
381 925 442 968 non
467 903 629 968 materiem
651 903 709 968 tibi
731 905 976 986 suggerendam,
997 926 1058 970 uon
1080 907 1178 986 Croti,
1198 909 1338 972 omnium
1358 907 1530 973 officiorum

220 1006 490 1072 observantissimi
512 1004 701 1086 dignitatem
725 1007 876 1088 futuram,
904 1007 968 1072 imo
989 1028 1030 1074 ue
1048 1027 1137 1072 snam
1161 1008 1299 1092 quidem.
1342 1009 1429 1088 Vah,
1455 1010 1531 1091 qnid

221 1111 354 1176 narras?
394 1108 542 1172 Putaram
569 1127 691 1173 summa
711 1117 967 1189 consecuturum,
997 1110 1025 1174 si
1052 1110 1196 1176 doctrina
1223 1111 1293 1176 eins
1318 1111 1530 1177 maturuisset.

222 1212 255 1276 ln
278 1211 380 1294 primo
401 1208 476 1275 llore
491 1210 649 1276 extinctus
663 1217 712 1274 est
725 1211 935 1277 Herebordna.
960 1211 1087 1284 Marcet,
1111 1214 1248 1293 languet,
1270 1212 1396 1292 dormit,
1418 1215 1530 1286 stertit,

220 1333 281 1377 non
304 1313 429 1392 scribit,
452 1333 513 1378 non
535 1311 660 1378 edenda
685 1314 819 1394 cogitat,
847 1314 928 1378 nilril
949 1313 1086 1396 colligit,
1113 1311 1201 1380 aliud
1224 1316 1331 1401 palam
1354 1315 1442 1380 alind
1463 1317 1533 1398 agit

220 1423 350 1482 secreto.
391 1416 462 1532 lam
479 1416 578 1498 liquet
598 1415 675 1480 milri
698 1417 772 1494 lore,
795 1423 829 1480 nt
849 1416 988 1482 dicatur:
1011 1418 1163 1498 „Opera2
1184 1426 1216 1482 et
1237 1417 1383 1502 impensa
1405 1419 1533 1504 periit“-

220 1520 333 1584 Excita
353 1522 511 1602 teipsum,
534 1536 639 1601 queso,
660 1526 692 1583 ct
712 1517 779 1582 rodi
803 1519 834 1583 in
848 1519 933 1584 viam
944 1525 977 1582 ct
990 1517 1164 1584 llutiannm
1176 1527 1320 1584 anrauter
1331 1519 1532 1604 amplectere,

220 1623 272 1705 qui
298 1629 350 1685 tuo
377 1621 486 1685 lronori
514 1621 599 1684 lavet
627 1629 660 1685 ut
682 1639 805 1704 parens.
856 1622 986 1685 Scribas
1012 1621 1223 1703 frequentina,
1254 1629 1288 1686 nt
1314 1622 1430 1701 sciam,
1455 1621 1533 1704 quid

221 1725 374 1808 pollicear
395 1723 472 1788 milri
500 1722 540 1788 de
560 1723 784 1806 margaritarlo
807 1729 868 1788 tuo.
912 1723 978 1788 llec
1002 1723 1107 1788 scribo
1132 1743 1153 1787 a
1180 1723 1332 1806 prandio,
1357 1744 1427 1789 cnm
1456 1743 1534 1808 puer

219 1834 372 1907 rogasset,
393 1845 467 1891 num
480 1826 521 1888 ad
533 1833 563 1890 tc
585 1825 856 1890 scriberevellem.
902 1825 1038 1908 ldeoqne
1057 1826 1140 1891 nitor
1160 1826 1260 1891 abest
1294 1826 1448 1891 ludicinm
1469 1846 1531 1893 uon

219 1929 317 1994 deest.
350 1928 447 1994 Cuius
469 1929 526 1994 hec
548 1947 670 1993 summa
691 1929 806 1993 aeetias
827 1928 1044 1994 llerclrordum
1066 1931 1220 1993 facturum
1239 1931 1346 2010 luisse,
1367 1929 1394 1994 si
1416 1930 1460 1996 ad
1481 1950 1532 1995 me

219 2034 328 2098 crebro
352 2031 541 2115 scripsisset,
562 2031 637 2114 quia
651 2039 754 2096 tamen
772 2032 864 2096 venie
883 2031 972 2096 lmus
982 2039 1135 2113 superest,
1157 2031 1289 2114 dignum
1304 2033 1398 2098 venia
1419 2031 1530 2111 videri,

212 2135 380 2218 presertim
405 2133 430 2198 si
453 2155 487 2198 se
509 2135 691 2217 purgaverit
714 2143 746 2198 et
767 2135 830 2198 ooli
853 2133 902 2198 vel
927 2133 1032 2216 plotius
1047 2134 1165 2198 silentii
1178 2134 1332 2199 rationem
1348 2134 1529 2201 reddiderit.

218 2237 255 2302 ld
287 2237 409 2319 private
437 2235 682 2302 necessitudinis
709 2244 814 2302 nostre
846 2236 1007 2301 vinculum
1038 2237 1186 2320 postulat.
1236 2236 1328 2302 Tollo
1357 2241 1390 2303 et
1416 2235 1530 2302 aboleo

122 2347 126 2358 '
219 2340 466 2423 postulacionem
486 2347 519 2403 et
541 2339 768 2404 danmatricem
782 2359 917 2422 prorogo
932 2339 1132 2418 sententiam,
1153 2339 1181 2404 si
1202 2339 1328 2423 culpam
1349 2340 1529 2421 agnoveris,

219 2451 310 2525 teque
339 2442 537 2506 revocaveris
565 2441 607 2505 ab
634 2460 736 2505 errore
765 2441 914 2506 inviam.
957 2439 1026 2522 Ego
1052 2439 1156 2505 tacitis
1182 2460 1250 2506 sum
1275 2449 1307 2506 et
1331 2441 1470 2508 clemens
1497 2447 1530 2506 et

219 2547 284 2609 lero
306 2545 338 2608 in
350 2546 512 2608 iuventute
524 2542 712 2617 libertatem,
735 2543 930 2608 inmonaclro
953 2543 1128 2615 lasciviam,
1150 2543 1182 2606 in
1202 2542 1370 2626 pedagogo
1390 2543 1527 2610 delitias.

213 2647 385 2712 Neminem
414 2644 604 2725 condemno,
634 2653 710 2727 puto
736 2645 970 2709 sanctissimum
995 2664 1066 2709 esse
1085 2645 1301 2726 Spoletinum,
1327 2653 1403 2728 puto
1431 2646 1527 2712 Hero·

219 2749 348 2814 bordum
370 2747 644 2813 modestissimum,
663 2759 695 2810 et
717 2749 778 2812 orci
800 2747 1067 2826 anranrtissimum,
1101 2757 1177 2830 puto
1206 2748 1340 2831 priorem
1364 2749 1528 2830 integerri-

217 2871 310 2932 mum,
331 2851 390 2915 etsi
413 2851 496 2916 lama
517 2850 646 2924 sinistra
666 2849 803 2930 nunciet,
826 2849 884 2913 hoc
906 2857 963 2928 est,
984 2868 1045 2930 que
1068 2850 1175 2915 nolim.
1217 2851 1281 2916 Oro
1302 2851 1474 2934 resipiscas
1494 2859 1527 2917 et

218 2955 301 3018 iacta
331 2953 536 3017 fundamenta
569 2972 631 3016 non
661 2951 786 3030 (lasere,
816 2971 855 3015 ne
881 2950 1043 3017 desolatus
1068 2961 1101 3017 et
1126 2952 1281 3032 inglorius
1308 2953 1406 3018 vitam
1435 2973 1525 3038 agas.

219 3055 308 3133 Vale,
329 3055 426 3134 salve,
448 3055 530 3119 vive.

300 3158 346 3221 Ex
370 3157 463 3221 beata
490 3156 718 3238 tranquillitate
735 3156 780 3220 lll
802 3154 962 3221 Calendas
986 3156 1081 3222 lotias
1101 3176 1185 3222 auno
1207 3178 1228 3222 a
1248 3166 1340 3242 partu
1362 3159 1525 3226 salntil'erc

217 3261 353 3344 virginis
375 3259 496 3324 lllDlX.
1148 3267 1157 3282 ·

287 3385 467 3432 Handsclrrlltl.
486 3384 506 3429 p*
524 3383 570 3429 119
591 3383 630 3430 1υ1.
646 3383 677 3430 95
685 3399 708 3430 v.

217 3535 293 3602 llt.
316 3534 359 3601 ll.
382 3552 428 3602 an
449 3533 585 3624 l'rlran.
1106 3532 1370 3618 (solomona.)
1401 3536 1523 3606 dnlll.

289 3647 349 3698 ntur,
369 3623 479 3692 solrrollrt
502 3646 563 3692 libor
584 3645 625 3706 dio
646 3645 861 3702 llolrarlrlnrrgou,
892 3646 985 3690 wolrlro
1007 3660 1035 3690 er
1056 3646 1156 3704 uepliolr
1174 3647 1240 3692 belm
1260 3647 1369 3694 Anhliek
1388 3647 1433 3692 der
1450 3647 1524 3708 geist·

219 3719 300 3763 llolrou
324 3717 406 3777 Splulc
433 3718 567 3776 arrgestcllt
592 3717 635 3762 hut
660 3715 708 3760 und
731 3715 832 3772 bolrlogt
855 3713 922 3773 sirlr,
946 3715 1002 3760 dass
1027 3716 1095 3762 sclnc
1115 3716 1246 3763 inlitustmr
1266 3718 1380 3764 Fretrndc
1399 3733 1425 3764 so
1444 3719 1524 3765 seltcn

218 3787 356 3834 sarlrrcilron.

300 3885 435 3950 llenrico
459 3884 613 3949 Urbano
635 3883 795 3948 Matienus
815 3884 921 3950 Rullus.

303 3993 334 4052 S.
380 3987 507 4051 loannis
530 3986 674 4050 natalitio
696 3985 749 4050 die
776 3994 905 4051 senatus
933 3987 1130 4071 populusque
1154 3989 1320 4053 (lollianus
1342 3991 1523 4073 apparatis·

217 4091 313 4154 sinros
340 4089 450 4154 ludos3
478 4088 594 4157 edidit.
623 4089 737 4170 mribus
759 4088 875 4153 Clnisti
897 4089 1113 4154 carnificinam
1135 4098 1166 4154 et
1187 4096 1261 4154 acta
1281 4091 1411 4156 effinxit.
1454 4091 1524 4170 Qno

217 4191 397 4276 spectaculo
419 4192 469 4257 vel
491 4191 638 4274 tragedia
656 4191 760 4273 potius
780 4191 919 4274 imperiti
936 4192 1147 4257 sollicitantur
1167 4192 1209 4257 ad
1230 4193 1389 4276 pietatem.
1433 4193 1525 4258 Facit

281 4434 292 4476 ¹
313 4436 375 4508 Vgl.
397 4435 442 4492 Br.
457 4434 495 4489 86
516 4435 542 4491 S.
555 4437 611 4490 126
633 4436 715 4496 Anm.
727 4435 753 4492 5.

278 4515 291 4556 ‘²
313 4517 375 4587 Vgl.
393 4517 530 4586 Erasmus,
552 4517 659 4588 Adagia
680 4535 705 4586 p.
718 4517 782 4571 152.

276 4595 291 4638 ³
314 4597 406 4652 Ueber
426 4597 571 4672 geistlichc
592 4597 685 4670 Spielc
706 4597 733 4651 in
756 4597 849 4654 Gotha
871 4599 925 4673 vgl.
947 4599 991 4656 Br.
1004 4601 1042 4655 ‘28
1064 4600 1089 4656 S.
1105 4601 1143 4658 39
1165 4601 1282 4659 Aunn3
1303 4620 1329 4658 u.
1351 4620 1374 4658 a
