3625 5192
636 365 725 421 Briale
743 362 863 421 Matiana
883 364 942 420 263.
962 361 1021 421 264.
1430 356 1482 415 3411

172 526 357 600 persuasum
379 516 533 591 habeant,
564 525 597 581 te
617 516 680 581 sihi
702 515 859 581 divinitus
880 515 1019 599 prefecto
1038 516 1179 597 gaudent
1208 522 1239 579 et
1261 516 1423 580 letabundi
1451 524 1482 579 te

174 621 274 685 vimm
296 620 583 703 prestantissimum
604 619 655 685 vel
678 619 783 702 potius
810 627 966 697 terrenum
989 638 1108 683 numen
1133 618 1391 703 aruspieatissima
1411 638 1482 683 eon-

175 724 320 787 sensione
339 742 378 786 ac
397 721 850 807 promptissimaeeneratione
866 728 988 803 patrem
1003 721 1105 802 patrie
1126 720 1336 785 consalutant.
1379 721 1463 785 Dixi.

254 825 371 903 Habes,
391 825 509 889 eximie
531 824 689 908 princeps,
709 823 828 885 amoris
848 824 881 887 in
903 830 934 887 te
958 824 1020 886 mei
1045 823 1158 887 vadem
1181 831 1212 888 et
1230 824 1348 906 pignus
1370 832 1401 887 et
1421 843 1482 905 que

173 930 206 993 in
227 927 327 992 oculis
348 928 552 1011 plurimorum
571 934 644 991 suut
664 933 773 1007 gesta,
799 944 840 988 ca
865 926 1066 1007 cogitacione
1095 927 1285 990 suavissima
1313 926 1480 991 celebravi.

172 1030 241 1095 'l'ue
273 1030 359 1095 eninr.
390 1029 610 1111 amplitudinis
637 1034 823 1093 ornamenta
852 1027 949 1093 etiam
984 1027 1170 1092 absentibus
1201 1028 1292 1091 nobis
1327 1028 1483 1112 voluptati

172 1135 267 1199 inere.
307 1130 392 1209 Quid
413 1132 497 1196 enim
520 1132 662 1195 sincerius
683 1130 913 1212 contemplator
922 1149 983 1193 non
1003 1130 1064 1194 sihi
1076 1130 1269 1195 autcoeulcs
1290 1124 1499 1195 constituat?

172 1236 321 1300 Penetrat
341 1234 533 1314 imaginacio
561 1234 676 1314 celum,
706 1239 821 1305 terras,
850 1232 953 1295 maria
972 1238 1005 1296 et
1025 1233 1145 1312 omnia,
1179 1251 1240 1313 que
1261 1232 1294 1296 in
1322 1232 1369 1296 eis
1400 1241 1481 1298 sunt.

172 1340 285 1403 Servat
305 1346 337 1402 te
357 1336 501 1401 Christus
521 1334 607 1400 Deus
629 1336 766 1419 optimus
786 1336 953 1407 munimus,
980 1334 1161 1399 beatissime
1183 1336 1302 1419 primas
1324 1342 1355 1400 et
1376 1354 1483 1399 amau-

173 1442 295 1504 tissime
315 1441 464 1524 princeps
488 1438 692 1502 Hartmanne.

243 1562 426 1609 Handsehristl.
448 1562 525 1609 ΝΗ
540 1576 564 1607 ιι.
576 1560 627 1608 812
645 1560 771 1620 101.198ι
781 1560 897 1609 -1eev.

174 1827 254 1894 cot.
275 1825 320 1895 ll.
341 1846 387 1894 an
407 1826 543 1894 Urban.
1044 1826 1299 1917 (cottiarum).
1329 1829 1417 1897 luni
1429 1832 1503 1901 lb..

174 1950 308 2069 Ubnhint.
328 1952 433 2069 baputat
455 1952 496 1997 die
514 1952 592 1997 durc'h
610 1950 707 1997 Rhamis
724 1949 893 2009 dargabatane
913 1950 1091 2011 (ialeganheit‚
1114 1954 1293 2001 verschiedena
1311 1932 1430 2015 Anitrllga
1449 1971 1482 2003 an

197 2038 209 2068 r
243 2023 360 2068 mauric
379 2028 430 2070 ten.
1297 2056 1300 2063 .

254 2120 334 2185 Cato
361 2120 546 2201 eruditeque
576 2120 728 2201 magistro
762 2117 872 2182 Erricc
903 2118 1055 2184 Urbano
1091 2120 1290 2205 philosophie
1321 2131 1352 2189 et
1380 2124 1481 2189 divini

173 2223 275 2287 cultus
295 2221 409 2287 studiis
431 2221 559 2303 insigni,
579 2221 655 2284 urihi
677 2221 860 2304 cumprimis
880 2222 1082 2287 amicissimo.

254 2326 286 2389 S.
328 2323 423 2387 Venit
448 2323 491 2387 ad
515 2322 706 2387 me'Rhanis
731 2321 791 2386 hac
819 2322 896 2385 hora
922 2324 1059 2406 septima
1080 2330 1112 2389 et
1133 2332 1282 2389 cenatnro
1304 2327 1380 2392 mihi
1401 2327 1483 2393 dixit

173 2447 208 2493 aa
229 2446 299 2491 cras
320 2425 434 2490 iturum
450 2424 661 2509 Euphordiam
681 2432 756 2488 ante
778 2424 855 2488 solis
876 2433 1027 2489 exortum.
1069 2426 1103 2491 Si
1126 2427 1202 2509 quid
1225 2428 1384 2494 literarum
1406 2430 1483 2496 dare

173 2530 304 2608 vellem,
331 2528 462 2611 obsequi
490 2547 525 2591 se
552 2527 633 2591 velle
660 2533 692 2592 et
709 2527 878 2591 commissa
899 2528 962 2591 sibi
985 2528 1140 2611 perlicere.
1183 2530 1252 2611 ego
1273 2533 1405 2597 salutem
1424 2534 1482 2598 tibi

174 2632 299 2716 precari
324 2631 410 2695 soleo
437 2640 470 2695 et
494 2630 606 2695 merito
631 2637 663 2695 et
689 2648 800 2713 precor
821 2629 1003 2697 maximam.
1046 2633 1159 2697 Paucis
1189 2642 1262 2698 arrte
1289 2634 1402 2699 diebus
1427 2635 1481 2699 ad·

174 2735 309 2813 monui2,
331 2742 365 2797 nt
383 2752 463 2817 opus
486 2736 618 2796 novum¹
644 2731 859 2815 exemplorum
887 2732 1064 2797 investires.
1107 2734 1176 2797 Erit
1200 2735 1251 2799 idb
1274 2736 1351 2801 mihi
1374 2738 1482 2820 volup-

173 2838 248 2916 tati,
273 2837 333 2900 etsi
364 2835 458 2916 ungis
486 2833 634 2899 abundet.
684 2832 753 2897 Erit
777 2842 809 2899 et
829 2834 888 2898 tibi
916 2836 986 2899 usui
1016 2836 1048 2898 in
1075 2836 1217 2901 docendo
1247 2838 1343 2901 verbo
1363 2839 1482 2920 divino,

173 2936 299 3020 quando
325 2938 438 3001 iratres
464 2935 514 3000 vel
544 2935 672 3001 blandis
702 2936 980 3001 exhortacionibus
1008 2936 1168 3003 demulces
1194 2940 1244 3004 vel
1272 2941 1482 3005 severioribus

174 3040 268 3105 minis
296 3039 437 3118 territas,
463 3039 510 3101 uti
535 3036 602 3101 lieri
631 3039 718 3103 solet.
762 3038 845 3101 Nam
871 3037 949 3121 quid
975 3039 1046 3122 plus
1070 3040 1102 3105 in
1129 3042 1334 3107 concionibus
1354 3045 1483 3124 energia

173 3142 304 3221 habeat,
325 3161 388 3205 non
409 3139 562 3221 intelligo.
604 3140 674 3206 Cito
696 3138 801 3205 influit
820 3142 1015 3225 exemplum,
1034 3140 1130 3207 ‘lacile
1151 3152 1274 3208 tenetur
1295 3151 1327 3207 et
1348 3144 1483 3209 libenter

173 3245 342 3325 imitamur,
365 3262 426 3325 qne
445 3243 531 3306 tincta
550 3242 592 3307 ab
613 3242 688 3308 aliis
708 3242 863 3308 audimus.
905 3243 1029 3309 Instare
1051 3252 1196 3327 preterea
1216 3246 1376 3310 nundinas
1399 3246 1481 3311 Neo,

173 3347 266 3429 burgi
295 3354 328 3411 et
353 3345 395 3410 de
415 3346 609 3429 purgacioue
634 3346 711 3410 dixi.
754 3345 849 3411 hliror
869 3355 990 3426 autem,
1021 3366 1075 3411 cur
1095 3348 1150 3412 ille
1173 3348 1391 3431 l'odalyrius‘2,
1419 3349 1482 3415 imo

174 3448 363 3532 Esculapius
391 3458 482 3531 pater
507 3468 568 3517 non
597 3448 720 3513 miserit
745 3448 815 3513 iura
844 3449 1029 3513 cathartica.
1072 3449 1105 3513 si
1138 3450 1274 3531 pessime
1301 3450 1483 3531 valuissem,

173 3552 286 3617 luisset
304 3550 345 3617 dc
365 3570 415 3614 me
437 3558 550 3614 actum.
593 3550 683 3615 Adeo
704 3558 809 3616 tamen
831 3551 915 3615 male
936 3570 998 3615 nun
1021 3550 1121 3627 valeo,
1143 3552 1257 3617 utsine
1272 3551 1482 3634 malagmate⁰

174 3656 243 3719 sive
269 3654 398 3738 potione
421 3651 594 3735 producere
614 3652 759 3735 spiritum
781 3672 944 3734 nequeam.
989 3654 1101 3727 Valeo,
1125 3654 1194 3717 laus
1218 3654 1281 3717 lovi
1307 3664 1338 3719 et
1361 3654 1481 3719 lunoni.

174 3759 216 3819 At
232 3756 399 3837 quoniam,
419 3761 453 3818 ut
475 3755 572 3833 nosti,
595 3754 722 3819 deuidia
743 3764 835 3819 nocet
856 3765 887 3820 et
907 3758 1009 3819 ocium
1033 3764 1229 3839 perpetuum,
1254 3792 1285 3801 —
1311 3756 1482 3841 impeditur

173 3861 258 3923 enim
279 3857 441 3921 concoctio
466 3856 619 3921 naturalis
641 3892 680 3903 -
702 3857 774 3921 idea
795 3857 972 3923 exinanitio
993 3858 1148 3922 stomachi
1173 3860 1333 3941 prebuerit.
1375 3860 1482 3937 Quare

172 3961 199 4023 ai
223 3960 389 4043 pilularius
410 3958 566 4022 Machaon
595 3960 722 4042 paravit
742 3960 919 4041 catapotia:
946 3960 1092 4043 pilulas‘¹‚
1120 3959 1213 4025 dabis
1239 3959 1318 4027 huic.
1362 3962 1481 4026 Sinon

173 4064 300 4146 paravit
321 4080 432 4144 meque
452 4061 635 4141 contemnit,
655 4062 771 4126 valeat.
814 4060 924 4125 Ennam
946 4064 1011 4126 alic
1033 4063 1100 4127 loco
1121 4071 1153 4127 et
1173 4064 1315 4146 pituosos
1337 4065 1482 4131 humores

172 4184 212 4228 ex
232 4164 392 4228 intestinis
413 4162 546 4227 educam
567 4170 599 4227 et
619 4164 710 4244 quasi
734 4163 974 4228 tumultuantem
997 4164 1128 4229 militem
1147 4164 1189 4230 de
1203 4166 1305 4247 gradu
1321 4166 1480 4233 deiiciam.

244 4282 308 4333 'ue
325 4285 417 4333 monui.
463 4279 562 4332 ”amru
579 4286 617 4332 aa·
636 4288 677 4335 aa.
717 4280 932 4346 ‘malagmata
974 4272 1100 4335 “rtrum
1117 4289 1177 4335 uero
1197 4290 1254 4337 erm
1271 4290 1398 4351 ιιιιροιιι
1415 4292 1479 4337 aa

180 4431 225 4443 fl..—

237 4530 247 4572 ¹
272 4534 334 4604 vgl.
348 4531 394 4587 Br.
405 4533 464 4586 259
486 4532 511 4588 S.
523 4532 581 4585 343
604 4533 685 4587 Anm.
699 4533 726 4586 1.

192 4698 196 4703 .
232 4612 246 4654 2
270 4614 356 4670 Wohl
377 4614 511 4669 Heinrich
532 4614 678 4669 Eherbach
699 4615 830 4671 darumer
849 4632 882 4669 au
904 4614 1058 4670 veratehen.
1100 4612 1163 4685 Vgl.
1175 4612 1218 4669 Br.
1231 4612 1295 4669 259.
