3625 5192
325 372 378 429 304
697 372 958 446 Gesehiehtsquellen
978 376 1026 433 der
1044 370 1119 433 Pror.
1140 370 1264 434 Sschsen.

309 527 526 609 cognoscere,
547 546 631 591 nune
651 527 944 609 tempusadmonet,
965 535 998 592 ut
1013 528 1170 592 cornicum
1182 528 1289 591 oculos
1302 526 1456 611 configam
1467 532 1488 593 1.
1520 528 1638 613 Pytha-

326 647 422 709 goras
443 627 617 710 discipulos
635 636 741 693 tacere
767 630 901 711 primum
929 629 1053 708 docuit,
1084 632 1191 711 itaque
1221 630 1310 712 quasi
1335 630 1559 713 Pythagorista
1591 630 1634 695 rut

328 729 478 794 hactenus
493 732 639 813 elinguis.
682 730 760 794 Cum
786 739 889 795 autem
903 732 955 801 ‚rir
973 731 1205 796 eruditissimus
1222 732 1388 796 incessitur
1405 740 1436 809 et
1454 733 1527 796 vilis
1544 732 1635 796 homo

326 832 512 913 transfugas
531 830 724 912 detenditur,
744 850 922 898 succurram
944 854 1001 917 pro
1023 834 1106 898 virili
1129 854 1261 899 caussae
1282 854 1343 898 nou
1367 844 1400 897 ut
1423 835 1635 899 Hebraeorum

263 928 266 935 ’
326 943 526 1017 patronus-
540 941 660 998 tuntum
677 934 752 999 mihi
769 955 830 1000 non
847 956 936 1000 sumo
953 972 982 980 —
998 935 1054 1017 sed
1068 936 1215 1001 laudator
1234 936 1362 999 Ioannis
1379 936 1560 1009 *Reuchlini
1581 938 1635 1019 qui

326 1038 471 1102 veritatis
491 1056 597 1100 amore
619 1036 659 1099 de
678 1036 875 1102 Talmudieis
896 1037 1109 1103 voluminibus
1130 1058 1263 1119 aequam
1288 1039 1417 1121 protulit
1445 1040 1635 1103 sententiam

326 1139 518 1220 damnando,
540 1158 621 1220 quae
638 1140 732 1218 mala,
754 1139 983 1221 tuendo-quae
1006 1140 1089 1205 bona
1111 1150 1192 1204 snut.
1233 1140 1288 1203 Ait
1310 1140 1393 1204 enim
1416 1140 1448 1203 in
1464 1140 1529 1204 illis
1543 1140 1636 1204 t'asci·

326 1242 478 1307 culariam
500 1242 833 1323 miscellaneorumque
855 1241 1031 1305 doctrinam
1054 1241 1224 1323 contineri,
1246 1242 1359 1324 impio,
1388 1240 1542 1321 nefanda,
1568 1261 1637 1325 per-

326 1344 452 1427 niciosa·
478 1343 595 1423 relieit,
624 1344 716 1407 utilia
737 1363 876 1407 seorsum
903 1344 1042 1407 discreta
1070 1345 1137 1408 vult
1158 1362 1235 1409 esse.
1279 1343 1348 1407 Non
1371 1342 1477 1407 studet
1499 1343 1635 1424 ludaeis,

326 1466 388 1509 non
411 1453 459 1511 est
480 1443 624 1508 mercede
645 1454 818 1527 corruptus,
840 1446 965 1509 veritati
990 1446 1049 1510 l'ert
1066 1466 1167 1529 opem.
1206 1445 1325 1535 Audiri
1339 1446 1499 1510 Bononiae
1513 1453 1634 1509 tantum

325 1568 395 1614 csse
422 1548 519 1613 decus
546 1548 606 1612 hoc
634 1547 806 1612 Sacrorum
839 1548 872 1611 in
899 1546 1012 1611 litteris
1039 1548 1221 1627 Hebraicis,
1254 1555 1288 1610 ut
1316 1547 1433 1611 Romae
1463 1546 1493 1611 X
1524 1566 1635 1612 aureos

295 1676 298 1681 ·
325 1651 451 1716 dederit
476 1650 595 1714 doctori
619 1649 723 1733 Verpo
748 1670 805 1733 pro
829 1650 921 1713 unius
949 1649 1113 1721 dictionis,
1142 1669 1224 1732 quae
1245 1650 1380 1713 obseura
1401 1655 1483 1721 erat,
1510 1668 1634 1712 enarra·

325 1752 421 1818 tione.
468 1751 639 1817 Tritemius
667 1751 745 1815 mihi
770 1751 852 1815 dixit
872 1751 1073 1816 incredibilia
1100 1751 1140 1815 de
1161 1750 1251 1815 libris
1274 1750 1457 1832 Capnionis.
1499 1750 1572 1814 illisi
1592 1750 1634 1816 ad

326 1874 396 1920 eum
418 1854 634 1935 tabellarium,
664 1854 715 1917 eui
736 1853 875 1918 ostendit
896 1874 961 1917 rem
985 1853 1156 1917 librariam.
1199 1853 1298 1916 lllulta
1319 1852 1461 1917 narravit
1487 1853 1562 1916 mihi
1593 1852 1633 1915 ad

326 1958 409 2022 hunc
428 1957 554 2021 laudem
577 1956 769 2036 pertinentia
789 1955 929 2021 Thomas
946 1955 1163 2019 anshelmusi.
1206 1954 1372 2017 Excutiam
1395 1954 1452 2017 hos
1474 1954 1636 2039 Agrippas

325 2058 462 2125 nooriuis
492 2050 704 2141 praeposteri,
735 2077 809 2121 uam
838 2066 928 2121 extra
959 2077 1103 2122 caussam
1135 2057 1219 2121 acuti
1249 2055 1413 2136 videntur,
1442 2056 1474 2119 in
1506 2076 1538 2119 rc
1564 2058 1635 2140 ipsa

326 2162 455 2227 hebetes
483 2169 515 2224 et
540 2160 676 2223 ridiculi.
723 2162 844 2243 Aptaot
872 2160 933 2224 sibi
961 2160 1135 2241 incongrua
1161 2161 1342 2223 testimonia
1369 2166 1400 2221 et
1426 2159 1572 2239 occupati
1601 2158 1633 2221 iu

325 2264 538 2350 producendis
557 2262 690 2327 testibus
710 2264 813 2325 minus
835 2264 1024 2339 necessariis
1045 2282 1105 2326 noo
1129 2262 1238 2327 rident
1257 2262 1453 2343 quaestionis
1472 2260 1634 2323 cardinem

326 2377 358 2432 et
384 2368 467 2449 quod
499 2364 622 2429 medico
648 2371 734 2446 eget.
766 2365 927 2447 proterunt
952 2364 1064 2429 delirio
1090 2382 1255 2447 personam
1287 2366 1410 2429 serium.
1458 2360 1634 2441 Oriredici,

326 2470 450 2537 medici.
475 2467 610 2531 mediam
633 2466 814 2550 pertundite
834 2468 988 2531 venant!
1030 2466 1108 2531 Vale
1133 2475 1163 2531 et
1186 2467 1281 2530 salve.

407 2572 514 2635 Natali
540 2569 682 2634 Severini
706 2568 842 2632 11111111.
1385 2566 1551 2631 Mutiauns.

396 2695 471 2740 (ledr.
496 2695 519 2738 ll
539 2694 572 2738 im
593 2693 639 2737 Lib
659 2708 715 2738 nov.
728 2692 939 2744 sollis-181·¹
979 2692 1004 2749 2)
1026 2693 1052 2741 b.
1066 2693 1100 2737 'l'a
1118 2690 1310 2739 MSS—264.

928 2842 997 2849 ..----
1016 2844 1021 2849 .
1046 2844 1077 2850 .-

238 2946 243 2957 '
325 2947 407 3015 226.
429 2944 472 3017 11.
494 2965 539 3013 au
561 2946 696 3013 Urbau.
1120 2941 1266 3028 (Gotho)
1280 2942 1371 3009 1512.
1402 2940 1632 3009 lllrtoberiti.

395 3074 466 3119 Nach
486 3072 676 3132 Mitteilungen,
699 3071 794 3116 welche
817 3070 906 3116 Crotus
931 3070 981 3115 und
1001 3070 1115 3130 Spalatin
1139 3069 1275 3128 betrelien,
1299 3067 1437 3114 verlrr'eitet
1459 3066 1512 3111 sich
1533 3064 1632 3112 statim

325 3144 387 3189 iiber
406 3144 446 3189 dio
464 3142 646 3189 Reuchlinsehe
665 3140 933 3199 Angelegcubeitand
956 3140 1100 3199 behsuptet,
1120 3140 1176 3185 class
1195 3139 1221 3185 in
1240 3139 1287 3184 don
1308 3130 1455 3197 „Articuliu
1475 3137 1519 3181 dor
1537 3134 1633 3181 Kblusr

325 3215 388 3260 iiber
406 3214 447 3261 die
466 3213 617 3271 aigerrtliehs
636 3227 686 3257 von
706 3210 827 3257 Reueblin
847 3210 998 3257 bebandelle
1018 3208 1198 3267 Frage'niclrts
1217 3208 1378 3267 geselrrieben
1397 3206 1441 3253 soi.

408 3314 596 3379 Venerando
620 3322 652 3378 et
665 3314 718 3396 pic
735 3312 885 3393 magistro
898 3310 1035 3372 ilenrico
1051 3308 1074 3371 ll
1083 3308 1214 3380 rbaoo,
1237 3324 1387 3370 economo
1399 3302 1509 3367 domus
1530 3302 1633 3365 sancti

324 3418 456 3497 Georgii
478 3415 631 3496 Erlbrdie,
652 3416 813 3478 Matienus
837 3413 944 3476 Rulhs.

406 3521 437 3584 S.
479 3518 527 3582 En
559 3518 616 3581 tihi
644 3518 731 3581 Croti
760 3525 792 3580 et
820 3512 979 3597 Spalatini
1009 3512 1125 3576 literas.
1179 3508 1233 3573 llle
1265 3519 1394 3573 vocatus
1425 3526 1486 3571 oen
1516 3506 1632 3585 veniet,

325 3622 401 3703 quia
431 3620 537 3684 schole
566 3618 714 3683 addictus
745 3618 834 3681 abire
863 3636 925 3680 non
954 3622 1071 3697 potest,
1101 3612 1263 3695 presertim
1297 3612 1409 3675 oborta
1432 3608 1632 3673 dissensione

325 3722 546 3787 monachorum
563 3721 655 3786 bellis
676 3720 777 3784 eciam
799 3718 995 3783 sevientibus
1016 3718 1098 3780 inter
1120 3714 1236 3777 abbam
1258 3721 1290 3778 et
1310 3713 1452 3793 corrietes
1473 3711 1526 3775 die
1548 3710 1629 3773 Riot-

325 3827 420 3890 esel⁵.
462 3823 547 3902 Quid
569 3824 671 3886 lactus
691 3832 740 3885 est
760 3819 966 3904 spalat-inus?
1008 3819 1078 3882 Non
1102 3816 1245 3897 intelligo
1267 3823 1299 3879 et
1320 3815 1447 3891 miror,
1464 3813 1569 3894 uitalis
1590 3812 1632 3875 sit

388 4059 398 4102 ¹
421 4062 484 4133 Vgl.
504 4060 551 4117 Br.
569 4058 626 4113 115
646 4056 672 4115 S.
687 4057 742 4111 158
762 4057 843 4111 Anm.
856 4058 882 4112 6.

386 4140 479 4196 ²Der
496 4138 621 4212 getaufte
642 4138 716 4194 Jude
737 4136 922 4192 Psefferkom.

383 4218 476 4276 ³Der
497 4222 644 4275 beriihmte
665 4218 809 4289 Tiibingcr
829 4216 1040 4283 Buchhiindler,
1066 4214 1111 4269 bei
1132 4214 1195 4267 dam
1218 4213 1263 4267 die
1286 4210 1428 4267 Melrrzalrl
1449 4210 1499 4264 der
1519 4208 1629 4263 Rerreb-

324 4304 452 4359 linsclren
470 4300 610 4355 Schriften
633 4299 794 4353 ersehienen
816 4299 860 4353 ist.
1161 4306 1166 4316 ·
1342 4318 1346 4327 ·

384 4380 398 4421 ⁴
419 4383 538 4439 Jrrvcual
559 4380 608 4449 Vl,
626 4378 664 4431 46
714 4378 738 4432 0
759 4379 869 4447 medici,
890 4378 1004 4431 uirniom
1029 4375 1186 4446 pertundite
1207 4374 1318 4427 venam!

383 4460 398 4503 ⁵
420 4464 476 4517 Das
498 4460 668 4515 Gesclrlecht
689 4461 738 4513 der
758 4459 879 4512 Rietesel
898 4476 953 4511 war
974 4458 1037 4511 sehr
1058 4456 1189 4524 uriielrtig.
1231 4454 1282 4507 Eia
1300 4449 1551 4523 Vulpertllietesel
1573 4466 1626 4501 ron

324 4542 505 4600 Bellerslreim
533 4560 588 4595 war
613 4540 687 4593 1513
713 4539 771 4593 Abt
796 4557 850 4592 von
872 4538 1008 4591 llersl'eld.
1049 4536 1112 4607 Vgl.
1131 4534 1268 4605 Wiegaud
1290 4534 1389 4601 Lenze,
1412 4532 1488 4585 lless.
1505 4528 1627 4583 Clrrcuilr

322 4627 353 4681 in
373 4628 422 4681 der
441 4611 601 4679 Zeitsch'ril't
620 4622 669 4675 des
684 4620 800 4676 Vereins
820 4618 866 4675 fiir
886 4620 956 4673 hess.
976 4616 1144 4675 Geschichte
1166 4624 1226 4686 ete,
1247 4615 1284 4670 11,
1297 4612 1385 4683 Suppl
1416 4612 1433 4666 l:
1448 4610 1498 4667 Bd.
1521 4610 1547 4667 S.
1568 4608 1608 4663 ll.
