3625 5192
309 315 359 368 104
679 315 940 383 Goschichtsquollen
958 317 1007 370 dor
1027 314 1100 370 Prov.
1120 315 1244 370 Sschsen.

388 467 420 528 S.
463 463 611 544 Magnum
634 471 666 527 ot
687 463 850 528 honestum
874 483 945 530 csse
965 465 1048 529 inter
1063 465 1257 546 professores
1272 465 1436 530 Eobanum
1455 471 1519 528 tam
1537 463 1614 528 mihi

308 567 414 650 piacet
440 585 533 648 quam
562 565 646 646 quod
674 566 820 629 maxime.
870 566 1148 648 ingeniosissimus
1176 568 1269 634 bomo
1295 576 1446 648 quaritum
1475 567 1615 632 carmine

308 669 428 750 valeat,
450 668 540 732 testis
561 674 608 732 est
630 667 812 732 Germania.
856 669 923 732 Nos
943 668 1073 750 gloriari
1094 689 1262 753 possumus
1282 671 1399 734 babere
1421 669 1517 733 talem
1538 669 1614 731 anri-

309 791 378 836 cum
407 771 494 834 fama
521 770 755 834 immortalem.
804 771 919 834 Noster
946 770 1162 845 Herebordus,
1198 771 1224 836 si
1253 793 1322 837 nreo
1348 771 1482 836 consitio
1506 771 1617 835 t'uisset

308 892 391 950 usus,
414 892 475 937 nou
497 870 631 936 vidisset
650 872 807 936 Brunonis
828 873 1022 952 civitateml,
1043 891 1143 954 genus
1163 881 1327 938 ventosum
1350 881 1381 938 et
1403 873 1509 938 bibax.
1550 873 1615 936 Ma-

308 983 383 1040 neat
403 974 436 1037 in
459 993 557 1055 regno
578 969 726 1058 paterno,
755 975 809 1039 ubi
839 973 944 1038 laudis
971 974 1138 1057 plurimum
1158 975 1286 1057 assequi
1305 980 1417 1060 potest.
1459 977 1552 1039 Solus
1572 975 1617 1039 la·

308 1079 402 1154 tinus,
413 1067 510 1141 'solus
530 1076 738 1164 antiquarius,
761 1076 846 1140 solus
868 1074 965 1158 (quod
979 1076 1223 1160 voluptatimibi
1236 1080 1299 1156 est)
1320 1078 1402 1142 inter
1423 1086 1488 1142 tam
1509 1098 1614 1161 super-

308 1180 365 1244 bos
387 1179 565 1243 causidicos
587 1179 722 1259 sapereb
743 1176 876 1240 videtur.
919 1177 1036 1259 Ceteri,
1057 1184 1091 1240 ut
1111 1185 1194 1257 sunt,
1214 1177 1369 1243 habentur
1389 1179 1525 1243 barbari.
1568 1180 1616 1243 Dc

308 1281 408 1345 tribus
425 1281 587 1345 canonicis
608 1288 640 1344 et
661 1279 766 1344 scriba
785 1280 974 1360 tbmigorato
992 1280 1040 1344 sic
1060 1281 1188 1362 accepi:
1210 1281 1314 1345 ituros
1329 1281 1616 1364 Parthenopoiirm:

308 1383 569 1464 Magdcburgum,
587 1389 620 1446 ut
638 1381 775 1446 salutent
791 1379 947 1444 delectum
963 1380 1143 1464 pontificem
1152 1384 1173 1442 ⁴2.
1215 1381 1333 1463 Magna
1349 1402 1451 1446 rerum
1470 1383 1617 1448 mutacio.

309 1485 398 1550 Unus
428 1484 553 1548 iuvenis
574 1483 627 1547 vix
651 1482 855 1566 pedagogum
881 1490 914 1548 et
942 1483 1121 1548 rudimenta
1147 1482 1308 1548 literarum
1342 1485 1522 1567 relinquens
1555 1505 1616 1550 uno

309 1607 393 1650 anno
410 1586 446 1650 tit
461 1592 509 1650 ter·
523 1585 629 1668 presul
644 1593 675 1649 ot
694 1583 820 1666 quidem
843 1584 1121 1650 eminentissimus.
1161 1585 1268 1664 Miror,
1288 1588 1315 1650 si
1337 1587 1420 1652 Leo⁰
1440 1588 1472 1652 X
1493 1588 1616 1670 cicnam

308 1688 416 1769 (vulgo
428 1687 558 1771 pallium
573 1691 702 1765 vocant)
716 1686 938 1750 transmittare.
970 1685 1034 1750 Sed
1045 1686 1142 1752 Rome
1153 1687 1230 1768 quid
1242 1707 1302 1752 non
1317 1689 1452 1753 venato?
1484 1689 1617 1754 Videbis

310 1790 493 1874 pqnuiatum
515 1789 688 1866 Albertum,
711 1787 761 1851 cui
779 1786 864 1852 Deus
886 1789 1101 1852 constanciam
1124 1790 1252 1854 tribuat.
1295 1790 1415 1854 Mutato
1438 1791 1521 1855 enim
1545 1812 1616 1856 con-

309 1892 380 1956 siiio
392 1891 464 1975 plus
475 1890 612 1970 nocebit,
632 1889 708 1971 quia
718 1890 967 1973 potentissimus,
992 1889 1164 1972 prurdie,
1182 1911 1277 1973 quam
1294 1892 1445 1975 prodesse
1462 1902 1615 1958 censetur.

310 1994 376 2060 ileo
396 1993 505 2077 superi
525 2001 643 2057 curent.
685 1991 734 2055 Tu
759 1991 887 2056 ianum⁴
909 1991 1021 2057 audies
1042 2001 1074 2055 et
1094 1993 1219 2059 valebis
1239 1994 1282 2058 ad
1303 2003 1378 2058 vota
1399 1995 1484 2077 t'clix.

388 2095 526 2179 Raptim.

378 2219 599 2266 Huudscbristl.F
624 2217 675 2265 ⁴285
700 2219 741 2265 t'ol.
767 2217 962 2266 rubr-resa
997 2219 1072 2266 Godr.
1096 2218 1120 2267 b.
1139 2219 1173 2264 'l'z
1195 2221 1219 2267 S.
1242 2217 1291 2266 149
1319 2235 1364 2266 con
1384 2220 1502 2281 Magnum
1527 2227 1553 2270 ct
1576 2224 1616 2268 bo·

309 2301 406 2338 nostum
425 2290 460 2337 bis
477 2290 561 2349 sopori
579 2293 675 2336 curent.

378 2391 389 2417 ‘¹
408 2397 441 2442 Te
458 2395 608 2486 ignmormic.
649 2377 713 2440 ''Tz
731 2395 774 2440 Ιιιιι
794 2409 836 2440 cor·
853 2408 942 2453 supere
960 2395 1021 2440 'soris
1039 2393 1107 2442 mihi.
1150 2389 1214 2440 ‘Ta
1231 2395 1436 2455 Partircnopoiin.
1472 2379 1485 2416 ‘¹
1504 2397 1530 2440 F
1542 2397 1616 2456 poda-

308 2481 391 2527 gogus.
470 2461 520 2510 'F
533 2466 611 2517 Leon,

859 2571 1061 2580 ----—

308 2700 386 2771 447.
410 2698 454 2770 ii.
477 2717 521 2765 au
541 2699 673 2768 Urbau.
999 2695 1132 2780 (Gotho
1147 2698 1241 2769 1514.
1278 2696 1616 2782 conlocatorum.)

379 2823 440 2870 ntur.
459 2824 531 2870 icbnt
549 2825 589 2870 dio
608 2823 865 2880 Zusumrnoustcilung
883 2821 930 2868 mit
946 2821 1063 2868 Erasmus
1080 2821 1131 2866 rrrrd
1145 2821 1267 2868 Rarrcbiin
1286 2822 1319 2867 ub
1340 2823 1391 2868 und
1409 2823 1536 2868 boricbtet
1554 2823 1617 2868 iiber

217 2949 221 2956 ,
309 2895 358 2940 (lou
378 2894 568 2953 Sprrlutinsciren
585 2895 669 2941 Vilior.
707 2895 740 2939 lir
758 2894 846 2940 scudot
860 2891 1011 2938 lnschrittcu
1031 2893 1069 2937 iiir
1090 2891 1134 2938 dus
1153 2892 1221 2938 Haris
1240 2893 1284 2939 dur
1298 2893 1437 2939 llorncstus
1456 2893 1505 2939 und
1526 2899 1616 2938 wartct

308 2965 407 3010 Urbaus
427 2963 476 3009 Rat
494 2965 519 3010 in
541 2965 585 3010 der·
605 2965 748 3011 sortitu-non
767 2963 861 3008 Atticino
879 2963 920 3009 nb.

389 3061 525 3126 ilenrico
548 3060 718 3142 Urbano,
739 3062 911 3125 amicorum
932 3061 1085 3144 optimo..

389 3165 420 3229 S.
462 3163 531 3244 Ego
557 3164 706 3228 minimus
733 3164 974 3246 apostolorum5.
1017 3164 1077 3241 Qui
1105 3164 1359 3228 ιιίιιιιινίιιιιιιιι6
1386 3163 1474 3226 iilum
1495 3173 1613 3242 creant,

308 3266 359 3330 vei
383 3285 432 3330 me
452 3265 599 3330 derident
620 3263 687 3344 vol,
711 3265 794 3345 qrrod
816 3283 891 3328 vero
912 3265 1048 3330 similius
1070 3273 1134 3346 est,
1155 3265 1238 3329 maie
1258 3263 1401 3328 iudicant
1422 3264 1462 3328 dc
1485 3265 1616 3329 summis

308 3369 373 3433 iliis
390 3368 477 3445 viris,
494 3367 548 3449 qui
565 3368 612 3430 ita
623 3367 790 3445 excellunt,
803 3373 953 3448 quantum
966 3366 1053 3431 lenta
1071 3367 1173 3432 solent
1189 3367 1271 3430 inter
1288 3366 1424 3430 viburna
1441 3367 1580 3450 cumessi
1592 3369 1614 3432 ².

373 3583 382 3626 l
407 3587 460 3642 Die
481 3587 735 3658 Iiarnlbcmerkung
756 3587 784 3640 in
806 3588 868 3641 dom
890 3585 1071 3640 Frankfurter
1093 3584 1185 3639 Codex
1206 3583 1311 3638 eririiirt
1333 3601 1363 3637 es
1383 3585 1424 3637 als
1443 3583 1616 3656 Bruuswigk.

313 3667 448 3721 Wclcbcn
469 3667 567 3721 zweek
593 3667 637 3722 dio
664 3667 745 3721 Reise
773 3669 821 3721 des
846 3667 991 3721 Horobord
1015 3684 1068 3720 von
1096 3666 1145 3719 der
1169 3663 1297 3718 Mantinon
1324 3663 1471 3735 verfoigtc,
1503 3665 1540 3719 ist
1564 3683 1616 3720 aurs

308 3746 418 3800 birinum
442 3745 535 3800 Briefc
556 3747 722 3802 ersicbtlich.

370 3823 383 3865 ²
405 3827 483 3880 Nach
505 3827 692 3883 Falkoustoin.
735 3827 857 3882 Historic
880 3845 933 3881 von
956 3825 1078 3881 Erffurtb
1102 3824 1128 3879 S.
1143 3823 1201 3878 544
1229 3825 1362 3878 orducten
1386 3823 1530 3894 tingistnu
1558 3827 1614 3880 trud

309 3907 389 3960 Stadt
406 3907 502 3960 Erfurt
521 3925 565 3960 am
590 3908 634 3963 10.
648 3907 773 3962 Oktober
794 3909 853 3962 ihre
871 3907 1030 3961 Gesandten
1051 3906 1097 3971 ab,
1118 3923 1164 3958 um
1185 3906 1247 3958 dem
1269 3922 1359 3958 neuen
1376 3903 1541 3959 Erebiscbos
1559 3923 1614 3959 von

309 3987 407 4052 blainn,
428 3987 565 4042 Albrecht
585 4006 638 4042 von
661 3987 869 4058 Braudcnburg,
891 3972 991 4042 Gtuek‘
1006 4005 1039 4041 zu
1061 3986 1219 4039 wiiuscben.

370 4063 384 4104 ³
406 4067 540 4121 Dasseibe
562 4069 653 4122 werric
679 4069 735 4121 ihm
756 4086 800 4122 mn
825 4069 848 4122 1.
871 4067 1035 4137 September
1056 4068 1084 4120 in
1103 4065 1175 4120 Rom
1194 4064 1338 4135 bewiliigt.

377 4143 390 4184 ⁴
412 4147 500 4202 durrus
522 4147 641 4203 Urbicus
664 4149 772 4203 scheint
794 4149 821 4201 in
844 4146 938 4202 Gotha
959 4147 1003 4202 bei
1026 4146 1133 4201 Mutiun
1154 4146 1217 4199 ciuc
1239 4143 1401 4217 Bestclinng
1420 4147 1616 4222 arisgcrichtct

306 4245 338 4280 zu
360 4228 459 4282 huben.

369 4303 382 4346 5
406 4308 431 4360 1.
448 4307 600 4362 Korinthcr
612 4307 656 4362 15.
669 4309 694 4362 u.
714 4309 717 4315 '

368 4383 382 4420 ὓ
404 4389 546 4457 Erasmus,
568 4388 704 4442 Roueiriiu
734 4390 789 4442 rrrrd
817 4387 975 4461 Martianus,
1009 4389 1080 4444 uach
1106 4386 1183 4442 ciucr
1208 4386 1462 4458 fflurrdbcmcrkung
1489 4387 1518 4441 iu
1547 4389 1613 4444 dem

307 4466 487 4524 Frauksurtcr
508 4467 607 4522 Codex.

370 4543 507 4622 7Vorgil.
538 4549 664 4622 Eklogcn
676 4550 698 4603 1.
711 4548 759 4604 25.
