3625 5192
303 311 357 363 410
675 317 934 385 Gesclrichtsquellen
954 319 1002 370 der
1020 318 1093 384 Proy.
1114 319 1236 374 Sschseu.

303 462 366 526 tuis
386 464 539 546 auspiciis
565 472 596 529 et
619 464 739 530 Urbani
759 464 855 530 ductu
876 474 1043 548 venerunt,
1070 475 1175 550 preter
1204 476 1392 551 argumenta
1411 453 1537 553 legibus
1558 469 1614 537 ad·

304 555 388 629 lecta
415 572 447 630 et
475 567 684 649 paucissimas
713 567 940 634 adnotaciones
972 588 1012 633 ex
1045 570 1113 635 iure
1144 569 1306 654 pontificio
1338 571 1505 656 decerptas
1533 573 1615 638 nihll

303 668 377 731 novi
407 687 463 749 pre
484 687 517 733 se
538 669 650 734 l'erunt.
691 669 750 734 Est
771 669 865 737 isthic
886 670 952 735 alia
973 670 1091 753 edicio,
1118 673 1174 736 sed
1197 691 1296 757 penes
1316 693 1394 756 quos
1416 675 1472 755 sit,
1495 675 1614 758 ignore.

304 769 341 834 ln
365 789 429 851 qua
455 772 653 852 corriguntur
677 773 782 852 legum
804 772 908 853 litere,
937 773 1075 858 exempli
1096 775 1203 856 gratia
1222 775 1422 841 scribendum
1445 796 1516 842 esse
1539 777 1613 842 Vul-

305 871 435 951 pianns‚
461 862 630 954 legendum
656 873 697 937 de
718 874 839 938 indiem
859 874 1020 940 edictione
1041 881 1073 940 et
1094 875 1127 940 id
1148 896 1248 958 genus
1270 887 1421 943 sexcenta
1471 879 1614 963 Dispice,

304 977 332 1038 si
360 978 420 1037 me'
436 995 541 1055 amas,
572 995 646 1040 uum
674 975 829 1040 eiusmodi
855 977 1089 1060 castigationes
1116 978 1149 1043 in
1177 979 1278 1044 fruute
1313 980 1491 1046 habeantur
1521 983 1616 1066 primi

303 1075 376 1140 libri
397 1096 439 1140 an
462 1085 534 1160 pust
553 1076 646 1143 finem
668 1078 785 1159 ultimi,
807 1079 925 1153 ausit,
947 1087 981 1143 ut
1000 1080 1079 1162 dixi,
1098 1081 1163 1145 alia
1186 1081 1300 1164 editio,
1322 1083 1354 1146 in
1376 1083 1464 1148 cuius
1486 1103 1616 1168 corpure

303 1187 439 1262 purgata
465 1179 507 1244 sit
533 1179 697 1246 verborum
730 1181 819 1246 ratio.
871 1181 1060 1264 Quanquam
1091 1186 1242 1266 pleraque
1274 1185 1369 1249 nullis
1400 1185 1615 1269 adminiculis,

304 1280 360 1344 sed
380 1287 503 1361 nostro,
533 1289 566 1344 ut
596 1281 725 1362 dicitnr,
754 1283 855 1347 Marte
876 1282 1116 1350 emendavimus
1168 1285 1249 1350 Vide
1277 1295 1422 1371 preterea
1448 1289 1481 1352 in
1511 1296 1615 1354 vetus·

303 1384 435 1448 cissimis
451 1384 686 1467 exemplaribus
705 1377 960 1474 manuscriptis,
981 1406 1022 1450 an
1035 1385 1159 1452 Meuius
1181 1387 1316 1472 legatur,
1336 1409 1431 1471 quam
1444 1391 1613 1457 lectionem

303 1505 364 1566 ego
381 1505 520 1568 agnosco
541 1493 573 1550 et
594 1485 707 1570 probo,
727 1506 768 1550 au
792 1507 866 1551 vero
888 1482 1014 1553 hlevius
1034 1495 1067 1552 ut
1089 1490 1192 1572 vulgo.
1235 1491 1339 1556 Parva
1360 1492 1530 1572 sunt-hec,
1557 1493 1615 1560 scd

302 1589 329 1653 si
352 1596 383 1652 te
402 1588 609 1653 dormientem
630 1588 830 1669 excitabunt,
854 1609 916 1653 nun
935 1609 1047 1678 parva.
1090 1590 1231 1674 Evigila,
1259 1600 1293 1658 ut
1313 1601 1345 1659 te
1367 1588 1523 1660 in'ollioio
1545 1595 1614 1660 lire-

302 1709 406 1754 rarum
434 1690 567 1773 turpiter
587 1709 712 1756 cessare
731 1709 771 1755 ac
796 1710 866 1754 eam
888 1690 992 1773 ipsum
1013 1693 1237 1775 cessationem,
1264 1696 1340 1776 quia
1365 1697 1494 1762 sedulus
1519 1698 1615 1762 iuter·

303 1791 441 1875 pellator·
458 1791 587 1873 accedo,
607 1812 669 1856 uon
690 1810 762 1857 esse
782 1793 875 1876 culpe
895 1794 1054 1875 gravioris
1074 1802 1235 1879 expertem
1257 1797 1429 1882 intelligas.
1472 1799 1559 1866 Vale.

306 1977 311 1985 ν
345 1894 532 1977 Equinoctiu
552 1895 703 1959 autumni.

254 2111 257 2115 1
372 2041 552 2088 Haudsehrit‘tl.
563 2041 583 2086 F
595 2040 644 2087 18¹2
664 2043 705 2089 lol.
718 2041 913 2091 lstv-tttr.
948 2033 950 2036 ⁵

302 2312 379 2384 ero.
401 2309 443 2379 u.
466 2329 512 2376 an
533 2291 670 2380 uruiu
771 2339 775 2346 -
1096 2283 1229 2396 (uuum
1248 2313 1343 2382 rma.
1376 2311 1614 2396 septulum.)

371 2437 433 2483 lllnt.
456 2436 544 2482 urtcilt
568 2435 630 2481 iiber
652 2423 889 2493 Gregor‘Agrieola
915 2435 966 2481 und
992 2405 1112 2482 Matthias
1132 2437 1259 2483 Kaumlcr.
1301 2437 1365 2483 Dein
1386 2437 1513 2482 Wunsche
1538 2437 1615 2496 jones,

302 2508 412 2568 lriiufrger
430 2506 601 2553 Nachrichteu
620 2519 649 2550 uu
668 2504 760 2565 haben,
776 2505 827 2550 will
846 2520 873 2551 ar
890 2519 969 2566 gerne
987 2507 1135 2554 willfahreu.

383 2604 560 2685 Urbano,
581 2601 648 2666 viro
669 2601 763 2668 docto
784 2612 816 2669 et
837 2604 949 2670 amice.

383 2706 484 2772 Salus.
533 2705 705 2789 Gregorius
739 2707 928 2788 Agricola¹‚
960 2707 1008 2771 vir
1036 2727 1151 2789 magne
1184 2706 1353 2790 dignitatis
1384 2715 1416 2772 et
1446 2705 1617 2788 singularis

301 2811 453 2889 doctrine,
482 2819 624 2874 movetur
650 2809 752 2873 eciam
781 2809 867 2873 tenui
896 2809 1192 2890 commendacione,
1219 2816 1252 2874 ut
1277 2809 1397 2892 optatis
1418 2807 1617 2896 respondeat.

304 2915 352 2978 lta
372 2913 450 2977 mihi
469 2914 556 2977 favet
577 2919 609 2977 et
629 2931 705 2977 vera
725 2930 832 2975 snmus
853 2911 1002 2976 anriuicia
1024 2911 1174 2977 devincti.
1217 2912 1330 2976 Procul
1351 2912 1442 2978 abest
1464 2909 1617 2988 adulati0,

302 3024 413 3080 neuter
441 3015 533 3080 alteri
571 3013 741 3079 blanditur.
792 3013 934 3080 Honeste
966 3021 1052 3078 artes
1083 3023 1115 3078 et
1144 3014 1208 3078 vite
1242 3014 1429 3080 innocencia
1457 3033 1514 3078 nos
1545 3031 1616 3077 cun-

302 3121 437 3200 iunguut
470 3125 501 3182 et
526 3118 623 3202 plane
655 3135 762 3182 sumus
790 3117 872 3179 iuter
899 3135 973 3196 nos,
1007 3116 1119 3197 quales
1146 3123 1178 3180 tu
1207 3127 1239 3204 et
1266 3137 1342 3198 ego,
1375 3116 1467 3198 quasi
1494 3116 1616 3180 l'ratres.

302 3221 486 3304 Suspectam
518 3220 614 3284 habet
645 3225 677 3284 et
711 3217 849 3281 invisam
877 3217 1033 3284 hlatthie‘2
1063 3220 1161 3282 nostri
1195 3217 1354 3301 turgidam
1387 3227 1418 3283 et
1446 3217 1616 3282 clamosam

302 3325 502 3389 instanciam.
544 3323 579 3386 Si
599 3327 708 3404 egeret
728 3321 756 3383 is
777 3321 861 3384 lame
872 3321 1060 3403 patrocinio,
1080 3320 1218 3384 dicerem
1241 3320 1273 3385 id
1295 3320 1400 3402 gentis
1421 3339 1476 3384 sne
1498 3319 1615 3382 vicium
1710 3363 1716 3372 .

302 3447 380 3492 esse.
428 3425 478 3489 Ad
500 3409 601 3489 ⁸unum
630 3423 715 3487 enim
740 3441 849 3514 onmes
874 3423 927 3488 isti
956 3423 1142 3489 Sauromate
1170 3423 1230 3488 etsi
1260 3443 1321 3487 nou
1348 3423 1431 3487 tastu
1458 3429 1614 3501 turgeant,

224 3581 228 3588 .
302 3528 486 3595 dissolutius
513 3535 619 3591 tamen
646 3533 678 3590 et
703 3525 911 3608 incomposite
933 3521 1030 3590 veluti
1052 3525 1085 3589 in
1107 3533 1175 3589 atro
1197 3544 1324 3590 nemore
1350 3523 1487 3604 solivagi
1508 3520 1616 3587 carbu-

303 3631 384 3695 narii
405 3630 551 3694 clamant.
594 3627 644 3692 Ob
670 3646 764 3709 quam
791 3646 919 3691 causam
946 3627 1103 3692 hahentur
1132 3628 1228 3710 vulgo
1256 3627 1402 3691 inciviles
1420 3634 1453 3690 et
1472 3632 1618 3690 assenta-

302 3734 384 3798 torio
406 3750 534 3816 prorsus
554 3730 658 3812 ignari
671 3730 836 3794 consortio.
878 3730 942 3794 Det
963 3730 1060 3811 igitur
1081 3729 1208 3796 veniam
1230 3728 1462 3810 ludimagistro
1484 3741 1618 3809 magnus

304 3835 445 3900 arbiter²
472 3835 523 3897 vel
552 3833 586 3897 in
617 3851 678 3898 nno
705 3831 836 3896 damnet
863 3851 972 3896 omues
999 3831 1086 3896 illius
1122 3833 1271 3904 nationis.
1318 3829 1411 3908 Quod
1445 3837 1521 3913 puto
1555 3847 1617 3894 non

302 3938 415 4011 faciet,
447 3955 487 3999 ne
515 3935 595 4001 torte
622 3955 696 4000 suos
720 3925 817 3999 etiam
839 3934 1047 4000 Brutislahins
1073 3954 1111 3999 eo
1133 3935 1205 4018 ipso
1221 3933 1392 4014 duriloquii
1412 3931 1542 3996 crimine
1564 3949 1617 3994 no-

303 4048 403 4103 tatum
432 4040 471 4102 iri
502 4037 617 4102 videet.
662 4037 791 4118 Verum,
818 4045 851 4133 ut
871 4037 944 4120 ipsa
963 4036 1042 4100 mihi
1065 4035 1235 4119 persuadet
1257 4032 1516 4117 inexpugnabilis
1538 4031 1617 4097 veri-
1723 4033 1728 4041 '

304 4152 376 4221 tas,
398 4142 498 4206 satius
521 4147 569 4204 est
589 4160 665 4204 vera
685 4139 802 4204 rustice
822 4158 918 4221 quam
937 4139 1019 4204 l'elsa
1037 4138 1233 4204 concinniter
1253 4137 1348 4219 loqui.
1391 4135 1482 4214 Quod
1513 4142 1617 4198 autern
1731 4149 1736 4156 ·

373 4259 384 4285 ³
403 4266 424 4310 B
442 4263 557 4311 arbitrer.
624 4329 626 4335 Ι

368 4492 379 4535 ¹
402 4495 523 4568 Vgl.Br.
541 4496 599 4548 278
621 4494 647 4549 S.
660 4495 718 4548 365
739 4495 820 4551 llum.
834 4495 881 4550 l„

368 4573 382 4620 ²
401 4577 534 4636 Matthias
554 4577 690 4632 Kaumlcr
709 4574 910 4650 (Kalnkappa).
952 4577 1018 4653 Vgl.
1029 4576 1076 4634 Bu.
1089 4575 1144 4632 alt
1164 4575 1192 4630 S.
1204 4575 1261 4630 363
1283 4575 1367 4631 Anm.
1383 4575 1407 4631 2.
