3625 5192
307 338 360 391 230
684 335 948 405 Geschlcblsquellen
965 335 1014 389 der
1030 334 1105 388 Pror.
1124 334 1247 389 Sachuen.

309 487 428 551 Romae
455 486 486 547 in
510 484 626 549 lbrensi
647 484 776 567 pulvere
795 484 878 550 inter
899 484 1081 548 notissimos
1106 483 1235 548 rabulas
1263 485 1431 549 ambitiose
1458 486 1614 566 litigant,¹

309 590 417 653 lavere
439 588 495 653 tibi
518 586 717 651 doctissimos
737 604 890 669 quosque,
919 583 1046 665 probari
1067 582 1211 665 plurimis
1232 591 1317 646 tuum
1341 594 1499 664 conatum,
1520 585 1613 648 etiam

309 688 473 755 monachis
496 697 536 769 et,
556 688 640 770 quod
662 688 849 752 mirabiliter
870 685 948 749 mibi
972 704 1071 749 suave
1092 692 1150 765 est,
1171 687 1224 766 qui
1246 687 1322 750 olim
1336 685 1497 751 Dominici
1515 687 1617 750 tratri-

313 793 369 856 bus
399 790 570 855 studebant
594 796 735 855 errantes
765 789 805 853 ob
833 786 1075 851 orthodoxorum
1106 788 1237 851 nimiam
1270 788 1504 869 credulitatem,
1535 808 1617 853 nunc

309 894 500 958 authoritate
512 892 557 956 tui
570 892 705 957 nominis
717 891 857 975 impulsi:
878 889 1002 968 „Non“,
1023 888 1178 970 inquiunt,
1199 890 1295 969 „estis
1306 911 1363 955 vos
1375 891 1618 975 praedicatores,

311 976 478 1078 propterea
499 994 583 1076 quod
605 994 806 1059 deformastis
826 990 1013 1055 vocabulum
1029 991 1257 1072 maledicendo,
1279 993 1335 1057 sed
1348 995 1452 1077 potius
1465 994 1619 1060 obtrecta-

312 1098 424 1162 tores.“
474 1096 586 1177 Neque
614 1115 674 1177 ego
700 1115 761 1159 non
791 1092 864 1155 novi
899 1092 1089 1174 rornplures,
1125 1096 1178 1173 qui
1205 1102 1236 1157 te
1261 1097 1402 1161 sanctius
1425 1097 1562 1179 diligant
1586 1104 1619 1161 et

312 1219 380 1263 curn
409 1200 528 1281 pictate
556 1198 662 1261 colant
686 1215 780 1277 quarn
810 1214 884 1259 suas
906 1195 1102 1259 ceremonias
1131 1203 1162 1259 ct
1186 1197 1340 1263 iustituta.
1387 1200 1514 1265 Nobilis
1535 1201 1618 1264 enirn

312 1320 452 1365 veterum
485 1299 629 1363 doctrina
655 1306 686 1362 te
712 1298 791 1361 drree
820 1297 963 1378 resurgit.
1015 1296 1065 1359 Ad
1098 1314 1149 1359 me
1178 1296 1320 1376 quotidie
1348 1298 1510 1362 confluunt
1546 1301 1620 1365 boni

312 1403 544 1480 adolescentes,
566 1400 681 1481 quibus
702 1400 847 1483 Capnicu
869 1406 918 1462 est
940 1399 971 1462 in
993 1418 1046 1463 ore
1067 1408 1099 1462 et
1121 1400 1151 1462 in
1174 1406 1310 1481 pectore.
1357 1399 1419 1464 Hic
1439 1420 1510 1466 sese
1530 1423 1620 1484 grae-

312 1525 382 1569 cum
406 1503 526 1587 probat,
550 1501 602 1565 ille
623 1501 789 1566 hebraicas
811 1508 843 1564 et
864 1520 938 1565 vere
960 1520 1094 1565 arcanas
1115 1501 1224 1565 literas
1243 1501 1427 1565 admiratur.
1460 1502 1618 1580 Quantum

314 1630 335 1672 a
357 1604 613 1689 praeceptoribus
635 1604 763 1667 insulsis
784 1603 824 1667 ad
847 1622 948 1683 nugas
964 1602 1132 1667 trabuntur
1146 1603 1196 1667 vel
1208 1604 1360 1667 emendas
1374 1605 1426 1668 rel
1440 1604 1619 1681 discendas,

314 1714 434 1773 tantum
448 1714 577 1787 utroque
599 1706 681 1789 pede
701 1706 845 1771 resiliunt
865 1704 907 1769 ad
929 1705 1093 1786 sequenda
1112 1706 1252 1787 vestigia
1272 1707 1518 1787 spectabilitatis
1538 1716 1619 1772 tuae.

314 1809 404 1888 Quod
427 1810 452 1873 si
466 1808 633 1894 vacatione
656 1816 840 1891 recuperata
853 1808 967 1872 docere
983 1808 1096 1888 velles,
1115 1826 1195 1888 quae
1211 1808 1458 1873 cumulatissime
1469 1809 1621 1890 didicisti,

315 1914 469 1976 mitterem
496 1911 538 1974 ad
566 1922 595 1974 te
624 1911 759 1993 optimos
785 1909 954 1973 auditores.
1003 1909 1111 1991 Nuper
1132 1908 1248 1971 Crocus
1270 1909 1461 1973 Britannus²
1481 1908 1619 1994 (qualem

315 2016 383 2097 ipse
410 2034 444 2079 se
472 2013 564 2093 facit,
592 2032 772 2095 quanquam
800 2011 840 2076 ob
864 2012 994 2092 liuguae
1019 2010 1216 2075 nobilitatem
1235 2016 1267 2073 ct
1292 2030 1394 2075 mores
1415 2013 1622 2091 graecanicae

314 2116 460 2180 videatur
486 2134 556 2179 esse
582 2116 763 2195 graeculus,
792 2133 865 2199 nam
891 2112 1093 2177 Theocritum
1125 2110 1353 2176 iucundissime
1383 2113 1462 2194 legit
1490 2122 1522 2178 ct
1551 2134 1621 2179 cum

314 2219 419 2298 gratia
441 2192 589 2293 balbutit)
616 2235 686 2280 eum
712 2216 798 2298 apud
821 2235 871 2279 rue
892 2215 1067 2297 quiesceret
1091 2222 1123 2277 et
1143 2212 1334 2277 Grecinum³
1356 2224 1389 2278 et
1407 2216 1622 2281 alcandrum*

315 2329 347 2383 ct
375 2318 479 2383 nescio
502 2338 579 2400 quos
598 2318 765 2400 magistros
788 2317 947 2390 laudaret,
976 2314 1088 2379 deesse
1106 2315 1167 2379 sibi
1190 2314 1272 2378 dixit
1291 2315 1473 2381 hebraicam
1495 2320 1623 2402 sapien-

315 2421 408 2499 tiam,
437 2440 529 2501 quam
552 2420 637 2485 omni
658 2421 712 2483 via
734 2420 881 2501 prosequi
903 2418 1005 2482 vellet
1052 2418 1088 2480 ln
1117 2417 1228 2480 eodem
1249 2424 1322 2481 sunt
1343 2421 1505 2501 proposito
1524 2420 1622 2485 Phac-

316 2524 412 2587 drus5
433 2520 495 2601 bic,
516 2522 604 2585 cuius
624 2522 790 2605 epistolam
813 2521 949 2585 exhibeo
970 2527 1002 2583 et
1021 2519 1112 2583 multi
1133 2519 1353 2583 discretissimi
1376 2522 1514 2587 iuvenes.
1553 2521 1623 2604 Ego

316 2642 390 2687 vero
421 2624 576 2688 rationem
606 2622 845 2688 constituendae
880 2622 1090 2686 bibliothecae
1121 2628 1195 2703 peto
1227 2629 1276 2702 et,
1314 2622 1377 2687 nisi
1416 2633 1625 2710 properarent

315 2725 491 2805 tabellarii,
519 2724 682 2790 verbosius
710 2725 743 2788 id
770 2728 873 2807 ipsum
899 2746 920 2787 a
940 2733 994 2788 tua
1019 2724 1208 2789 excellentia
1233 2725 1470 2801 contenderem,
1498 2728 1563 2808 cui,
1594 2729 1624 2792 si

315 2828 441 2891 tbrtuna
469 2846 530 2890 non
552 2826 655 2906 deest,
684 2825 765 2889 nibil
785 2826 883 2890 deest.
931 2817 1015 2903 Quid
1036 2827 1118 2890 enim
1139 2827 1190 2889 vir
1210 2828 1464 2908 sapientissimus
1491 2848 1530 2894 ac
1550 2830 1625 2894 dili·
1717 2843 1722 2851 '

316 2929 521 3011 gentissimus
542 2935 667 3011 praeter
685 2931 839 2994 tbrtunam
861 2928 1009 3010 requirat,
1028 2942 1093 2992 non·
1112 2928 1215 2993 video.
1260 2928 1345 2994 Vale.

401 3030 520 3095 Datuur
541 3030 650 3095 ldibus
674 3030 879 3111 Septembris.

387 3141 463 3188 Gedr.
488 3140 515 3187 in
543 3140 678 3187 lllustrium
711 3140 821 3185 virorum
855 3140 975 3200 epistolae
1088 3139 1120 3185 ad
1149 3137 1268 3185 losrrncrn
1290 3140 1413 3188 Rcucblin
1533 3144 1626 3191 missac

317 3212 357 3260 lcl.
377 3211 451 3257 zar.

878 3274 1068 3284 —-——

318 3372 401 3442 suc.
424 3370 704 3532 M.0pp⁰ppp3nrr
727 3370 860 3454 Lange.
1022 3367 1140 3437 (iotha
1158 3370 1253 3442 lblb.
1287 3370 1513 3456 (September
1534 3372 1627 3440 oder

386 3559 450 3605 lllut.
469 3559 563 3603 erlrlltrt
586 3556 639 3603 sich
657 3572 687 3603 zu
706 3558 773 3604 allen
796 3558 1104 3605 Frcundscbattsdianston
1125 3558 1220 3616 bereit,
1239 3558 1315 3605 bittct
1332 3560 1387 3605 sicli
1404 3558 1461 3606 cine
1479 3561 1627 3619 barrgcscbc

318 3628 422 3688 Predigt
444 3643 500 3687 aus,
523 3628 573 3674 will
598 3627 658 3674 tiber
681 3628 755 3674 einen
769 3628 857 3687 jiingst
875 3628 902 3674 in
922 3629 1007 3675 Erfurt
1024 3629 1204 3675 erschierreucn
1224 3630 1454 3690 Druck‚rtuslrurrt‘t
1472 3630 1553 3677 baben
1573 3633 1645 3678 und.

318 3700 385 3745 canu
403 3698 459 3745 eine
477 3698 555 3745 Reilre
577 3712 655 3744 norror
674 3698 772 3744 Bllclrer
790 3699 838 3743 nul.

399 3782 509 3862 Lange
531 3800 600 3846 meo
622 3781 722 3844 sancti
745 3780 865 3846 ordinis
887 3783 1056 3864 Augustini
1081 3781 1242 3865 theologie
1264 3784 1404 3847 melioris
1425 3784 1535 3868 perito.

399 3886 431 3947 S.
454 3903 484 3966 p.
504 3882 533 3945 d.
571 3882 737 3964 Tanquam
766 3882 819 3945 diu
845 3884 921 3947 mibi
951 3891 1042 3948 notus
1069 3904 1222 3966 carusque
1252 3885 1365 3965 fueris,
1394 3885 1544 3968 polliceor
1565 3888 1626 3950 tibi

320 4004 421 4050 nream
441 4004 568 4067 operam
591 3984 623 4047 in
646 3985 729 4047 omni
752 4004 867 4065 genere
888 3985 993 4049 officii.
1026 3986 1074 4050 lta
1094 3994 1295 4051 mereturtua
1310 3988 1442 4051 comitas
1457 3995 1489 4051 et
1503 3989 1630 4071 optima

382 4156 477 4231 lVgl.
498 4159 567 4213 iiber
589 4158 664 4213 diese
685 4158 944 4215 Persbnlichkelten
966 4160 1011 4217 Br.
1026 4161 1091 4216 555.

380 4236 394 4277 ²
415 4238 477 4309 Vgl.
490 4240 535 4292 Br.
547 4238 603 4292 857
627 4237 710 4291 Αηηι.
723 4240 748 4294 1.
782 4239 819 4293 Er
841 4241 960 4306 schrieb,
982 4241 1117 4296 ebcufalls
1137 4261 1181 4296 arn
1202 4242 1246 4297 13.
1258 4242 1423 4313 September
1437 4242 1523 4310 1516,
1542 4244 1630 4300 einen

322 4319 404 4376 Brief
422 4338 458 4373 an
477 4318 616 4375 Reuchlin
637 4320 693 4373 und
714 4320 834 4375 erlrlttrte
855 4321 916 4375 sich
935 4340 968 4375 au
985 4323 1078 4392 jedem
1100 4322 1215 4377 Dienste
1236 4323 1332 4377 bereit.
1368 4324 1501 4378 Deraelbc
1522 4323 1559 4377 iat
1578 4325 1631 4379 ab·

322 4400 457 4471 gedruckt
477 4401 506 4453 in
528 4400 616 4456 lllust.
637 4400 684 4453 vir.
707 4418 749 4470 ep.
771 4400 819 4455 fol.
838 4401 916 4472 y2v.
1345 4411 1348 4419 '

381 4477 395 4519 3
417 4480 552 4535 Wilhelm
573 4478 719 4549 Groeinus,
741 4480 785 4535 ein
807 4481 960 4551 Tlreologe,
980 4481 1068 4535 lclrrtc
1091 4482 1119 4534 in
1141 4482 1252 4537 Oaford.

385 4556 396 4599 ⁴
421 4560 483 4632 Vgl.
494 4558 540 4615 Br.
553 4559 610 4614 555
621 4558 647 4614 S.
658 4560 714 4613 217
729 4559 813 4619 Anm.
826 4560 852 4615 4.
895 4556 1063 4616 5Mosellan.
1074 4561 1139 4634 Vgt.
1152 4561 1199 4618 Br.
1212 4562 1270 4617 559
1283 4561 1309 4617 S.
1320 4562 1378 4617 223
1391 4562 1473 4615 Anm.
1482 4562 1507 4619 1.
1517 4582 1544 4621 u.
1556 4564 1630 4621 562.
