3625 5192
360 370 387 422 N
659 330 750 385 Briele
767 330 887 386 Molitus
904 330 947 385 58.
965 330 1007 385 sl.
1028 334 1070 387 55.
1482 330 1514 385 71

211 477 308 542 cellos
328 483 444 541 vicunt
465 478 608 561 parochi,
636 478 741 561 qualis
761 485 810 543 est
830 484 885 543 tua
912 479 1018 562 gratia
1037 480 1223 565 Spalatum
1232 482 1253 560 ¹,
1281 502 1359 547 voce
1387 480 1514 563 quidem

213 579 359 662 protrita,
387 579 443 645 sed
469 579 640 645 admodum
667 580 792 646 eruditu
813 581 946 647 merarii
967 582 1145 664 digniorem
1166 590 1296 668 partem.
1338 584 1419 648 Nam
1442 604 1515 649 can-

213 682 284 747 celli
306 682 444 747 claustra
465 688 539 747 sunt
558 688 591 747 et
610 689 703 767 septa
723 684 867 765 tinulqne
887 683 986 765 lignis
1008 684 1041 747 iu
1063 690 1276 750 transuersum
1302 686 1453 755 connexis
1472 686 1516 751 ad

166 801 176 821 ⁸
211 783 449 850 similitudinem
472 785 557 849 retis.
599 783 684 867 Ergo
711 792 796 849 recte
816 784 952 851 diceres:
975 786 1186 851 Conciouator
1206 786 1360 872 prospicit
1372 808 1428 871 per
1441 807 1515 853 carr-
1628 869 1630 875 Α

210 885 306 952 cellos
332 894 366 951 et
390 905 447 951 aru
482 886 584 951 maior
615 906 686 951 cum
716 886 877 952 subselliis
907 887 992 952 intra
1022 888 1180 953 cancellos
1211 895 1268 954 est.
1322 890 1403 955 Sunt
1428 910 1514 971 oves,

210 1009 291 1072 quas
310 988 395 1053 t'eras
414 995 544 1069 vocant,
572 987 676 1071 qualis
696 995 745 1053 cst
763 988 896 1054 authore
917 988 1042 1053 ΡΙίιιίο2
1064 990 1336 1075 camelopardalis.
1377 992 1446 1058 lllis
1466 1000 1516 1059 est

210 1110 303 1156 cornu
339 1098 467 1155 acutum
504 1097 537 1155 et
568 1091 656 1155 frons
689 1108 796 1155 saxea.
838 1089 926 1155 Deus
952 1091 1063 1171 abigat
1092 1092 1173 1183 tales
1203 1110 1280 1159 oves
1303 1114 1343 1159 ex
1369 1094 1515 1179 pastione

211 1202 260 1261 et·
282 1241 367 1259 .....
389 1193 586 1277 Spoletinea.
627 1192 743 1257 Absint
763 1200 916 1257 ovestour
938 1191 1165 1275 tormidabiles,
1187 1214 1227 1260 ue
1248 1196 1374 1261 seviant
1394 1194 1426 1261 in
1449 1198 1513 1262 exi-

212 1298 289 1362 tium
312 1296 386 1361 boui
410 1294 554 1379 pastoris.
595 1294 645 1359 Ad
667 1313 829 1359 nnmerum
849 1296 1062 1379 septenarium
1084 1297 1242 1379 pertinent
1265 1298 1282 1363 7
1303 1298 1464 1382 sapientes
1484 1307 1516 1365 et

208 1398 393 1479 aliamulta,
411 1416 473 1480 que
493 1398 621 1479 copiose
642 1395 702 1460 tibi
722 1395 837 1477 dicam,
856 1397 882 1461 si
897 1396 993 1461 voles.
1038 1397 1143 1463 Venus
1165 1400 1350 1482 pollicetur³
1372 1408 1512 1485 „septem

208 1502 321 1565 suavia
332 1500 423 1588 basia
432 1507 464 1565 et
480 1518 575 1563 uuum
592 1498 785 1564 blandientis
805 1498 973 1583 appulsum
994 1499 1407 1585 linguelongemellituw,
1429 1504 1513 1585 quod

208 1591 384 1669 suaviolur'u
412 1609 506 1687 poeto
532 1600 661 1670 tradunt
686 1600 771 1665 dulci
798 1600 922 1666 dulcius
951 1602 1118 1667 ambrosia.
1160 1602 1251 1680 Quod
1281 1622 1382 1687 genus
1408 1604 1513 1670 basia-

209 1707 303 1772 tionis
326 1706 462 1787 intelligi
471 1704 570 1769 voluit
583 1704 739 1773 Plautus‚⁴
760 1722 829 1767 cnm
851 1704 911 1767 ait:
935 1702 1020 1783 „Fac
1041 1723 1090 1769 ure
1112 1712 1347 1789 proserpentem
1370 1706 1512 1784 bestiam,

208 1807 376 1892 duplicem,
408 1815 442 1871 ut
471 1806 604 1871 habeam
641 1806 811 1888 linguam.“
853 1804 917 1869 Sed
950 1814 1055 1869 cetera
1095 1806 1136 1873 de
1173 1810 1354 1892 septenario
1383 1829 1512 1877 numero

208 1911 286 1975 mire
321 1910 441 1975 faciunt
470 1910 512 1973 ad
540 1911 558 1975 7
588 1926 690 1991 panes
723 1908 935 1989 evangelicus.
986 1906 1077 1989 Vale,
1112 1908 1338 1975 humanissime
1375 1910 1511 1979 Urbane.

208 2013 323 2079 Noster
342 2011 492 2077 decurio⁵
512 2031 575 2075 uon
597 2015 655 2089 est,
675 2016 710 2073 ut
729 2008 867 2093 scripsit,
887 2008 1008 2073 amicus
1028 2028 1116 2075 meus
1142 2010 1311 2092 humanus,
1332 2031 1427 2095 quum
1457 2033 1509 2079 ne-

207 2135 268 2198 que
288 2115 330 2179 sit
349 2114 490 2179 eruditus
511 2131 613 2195 neque
633 2112 768 2195 simplex
790 2118 821 2177 ct
843 2110 1013 2178 modestus.
1056 2112 1171 2179 lterum
1191 2115 1273 2180 vale.

275 2225 458 2271 Hundsrhriitl.
477 2224 497 2269 F
509 2223 542 2269 28
558 2224 598 2271 t'ol.
620 2221 704 2269 181-
717 2222 773 2270 19r.

277 2324 289 2350 ⁸
307 2318 369 2364 Hier
387 2317 417 2365 in
435 2316 487 2363 cisse
509 2316 587 2363 Llleke
607 2315 633 2361 iu
650 2314 695 2360 der
712 2313 883 2374 Harsdselnffl.

205 2542 263 2609 bb.
285 2536 530 2612 ll.arrUrburr.
742 2532 887 2620 (liotha.
918 2537 980 2601 rtur
1003 2532 1061 2607 22.
1077 2532 1174 2619 Sept.
1194 2536 1290 2603 clrrcs
1312 2534 1378 2601 dor
1399 2536 1510 2605 labro

357 2625 616 2711 mos-reor).

276 2740 338 2787 blut.
361 2739 456 2799 sprieht
482 2737 535 2784 sein
554 2732 687 2783 &daurom
709 2752 764 2794 uus,
789 2736 845 2782 dass
862 2735 946 2783 Urbau
968 2734 1008 2781 bei
1027 2736 1120 2783 soiuem
1139 2736 1233 2783 letzton
1249 2736 1361 2785 Bosuehe
1378 2737 1422 2783 ibn
1440 2738 1511 2785 nicht

205 2811 363 2871 arrgetrolscu
382 2809 447 2854 habe
467 2808 518 2854 uud
537 2807 640 2855 dusbalb
658 2807 735 2853 soiort
753 2806 900 2865 umgekobrt
922 2806 965 2855 sel.

287 2894 406 2975 insigni
428 2899 460 2957 et
484 2892 607 2957 erudito
629 2891 713 2975 patri
735 2891 872 2955 Henrico
894 2889 1051 2955 Urbano
1071 2889 1232 2955 blutianus
1252 2890 1359 2956 Rufus.

285 2998 316 3060 S.
338 2995 444 3060 Lectis
464 2994 527 3059 tuis
548 2995 657 3075 literis,
676 2992 791 3075 quibos
811 3011 861 3057 me
882 2992 974 3074 quasi
996 2992 1129 3076 piscium
1150 3012 1271 3057 osorem
1292 3010 1432 3067 accusas,
1455 3014 1510 3073 eg-

206 3100 280 3165 novi
293 3099 485 3163 voluntatem
510 3103 542 3162 et
563 3096 701 3161 animum
722 3114 800 3177 erga
819 3114 870 3158 nro
887 3099 983 3158 turum.
1026 3094 1143 3159 Gratus
1165 3100 1213 3159 est
1234 3102 1265 3158 et
1285 3094 1512 3177 sempernobis

205 3208 266 3268 erit
287 3201 339 3265 vel
360 3201 481 3282 absque
502 3198 636 3282 piscium
658 3198 837 3262 testimonio
858 3197 1066 3262 suavissimus
1086 3195 1245 3261 Urbanus.
1288 3196 1378 3273 Quod
1404 3203 1509 3261 autem

204 3305 335 3368 adeunti
351 3302 527 3367 blutianum
548 3301 645 3365 ianua
665 3320 727 3365 uon
749 3299 809 3364 t'uit
829 3306 979 3379 reserata,
1001 3297 1084 3378 vide,
1107 3298 1157 3363 cui
1173 3298 1301 3363 tandem
1324 3298 1383 3363 lroc
1392 3298 1509 3364 crimen

204 3408 362 3491 imputes?
403 3404 540 3483 ilibino,
574 3403 629 3485 quui
665 3402 723 3467 sub
755 3400 839 3466 idem
871 3407 994 3485 tempus
1028 3400 1156 3465 chorum
1192 3399 1389 3483 agitantibus
1427 3400 1510 3465 inter

205 3528 297 3574 sacra
329 3506 530 3590 conspiravit
575 3508 625 3569 An
652 3502 833 3569 domesticis
843 3504 868 3584 θ,
900 3520 1031 3585 quorum
1059 3510 1168 3567 neuter
1193 3502 1278 3567 domi
1298 3507 1379 3583 erat,
1396 3503 1442 3566 uti
1464 3503 1508 3567 iu-

206 3617 313 3676 rantes
335 3609 511 3675 testantur?
550 3610 600 3672 An
621 3607 715 3672 cattis
741 3607 870 3685 uostris,
892 3624 953 3688 que
979 3606 1027 3669 sui
1055 3604 1172 3669 limites
1198 3603 1292 3671 otiioii
1320 3624 1382 3671 non
1410 3612 1508 3670 trans-

267 3841 278 3882 1
302 3842 443 3897 lliernach
470 3842 509 3895 ist
533 3838 658 3911 Spalatiu
686 3857 733 3892 um
755 3840 830 3893 diese
847 3839 907 3893 Zeit
929 3839 1014 3893 sehon
1038 3840 1076 3893 im
1099 3838 1206 3894 Besilus
1229 3839 1305 3894 einer
1320 3838 1427 3894 Piarre.
1469 3838 1507 3893 Es

203 3926 279 3981 kann
297 3923 385 3978 damit
404 3922 478 3977 wohl
500 3939 553 3975 nur
569 3921 620 3974 die
636 3919 887 3974 Holrenluirchencr
905 3920 1030 3991 gemeiut
1050 3919 1121 3977 sein.

264 4000 278 4043 2
302 4003 425 4058 Historia
444 4001 578 4055 naturalis
597 4000 622 4054 8.
635 4000 679 4054 18.
691 3999 738 4054 27.

263 4080 278 4125 3
298 4083 435 4155 Apuleios
445 4082 495 4150 VI,
507 4082 532 4135 8.

264 4160 279 4204 ⁴
299 4163 428 4218 Asinaria
438 4162 465 4220 3,
481 4162 505 4215 3.
520 4160 586 4215 105.

264 4240 406 4313 ⁵Weuu,
429 4243 481 4296 wie
508 4260 538 4295 es
563 4241 791 4296 wahrscheinlioh
814 4241 857 4310 ist,
877 4241 986 4295 blutiau
1008 4242 1068 4296 hier
1089 4242 1141 4295 mit
1157 4240 1279 4295 Decurio
1301 4240 1354 4295 den
1376 4239 1507 4295 obersten

202 4327 352 4382 liatsherrn
377 4322 555 4391 bezeichnet,
581 4340 611 4375 so
643 4322 680 4375 ist
700 4321 811 4377 Johann
832 4322 962 4393 Har-tang
993 4323 1122 4376 durantur
1147 4340 1180 4375 zu
1200 4321 1358 4387 versteben,
1388 4320 1506 4375 welcher

205 4406 279 4462 1507
302 4403 469 4459 dicsesAmt
486 4401 621 4457 iuGotba
638 4402 804 4457 verualtete.
844 4402 907 4474 Vgl.
921 4400 1061 4474 Sagittarii
1073 4401 1197 4457 Historia
1206 4400 1338 4457 Gothana
1359 4402 1402 4457 ed.
1423 4400 1506 4455 Terra.

200 4489 273 4545 dena
294 4484 381 4539 1700.
399 4503 426 4555 p.
447 4483 515 4537 376.

264 4563 278 4607 ⁶
298 4564 542 4620 Wahrscbeinlieh
562 4561 731 4619 Benedictus
751 4564 809 4619 und
829 4563 943 4630 Paulus,
963 4562 1008 4617 die
1028 4561 1138 4618 Famuli
1157 4562 1290 4631 Matiana
1310 4561 1439 4635 gemeint
