3625 5192
315 331 367 391 302
695 329 957 408 (ieschicbtsquellen
977 328 1026 392 der
1044 326 1122 393 Pron.
1140 324 1266 391 Snchseb.

394 488 426 551 S.
467 486 502 552 Si
520 486 715 569 cogitacioni
732 488 879 569 votisque
900 489 1025 553 hortuna
1041 487 1262 567 subscriberet,
1284 486 1395 551 Orotus
1411 484 1486 568 huc,
1508 486 1622 551 nedum

279 626 282 633 ·
315 590 520 674 Spoletinusl
548 588 749 670 demigraret.
797 588 873 653 Heri
902 589 1022 653 anulis
1049 589 1131 653 sacri
1160 587 1257 652 linctu
1284 588 1382 652 stanti
1410 589 1442 652 in
1464 587 1625 653 orchestra

315 692 393 757 mibi
415 690 554 755 reddidit
580 691 748 774 epistolam
774 699 860 755 tuam
880 690 982 757 Hentz
1004 690 1149 771 hermog,
1169 690 1303 766 ‚Arnnldi
1330 691 1463 756 assecla.
1505 691 1625 756 Scribis

313 814 436 860 errasse
462 794 612 859 rusticum
638 803 828 877 emptorem,
856 800 966 858 testes
993 791 1133 857 advocas
1158 791 1374 858 Herebordum
1388 800 1431 855 ‘et
1456 792 1623 857 Petreium.

145 887 148 893 ’
219 900 222 905 ’
313 896 439 962 Deinde
461 896 567 961 reiicis
595 896 761 979 epistolam
781 891 926 959 Musardi
954 902 1103 975 tanquam
1130 895 1304 960 obscuram.
1348 894 1417 976 Ego
1444 895 1552 959 mirari
1567 895 1624 959 in·
1685 938 1687 941 -

313 999 399 1083 cipio
420 996 563 1063 rellatum
583 998 724 1062 lbrtune
757 997 889 1064 Moritur
905 996 1111 1078 Biermostus,
1130 1003 1213 1059 tutor
1231 997 1468 1061 sulutisnostre.
1514 996 1624 1061 irridet

313 1099 542 1165 mehlnsardus
564 1089 701 1181 obliquis
722 1098 858 1163 cavillis.
894 1098 934 1161 'Si
946 1098 1031 1162 enim
1044 1096 1168 1163 sincere
1178 1097 1314 1175 doceret,
1334 1098 1490 1162 indicaret
1509 1117 1622 1164 nomen

313 1203 406 1268 istius
416 1202 644 1281 insidiatoris‘2,
667 1208 710 1282 ut,
732 1200 807 1265 dom
819 1201 940 1265 insidia
952 1200 1090 1265 sinimici
1101 1208 1234 1280 struunt,
1255 1195 1456 1265 declinarem.
1491 1199 1624 1265 Cicern³

313 1306 529 1371 circumfertur
547 1309 579 1366 et
591 1310 622 1366 te
644 1314 844 1386 procuratore
857 1311 918 1367 nnn
933 1302 1190 1386 deprehenditur.
1232 1301 1279 1365 Ex
1291 1321 1353 1383 quio
1373 1303 1468 1365 datur
1486 1302 1623 1385 intelligi

260 1426 275 1445 ·
313 1409 433 1472 instare
453 1414 578 1490 tempus
599 1413 782 1470 extremum.
824 1405 1013 1469 Convertam
1034 1405 1132 1486 igitur
1158 1424 1207 1469 me
1235 1411 1332 1468 totum
1363 1404 1405 1467 ad
1426 1403 1544 1468 Christi
1570 1402 1622 1469 dc·
1715 1392 1716 1395 ¹

314 1516 401 1575 crota
421 1515 452 1573 et
472 1508 605 1571 abiectis
626 1507 771 1571 omnibns
794 1508 877 1571 curie
900 1508 933 1571 in
957 1508 1162 1589 simplicitate
1184 1506 1371 1588 evangelica
1390 1508 1623 1587 conquiescam.

192 1612 200 1621 '
313 1610 450 1675 Proinde
476 1610 628 1689 religiosa
653 1616 759 1674 mente
785 1628 913 1692 precor,
952 1608 985 1672 id
1016 1608 1100 1691 quod
1134 1608 1281 1673 hesterna
1306 1608 1360 1673 die
1387 1616 1498 1673 sancta
1523 1618 1623 1673 mater

314 1712 452 1778 ecclesia
473 1712 632 1775 cantavit:
654 1710 862 1793 Omnipotens
886 1718 919 1775 et
944 1711 1123 1775 misericors
1146 1710 1247 1790 Dens,
1274 1710 1422 1775 universa
1451 1710 1542 1775 nobis
1567 1710 1622 1774 ad-

314 1815 482 1879 versancia
495 1812 691 1896 propiciatus
706 1813 850 1892 exclude,
873 1820 905 1877 ut
924 1820 1027 1877 mente
1040 1819 1072 1877 et
1094 1832 1224 1895 corpore
1243 1813 1364 1896 pariter
1384 1812 1541 1895 expediti,
1562 1824 1624 1894 que

315 1924 370 1981 tua
396 1910 496 1997 sunt,
512 1914 622 1979 liberis
647 1915 815 2007 mentibus·
830 1934 1030 1996 exequamur.
1079 1915 1280 1979 Herebordus
1307 1916 1340 1978 in
1366 1915 1544 1999 cooptando
1570 1915 1624 1979 die

314 2016 547 2084 coronationis⁴
579 2035 640 2079 non
673 2018 816 2099 suspexit
851 2037 901 2081 res
938 2016 1074 2081 divinas.
1134 2016 1257 2081 lncidet
1294 2016 1326 2079 in
1357 2017 1554 2081 neomeniam
1589 2006 1622 2080 in

229 2170 232 2174 ›
316 2120 523 2203 Scorpionem
551 2126 583 2182 ct
611 2118 790 2183 Satumnm.
839 2119 930 2184 Luna
959 2119 1058 2184 silens
1086 2120 1178 2183 nocet
1207 2118 1390 2201 corporibus
1422 2127 1454 2183 et
1483 2119 1622 2200 ingenio.
1732 2131 1741 2145 ‘

315 2223 413 2303 Vidit,
433 2220 508 2304 quid
532 2228 617 2285 esset
641 2222 674 2283 in
697 2222 779 2285 celle
796 2221 932 2300 uinaria,
952 2220 1030 2302 quid
1053 2222 1085 2284 in
1106 2219 1256 2301 granario
1276 2230 1309 2284 et
1330 2220 1468 2285 humana
1489 2222 1624 2303 negocia

217 2319 221 2328 ’
315 2324 490 2401 ordinavit,
518 2342 580 2387 non
608 2328 714 2387 tamen
736 2341 867 2405 superos
892 2324 1054 2405 negligere
1082 2322 1200 2386 debuit.
1251 2321 1356 2403 Rogo,
1385 2329 1419 2385 ut
1447 2330 1534 2387 caste
1560 2323 1637 2409 sint,

314 2447 400 2491 cane.
442 2424 587 2503 Quedam
609 2425 757 2489 meretrix
785 2425 915 2489 intravit
937 2424 1102 2491 cenobium
1125 2424 1378 2489 Reinhardihorn
1403 2432 1435 2487 et
1460 2426 1622 2490 accusavit

315 2547 497 2595 economum
520 2525 725 2591 Fridericum.
767 2526 924 2591 Terribile
945 2528 1133 2609 exemplum.
1174 2526 1278 2591 Amici
1300 2546 1369 2590 cnm
1391 2526 1534 2605 Urbano,
1565 2526 1623 2591 hoc

315 2641 380 2710 est,
402 2630 526 2693 bomine
545 2628 655 2692 divino
674 2636 706 2693 et
727 2636 942 2702 sacrosancto,
963 2635 1083 2693 cenent.
1127 2628 1262 2692 Domum
1288 2636 1372 2693 tuam
1394 2628 1485 2693 dccet
1506 2631 1620 2694 sancti-

315 2732 391 2796 tudo
412 2738 475 2810 tua,
496 2731 632 2795 domine.
675 2730 753 2794 Vale
774 2731 860 2794 felix.
1586 2774 1597 2817 Ι

386 2854 565 2901 Hamncnristl.
586 2856 605 2899 l·
620 2853 670 2899 253
691 2854 731 2899 lol.
745 2851 938 2901 lebwinum

292 3085 396 3179 ¹224.
418 3082 461 3151 ll.
479 3102 526 3151 an
542 3083 676 3154 Urban.
1103 3079 1236 3162 (dotha
1250 3080 1360 3165 1512.)
1397 3080 1621 3149 onroucruu.

385 3208 447 3259 burt.
470 3208 604 3267 bedanort,
632 3207 688 3253 dass
711 3207 794 3252 wocler
816 3205 946 3252 Hercbord
965 3220 989 3252 v.
1009 3205 1031 3251 d.
1050 3205 1166 3251 Marthcn
1194 3206 1235 3250 die
1262 3206 1377 3251 erechntc
1401 3206 1529 3252 Prolesmrr
1557 3208 1621 3253 noch

316 3281 406 3325 Crotus
433 3280 477 3323 dus
502 3278 614 3324 Gothuer
636 3278 784 3323 Kcnonilrat
812 3274 842 3322 zu
865 3277 979 3322 crlmlteu
1003 3276 1117 3335 selredus,
1147 3276 1287 3337 iiherhaupt
1315 3276 1360 3320 aui
1384 3277 1449 3321 xllcn
1482 3277 1620 3335 miiglichon

316 3351 435 3395 Puulxlcn
455 3350 498 3394 ilm
518 3347 692 3404 hlimgcschick
710 3348 790 3395 troffo.
1341 3343 1345 3351 '

398 3447 571 3524 Urbano,
592 3445 694 3509 alurico
714 3463 844 3521 sunrmo,
867 3442 1026 3507 Mutianus
1050 3442 1156 3507 Rosos

397 3550 427 3611 S.
476 3548 609 3612 Nostros
633 3546 786 3610 excellere
816 3544 981 3629 pulchrum
1008 3564 1078 3609 esse
1103 3553 1194 3628 puto,
1223 3544 1288 3610 labi
1315 3554 1419 3610 autem
1447 3553 1478 3610 et
1506 3546 1621 3610 incom-

317 3650 410 3715 moda
433 3652 499 3733 pati
527 3659 618 3731 turpe
647 3635 798 3713 ducimus.
848 3647 950 3711 Huius
977 3648 1130 3712 canonice
1153 3647 1380 3711 communionis
1408 3647 1546 3711 clericuli
1576 3650 1623 3713 sic

317 3752 509 3816 insidiantur
529 3751 636 3826 bonis,
663 3758 697 3815 ut
718 3751 787 3833 ipse
812 3748 940 3814 lruudes
965 3748 1221 3813 animadvertens
1247 3770 1365 3813 merore
1392 3749 1623 3815 contabescam.

315 3856 442 3919 lactant
463 3872 564 3917 meum
585 3853 720 3915 amicum
742 3854 857 3917 frustra
878 3851 998 3915 ambitu
1020 3850 1179 3930 laborare,
1208 3850 1356 3915 lecturam
1379 3851 1622 3931 institutionum,

315 3958 457 4021 civilium
484 3956 590 4037 legum
616 3954 665 4018 vel
698 3955 874 4018 obtinuisse
899 3952 1091 4017 Cerberum⁵
1126 3951 1177 4017 vel
1207 3952 1395 4017 habiturum.
1445 3952 1543 4033 Ecca,
1578 3954 1622 4017 mi

380 4167 390 4205 ¹
412 4174 474 4243 Vgl.
497 4171 540 4226 Br.
560 4172 626 4225 219.

378 4251 392 4291 ‘²
411 4254 474 4323 Vgl.
492 4252 538 4306 Br.
551 4252 616 4305 218.
628 4250 693 4305 220.

377 4330 392 4371 ³
412 4332 475 4404 Vgl.
487 4333 530 4386 Br.
542 4332 610 4384 200.
622 4330 687 4384 205.
697 4331 763 4387 215,
775 4330 844 4385 218.

376 4411 390 4452 ⁴
414 4414 467 4467 Die
492 4413 635 4467 feierlichc
659 4410 922 4481 Doctorpromotinu
950 4410 1108 4464 Herabords
1139 4410 1205 4465 fond
1232 4430 1276 4466 arn
1304 4414 1331 4465 8.
1360 4412 1516 4467 November
1544 4412 1620 4465 1512

316 4504 389 4551 statt
423 4495 483 4564 Vgl.
505 4494 549 4549 Br.
562 4492 628 4547 224.

377 4572 474 4647 ⁵Vgt.
495 4573 539 4628 Br.
557 4573 612 4626 167
634 4572 660 4627 S.
675 4572 731 4626 237
754 4572 874 4627 Aemi.
