3625 5192
650 353 744 414 Brieic
766 356 885 414 Matiane
903 356 944 415 74.
964 328 1005 415 75ss

326 504 417 586 „Nec
437 506 536 571 solnm
557 508 714 573 icaunam
735 509 877 573 homines
899 508 1071 592 patiuntur,
1093 509 1125 572 in
1148 508 1241 575 urbes

325 608 379 675 lus
399 608 504 689 babet
525 610 558 673 in
579 609 676 691 leges,
696 612 729 675 in
752 630 859 693 regnu,
882 611 915 673 in
936 612 1056 693 templa
1076 610 1216 693 deosque

326 711 465 793 Rolligio
483 718 574 777 vetus
595 712 725 790 interiit,
746 728 807 792 que
825 707 932 775 floruit
952 708 1026 773 olim

327 813 408 877 Tam
429 815 524 895 longe
544 814 671 897 lateque
693 820 814 898 patens
856 812 937 877 Sunt
957 810 1047 875 irrita
1068 811 1166 877 llosis

328 916 431 999 Atque
453 916 557 981 Numa
579 916 733 995 consultu,
755 913 851 979 &lon
874 914 948 978 silet
970 922 1067 995 utque
1088 914 1282 999 Lycurgus“.

257 1052 415 1117 Desinant
434 1053 531 1135 igitur
549 1054 676 1117 initiate
689 1050 890 1117 sacrisVeste
913 1050 1043 1115 nimium
1065 1052 1132 1117 suis
1148 1054 1300 1119 institutis
1319 1054 1484 1122 confidere.

178 1152 282 1219 Ruent
306 1174 376 1219 cum
398 1163 547 1238 tempore.
591 1154 748 1220 Desinant
774 1153 910 1218 amicum
935 1152 1096 1218 Urbanum
1123 1154 1278 1221 lacessere
1299 1156 1486 1223 maledictis.

181 1256 306 1322 inimici
328 1263 400 1321 sunt
419 1256 493 1323 odio
515 1256 615 1339 digni.
657 1255 739 1321 Vere
750 1253 900 1335 Barbare,
925 1254 1133 1335 vereUrsnle,
1154 1276 1215 1339 que
1236 1265 1393 1325 amatores
1413 1280 1487 1326 suos

179 1358 286 1425 odisse
316 1362 426 1424 soient.
473 1360 632 1427 Desinant
662 1359 756 1423 uobis
790 1358 958 1423 obtrudere
982 1357 1114 1423 Paulum
1142 1358 1368 1437 Tharsenaem‚
1402 1362 1485 1445 quod

178 1461 280 1526 ilicet:
301 1462 444 1543 „Fugite
465 1461 754 1527 tornicutionem¹.“
798 1460 945 1525 Urbanus
965 1461 1154 1525 tornicarius
1175 1480 1236 1527 nou
1259 1469 1320 1545 cst,
1341 1465 1487 1546 quamuis

181 1564 324 1645 virgines
344 1565 572 1647 muntatasque
592 1563 800 1647 cupidissime
826 1563 929 1627 iutuat
953 1562 996 1625 ud
1017 1581 1153 1645 unguem
1175 1562 1286 1629 doctus
1306 1566 1486 1649 clinopalen

180 1674 213 1730 et
233 1666 419 1731 amatorium
441 1667 605 1747 militiam,
631 1668 682 1731 cui
702 1670 807 1748 preter
827 1664 978 1729 talionem
1005 1665 1085 1730 nibil
1106 1668 1181 1732 muli
1205 1669 1326 1753 precari
1354 1668 1487 1750 debetis,

181 1776 215 1832 ut
235 1769 357 1834 scilicet
383 1788 440 1852 pro
469 1775 515 1834 tot
542 1768 689 1834 lutuuriis
716 1766 851 1850 flagitiis
877 1786 897 1830 a
924 1766 1100 1834 membroso
1127 1768 1245 1853 pistore
1272 1770 1360 1835 miris
1384 1769 1488 1837 modis

183 1869 357 1953 pollicetur.
400 1871 516 1936 Notum
538 1878 587 1937 est
606 1871 699 1936 illud:
721 1869 815 1951 „Qua
835 1887 983 1934 mensura
995 1870 1094 1935 mensi
1112 1870 1294 1952 lueritis²“‚
1316 1872 1391 1937 item
1409 1873 1487 1937 illud

182 1972 259 2052 „ab
279 1972 344 2037 ulio
364 1980 523 2057 expectes,
544 1972 636 2039 alteri
657 1973 740 2055 quod
761 1972 925 2037 ieceris³.“
966 1970 1050 2052 Hae,
1071 1974 1152 2039 bone
1173 1974 1350 2059 pudiceque
1372 1976 1488 2040 saneti-

181 2074 338 2139 moniales
359 2074 503 2139 vindicta
523 2081 670 2141 contente
690 2074 823 2138 discatis
844 2093 906 2137 non
928 2092 999 2139 esse
1028 2076 1107 2141 satis
1129 2094 1291 2158 accusare,
1321 2078 1489 2143 criminari.

181 2175 261 2253 Quis
286 2176 371 2241 enim
397 2178 563 2258 innocens,
596 2183 631 2242 ut
659 2177 762 2258 inquit
795 2176 936 2241 lulianus
962 2177 1147 2260 imperator,
1176 2179 1203 2243 si
1234 2198 1401 2245 accusasse
1427 2180 1488 2246 sui-

182 2277 292 2343 ficiet?
333 2279 422 2346 Vale.

252 2402 430 2450 Handsebriitl.
452 2402 533 2450 11'106
552 2401 764 2450 forster—sur.
810 2400 887 2450 Godr.
907 2400 931 2448 b.
950 2402 984 2448 Tu
1002 2401 1070 2451 &85
1095 2418 1139 2449 rou
1159 2404 1189 2450 ln
1208 2411 1292 2451 nostra
1317 2404 1435 2461 religione
1454 2403 1490 2450 bis

182 2472 345 2533 lacrymosam
365 2474 554 2532 paenitentiam,

736 2562 936 2570 .-————-

187 2650 244 2718 ta.
266 2651 310 2724 ll.
333 2671 379 2720 au
399 2652 535 2725 Urban.
610 2652 743 2735 (sotus
754 2653 859 2722 1508.
892 2652 1005 2721 Niebt
1025 2653 1130 2739 lunge
1149 2652 1240 2721 naeb
1264 2654 1300 2721 u.
1321 2653 1489 2738 luculi).

252 2778 317 2832 utut.
337 2780 411 2825 sucht
430 2780 480 2827 deu
498 2778 585 2827 Urbm
603 2792 689 2839 wagan
707 2779 791 2825 saluar
808 2780 982 2839 l'erbannuug
1000 2780 1065 2826 nach
1085 2780 1187 2839 Leipzig
1204 2794 1233 2827 zu
1253 2783 1355 2828 triistan.

263 2873 490 2939 Amantissimo
511 2872 638 2937 domino
654 2872 791 2939 Heurioo
805 2873 963 2939 Urbano
984 2874 1070 2937 omni
1083 2873 1295 2957 amplitudine
1315 2874 1492 2940 monastica

184 2973 373 3054 dignissimo
393 2974 555 3040 Mutianns
575 2974 683 3043 Ruiirs.

265 3078 298 3141 S.
341 3076 399 3143 list
420 3076 506 3161 apud
528 3096 580 3143 ure
602 3076 743 3157 dubium,
762 3077 945 3161 gratulerne
966 3078 1034 3153 tibi,
1057 3096 1098 3141 an
1111 3084 1142 3142 te
1158 3077 1284 3159 lugeam
1294 3078 1315 3143 ¹.
1356 3078 1407 3143 Ab
1427 3080 1492 3143 aris

184 3178 341 3260 iocisque,
367 3180 482 3262 quibus
502 3178 610 3244 liorem
632 3181 728 3245 etatis
749 3180 962 3256 consecravit,
992 3179 1107 3261 quibus
1135 3198 1198 3243 non
1228 3179 1327 3243 solurn
1349 3179 1491 3244 consiliis

188 3280 265 3361 suis,
285 3279 341 3345 sed
363 3283 460 3346 etiarn
481 3281 643 3347 laboribus
662 3282 793 3365 profuit,
814 3300 876 3364 quo
899 3282 1056 3347 Vallensis
1080 3280 1258 3363 respublica
1278 3299 1385 3346 carere
1407 3282 1492 3346 nullo

185 3380 278 3447 modo
294 3388 409 3466 potest,
431 3382 484 3465 qui
501 3390 630 3467 propter
649 3382 910 3447 iucundissimam
933 3382 1054 3465 ingenii
1078 3382 1201 3447 laudern
1225 3383 1316 3449 bonis
1338 3388 1371 3447 et
1390 3382 1493 3448 doctis

185 3484 263 3549 viris
284 3503 436 3569 perquam
457 3493 568 3567 gratus
588 3493 646 3565 est,
667 3504 730 3550 non
751 3504 869 3550 nocens
889 3494 922 3550 et
944 3487 1045 3568 turpis
1064 3484 1246 3570 dissipator,
1276 3485 1332 3550 sed
1354 3483 1493 3567 diligens

186 3592 219 3649 et
239 3587 388 3669 copiosus
408 3594 499 3670 pater
519 3588 668 3660 familias,
690 3588 842 3652 innocens
863 3588 1025 3670 proiicitur
1042 3588 1074 3652 in
1096 3588 1226 3652 exilium
1244 3586 1400 3653 Urbanus.
1443 3587 1492 3652 Ob

185 3688 334 3753 miseram
347 3689 561 3755 conditionem
570 3696 696 3771 attonsa
716 3690 859 3773 pietatis!
901 3690 1002 3767 Quem
1025 3689 1111 3755 Deus
1131 3690 1238 3755 celesti
1262 3691 1336 3754 dote
1357 3690 1492 3770 ornavit,

187 3790 289 3854 virtus
310 3790 423 3855 extulit
443 3791 485 3855 ad
507 3791 642 3865 laudem,
664 3792 715 3856 eui
727 3798 834 3875 putres
849 3792 1026 3857 tribuerunt
1038 3792 1195 3871 bonorem,
1217 3791 1492 3857 eundemiratruru

186 3892 887 3978 furoretamentiadepulitadcalamitatem.
915 3892 994 3972 Quis
1015 3900 1104 3975 tante
1115 3894 1282 3959 seditionis
1294 3894 1493 3959 stimulator?

249 4118 261 4163 ¹
283 4124 308 4177 l.
329 4122 481 4179 Kerinther
502 4126 529 4184 6.
545 4124 589 4178 18.

250 4199 265 4242 ²
285 4204 384 4261 Muttb.
399 4202 424 4259 7.
436 4204 469 4274 23
488 4205 575 4260 Manli.
585 4205 613 4263 4.
625 4205 676 4261 24:
698 4206 769 4262 Luk.
779 4206 806 4262 6.
818 4206 866 4263 38.

249 4278 264 4323 ³
285 4284 346 4338 Aua
366 4285 420 4339 deu
441 4283 594 4341 Sentenaen
616 4288 664 4341 (les
685 4286 826 4341 Publilius
846 4284 999 4358 Syrusrffl.

248 4360 264 4402 ⁴
287 4364 383 4419 Urbuu
404 4382 460 4419 urar
479 4365 531 4421 auf
548 4366 747 4421 uubestinunte
768 4367 829 4421 Zeit
849 4386 903 4422 rou
926 4368 1030 4421 seinem
1052 4366 1125 4421 Abte
1148 4368 1219 4423 nach
1241 4367 1356 4439 Leipzig
1381 4368 1409 4423 in
1431 4369 1493 4424 eine

188 4444 242 4498 Art
260 4462 313 4500 von
326 4444 516 4517 Verbaunuug
535 4447 681 4516 geselriekt
700 4448 819 4505 worden.
862 4448 927 4518 vgl.
939 4466 1000 4501 auru
1012 4448 1210 4503 Verstiiudniss
1230 4451 1279 4503 des
1299 4450 1493 4520 vorliegeudeu

189 4524 298 4579 Briefes
319 4524 366 4579 Br.
389 4525 425 4579 73
445 4528 501 4579 und
524 4526 570 4580 74.
611 4528 644 4581 ln
670 4528 719 4581 der
747 4528 929 4581 Fraukfurtcr
951 4528 1135 4583 llaudselrriit
1163 4528 1250 4583 iiudet
1270 4530 1329 4583 sicli
1355 4530 1424 4584 iiber
1447 4532 1495 4585 der

188 4604 308 4659 Adrease
329 4604 357 4659 iu
377 4606 473 4661 rotber
495 4607 582 4661 Diute
603 4608 648 4663 die
671 4609 727 4662 alte
746 4608 841 4664 Notiz:
864 4609 1014 4678 Postquain
1038 4608 1143 4679 Lipsirn
1167 4610 1266 4665 missus
1286 4610 1348 4665 init.
