3625 5192
675 403 680 414 .
705 348 794 414 Brieie
813 351 932 414 Mutiaus
947 350 1007 412 387.
1475 347 1511 410 ll

203 502 276 572 dum
298 504 349 572 bic
372 513 464 592 esset.
507 506 642 588 Dubito,
670 513 772 573 utrum
797 509 892 573 velim
915 508 1078 573 certiorem
1099 507 1204 573 lacere
1225 505 1265 571 de
1286 509 1389 589 obitu,
1410 509 1437 574 si
1458 530 1510 574 ac·
1594 508 1597 512 ’

203 609 409 692 cideritquid.
451 609 512 674 Dic
535 617 619 674 tuam
634 613 837 676 sentenciam.
879 611 929 675 De
940 610 1275 694 precibusprimariis¹
1296 612 1376 676 nihil
1387 613 1510 692 scribis,

206 714 297 796 quasi
328 721 432 779 tacere
459 713 518 778 tihi
544 713 654 793 liceat,
681 715 759 779 etsi
781 713 904 794 liceret,
932 722 1038 778 tamen
1063 733 1127 776 nen
1147 711 1285 778 deberes.
1327 713 1410 777 Nam
1430 715 1510 780 Sali-

193 817 359 886 manuus2
387 815 589 896 subornarit,
624 817 677 896 qui
705 822 794 898 petat
830 815 992 892 ethicum
1023 812 1097 880 liuic
1127 816 1308 892 assentitur.
1360 817 1510 882 l'reterea

203 919 316 1002 scripsi
338 917 378 982 de
400 918 550 982 nruuere³
571 917 750 984 coemendo.
798 917 839 982 Et
866 924 899 980 tu
928 918 1055 1000 quidem
1084 904 1327 1001 preterieram
1353 918 1432 982 nihil
1456 939 1508 982 no-

204 1021 315 1085 minas.
357 1019 428 1083 Non
451 1021 564 1104 placet.
613 1019 744 1098 Videre,
771 1021 965 1104 inspectare,
996 1021 1129 1085 scrutari
1155 1021 1263 1084 omnia
1284 1018 1455 1102 debueras,
1477 1030 1510 1086 ut

203 1122 314 1186 houori
335 1141 404 1186 meo
425 1122 646 1193 consuleretur.
690 1121 775 1199 Quid
797 1121 898 1187 vitta?
918 1121 1114 1204 quarrliest‘?
1155 1119 1399 1199 Quidfloriuus?
1431 1123 1510 1187 Volo
1589 1182 1592 1186 .

204 1227 377 1309 preciosum
399 1243 511 1288 nlllnus
538 1225 590 1288 rel
613 1223 741 1288 nullum.
790 1223 905 1306 Cogita
926 1231 958 1289 et
979 1243 1064 1304 eure,
1084 1224 1111 1288 si
1133 1224 1211 1305 quid
1234 1225 1375 1290 excellat.
1416 1225 1510 1289 Dabo

203 1330 341 1413 precium
364 1327 460 1391 illico.
502 1326 575 1391 Neu
598 1327 738 1407 curabis,
767 1347 830 1391 non
851 1326 1024 1406 laborabis,
1044 1324 1179 1390 aderunt
1199 1329 1316 1391 nummi
1340 1327 1390 1392 vel
1411 1330 1511 1408 aurei,

202 1432 232 1496 si
252 1430 348 1510 voles,
370 1429 555 1511 etreliqua.
599 1429 1022 1512 Porrohabeopsalterium1
1044 1428 1267 1518 Stapulensis.‘
1291 1429 1370 1512 Legi
1383 1433 1508 1496 cursim.

202 1532 318 1598 Nescit
335 1531 501 1596 hebraicas
526 1532 651 1612 literas,
672 1531 814 1612 sequitur
834 1531 1070 1615 Hieronymum,
1090 1531 1147 1596 sed
1167 1531 1270 1596 obiter
1287 1533 1404 1614 inveni,
1426 1534 1510 1614 quod

203 1636 265 1699 tuis
298 1633 527 1717 ineptientihus
558 1631 785 1716 metaphysicis
814 1639 1002 1716 opponatur.
1056 1633 1154 1714 Audi,
1190 1653 1300 1716 queso:
1332 1633 1509 1718 „thuou

203 1737 346 1803 nonnulli
376 1742 491 1802 vocant
520 1737 657 1818 rigorem
684 1735 802 1818 logice,
834 1735 974 1818 quidam,
995 1735 1049 1818 qui
1071 1736 1187 1802 rectius
1208 1743 1330 1816 norunt,
1351 1737 1433 1801 iuste
1454 1757 1510 1820 ap-

202 1840 323 1923 pellant
352 1837 623 1922 importunitatem
649 1838 752 1920 logice
782 1856 960 1934 vanamque
987 1844 1018 1902 et
1045 1831 1218 1921 ἀλόγιστον,
1249 1845 1284 1902 ut
1313 1838 1362 1903 sic
1388 1838 1508 1905 dicant:

174 1945 177 1951 '
203 1942 331 2006 minime
354 1940 492 2023 logicam
514 1961 552 2006 ac
575 1939 772 2022 rationalem,
794 1943 1022 2022 garrulitatem,
1043 1959 1106 2004 non
1129 1940 1213 2022 quod
1234 1940 1351 2005 vicium
1371 1943 1414 2005 sit
1434 1942 1511 2005 artis

204 2051 258 2108 aut
279 2044 465 2128 discipline,
496 2063 558 2126 que
580 2063 659 2126 eque
681 2044 861 2108 necessaria
888 2048 938 2108 est
961 2042 1004 2106 ad
1030 2042 1130 2126 probe
1150 2049 1183 2107 et
1202 2043 1332 2107 minime
1354 2043 1511 2108 fallaciter

204 2146 434 2226 disserendum,
455 2153 489 2210 ut
508 2145 716 2228 grammatice
731 2153 762 2210 et
783 2144 989 2210 rethorieead
1013 2144 1111 2208 latine
1132 2151 1163 2208 et
1182 2145 1300 2210 diserte
1310 2143 1509 2226 loquendum,

202 2247 259 2313 sed
282 2267 402 2330 eorum,
429 2249 484 2330 qui
512 2249 605 2312 male·
621 2249 720 2312 libero
748 2247 815 2311 viro
841 2247 958 2330 dignas
982 2256 1067 2311 artes
1088 2246 1342 2330 disciplinasque
1363 2254 1509 2314 tractant.

202 2350 243 2415 Et
263 2369 424 2433 quousque
445 2351 576 2416 redierit
596 2347 638 2415 ad
666 2369 755 2415 saum
777 2351 911 2415 nitorem
934 2357 1041 2414 amota
1061 2350 1147 2414 omni
1167 2349 1249 2414 male
1270 2351 1429 2414 ntencium
1454 2351 1509 2414 im.

203 2459 341 2536 poslura‚
361 2473 421 2518 neu
445 2453 544 2517 solum
559 2453 739 2532 rationales,
760 2453 921 2517 naturales
939 2459 971 2517 et
988 2453 1219 2532 mathematice,
1240 2453 1510 2518 sedeciam-sacre

207 2555 297 2620 litere
320 2554 352 2619 id
374 2557 554 2638 pacientur,
582 2554 664 2637 quod
693 2556 740 2620 sol
762 2555 886 2620 obiectu
913 2555 1100 2620 intermedie
1120 2556 1193 2620 lune
1213 2565 1270 2619 aut
1290 2555 1366 2620 luua
1386 2557 1511 2620 obiectu

204 2657 389 2723 intermedie
415 2657 585 2742 opacitatis
613 2663 712 2724 terre.
752 2657 867 2722 Verum
890 2658 923 2721 id
953 2657 1125 2740 deliquium
1153 2658 1253 2723 oculis
1275 2662 1389 2724 mentis
1410 2661 1511 2724 maui-

204 2779 288 2824 mum
312 2759 404 2824 affert
430 2758 661 2824 detrimentum.
712 2753 919 2843 Complurimi
944 2765 1049 2824 tamen
1078 2759 1147 2841 egri
1174 2766 1261 2840 suunt,
1293 2762 1348 2843 qui
1375 2762 1510 2827 uolentis

205 2880 318 2925 sanare
347 2881 409 2925 non
443 2859 577 2925 audiunt
605 2861 802 2927 eonsilium.“
849 2861 918 2926 Heu
951 2868 1023 2925 sunt
1052 2861 1151 2926 verba
1182 2863 1396 2946 Stapnleusis,
1425 2865 1509 2929 illius

204 2964 289 3028 docti
312 2963 457 3028 hominis.
499 2963 592 3028 Nunc
612 2965 754 3045 cogitare
776 2964 872 3030 debes
893 2963 960 3029 fieri
976 2983 1038 3028 non
1060 2984 1161 3047 posse,
1185 2971 1219 3027 ut
1239 2963 1340 3028 lucem
1360 2965 1510 3030 infundas

204 3066 407 3130 'l'rutletteri5
437 3065 586 3130 tenebris.
633 3065 760 3132 Habeat
786 3085 860 3130 suas
882 3066 945 3132 sibi
966 3066 1102 3148 regulas,
1122 3064 1207 3131 nullo
1232 3067 1381 3149 preconio
1402 3075 1509 3132 nostro

205 3174 347 3233 creseat·
384 3168 553 3250 Nunquam
583 3167 666 3232 euim
691 3168 767 3232 mihi
789 3168 910 3254 placuit
937 3167 1015 3232 illud
1037 3167 1209 3251 copulandi
1229 3188 1355 3251 munius,
1384 3170 1510 3251 quoda

204 3270 349 3335 barbaris
371 3270 549 3353 suscipitur.
592 3270 676 3347 Quid
688 3270 784 3335 habet
804 3271 873 3351 iste,
894 3269 978 3352 qued
994 3270 1028 3334 in
1048 3269 1251 3354 philosophia
1262 3271 1417 3336 ostentet?
1458 3275 1508 3336 An

206 3372 388 3453 val'ricias2,
417 3393 458 3436 an
487 3371 650 3455 argutias?
701 3373 811 3450 Querit
832 3374 965 3454 lucrum,
992 3373 1095 3455 querit
1120 3373 1263 3454 gloriam.
1309 3371 1382 3436 Non
1407 3371 1508 3438 decet.

204 3475 382 3539 Postuletur
402 3481 470 3539 tum
488 3475 628 3540 aurarieie
652 3483 716 3540 tum
745 3477 940 3558 arrogancie.
988 3475 1138 3556 Legimus
1163 3475 1366 3539 Aristotelem
1387 3485 1418 3540 et
1439 3475 1508 3540 Pla-

204 3584 310 3641 tonem
337 3583 370 3640 et
394 3577 453 3641 hoc
483 3577 608 3642 sullicit.
662 3577 713 3640 Ad
742 3577 900 3642 Christum
928 3578 1073 3642 conversi
1102 3577 1261 3642 Christum
1288 3577 1507 3660 imaginemur.

204 3678 429 3760 Relinquamus
457 3679 664 3744 entelechiam
694 3679 888 3760 Aristotelis,
919 3680 1009 3745 ideas
1040 3679 1196 3760 Plutonia,
1224 3678 1323 3744 Deus·
1339 3699 1378 3744 ex
1406 3679 1507 3745 nihilo

204 3787 318 3846 cuneta
338 3782 466 3845 creavit.
496 3781 603 3845 -Dixit
629 3788 660 3846 et
684 3781 770 3846 latera
789 3788 871 3848 sunt.
913 3783 949 3846 Si
965 3802 1042 3862 ergo
1063 3781 1283 3865 compendium
1308 3783 1410 3864 logice
1432 3783 1509 3864 edit,

205 3883 296 3947 affert
317 3872 456 3967 lapidera
478 3884 519 3946 ad
539 3884 668 3962 cellen‚⁶
688 3883 771 3964 quod
794 3891 842 3949 est
855 3884 1031 3954 ridiculum.
1072 3884 1129 3949 Sin
1150 3892 1255 3949 autem
1276 3883 1408 3966 physice
1427 3889 1508 3949 trac-

274 3999 286 4027 ²
304 4007 329 4050 1¹¹
342 4005 490 4052 val'ricicius.

235 4257 240 4265 ,
268 4199 279 4240 ¹
301 4203 394 4258 Ueber
410 4201 458 4256 ‘die
480 4197 658 4274 Bewurhuug
678 4203 796 4258 umciue
818 4201 943 4258 Gothaer
963 4202 1097 4262 Pfr'dude.
1139 4204 1200 4276 Vgl.
1222 4203 1457 4266 besuenses.

266 4279 367 4355 ‘²Vgl.
386 4281 484 4340 Bato
506 4283 598 4337 S.lll
622 4285 703 4338 Auur.
716 4283 741 4340 5.
782 4284 835 4336 Zur
856 4283 944 4339 Sache
965 4284 1011 4343 Br.
1029 4282 1096 4340 381.
1423 4322 1427 4329 -

266 4359 280 4402 3
301 4365 364 4435 Vgl.
385 4362 429 4416 Br.
446 4363 514 4435 375,
529 4363 587 4416 379
609 4366 665 4418 und
687 4365 753 4418 386.

264 4439 278 4482 ¹¹
300 4444 363 4516 Vgl.
383 4443 428 4498 Br.
440 4443 498 4498 386
520 4443 546 4498 S.
558 4443 596 4498 45
610 4445 691 4499 Arrun.
710 4445 736 4498 1.

266 4521 280 4562 5
302 4524 364 4596 Vgl.
385 4522 459 4580 luat
480 4525 535 4579 S.8
557 4524 676 4584 hunul.

264 4599 374 4658 ⁶Thut
394 4610 477 4660 etwas
500 4605 635 4660 ver-hebri.
