3625 5192
625 316 712 369 saera
732 315 851 369 orucians
868 316 921 369 aas
948 316 999 367 aas
1024 314 1083 367 aar.
1160 280 1165 289 ’
1453 318 1505 369 aas

199 463 280 529 247.
301 462 345 528 il.
368 482 413 528 till
434 462 569 532 [irisan.
1109 460 1225 529 (ihi-hh
1237 462 1329 532 1513.
1362 462 1502 546 (ΜΗ.)
1540 525 1544 534 ,

268 587 321 632 llut
351 587 406 632 tsilt
427 588 466 632 dic
485 588 636 645 Bostraiung
657 587 701 633 dcr
719 586 973 633 lieinbardsbrunuer
991 586 1155 633 Oukonomcn
1173 586 1227 645 mit,
1246 586 1322 633 hittat
1343 602 1383 633 um
1403 588 1443 633 die
1459 588 1504 634 lic·

198 672 305 716 sorgung
322 658 391 704 cinos
400 658 518 703 Famulus
536 658 587 703 und
605 657 734 717 bespricht
743 650 973 717 Angolagenlisitan
995 658 1038 703 des
1048 658 1158 717 Pyrrhus
1172 656 1223 703 und
1235 656 1355 703 Heinrich
1366 657 1502 705 biberbach.

279 754 415 818 Hearico
438 754 597 819 Urbano
619 754 779 818 Mutianus
802 753 910 817 liuius.

277 857 307 919 S.
350 856 434 933 Quia
455 864 486 919 te
507 865 539 920 et
560 864 643 920 tuos:
665 856 780 919 tribum
806 862 961 929 nostram,
992 893 1020 899 --
1045 856 1085 921 de
1106 856 1238 919 eruditis
1259 855 1370 936 loquor
1394 891 1419 901 -
1450 866 1504 921 tua

197 958 356 1041 sapientia
378 958 472 1021 tutari
493 967 589 1039 atque
607 976 719 1021 ornare
743 966 848 1038 potes,
878 959 1051 1040 proponam
1079 957 1136 1021 tibi
1159 956 1418 1021 deliberationem
1453 958 1504 1023 hc-

198 1067 319 1122 nestam
348 1068 379 1122 ct
405 1057 521 1122 utilem.
564 1058 655 1122 Nosti
677 1058 872 1121 fridericum
883 1060 905 1139 ¹,
930 1077 1113 1122 economum
1141 1060 1189 1123 sui
1217 1059 1344 1123 ordinis¹
1388 1060 1419 1123 ls
1448 1060 1504 1123 ali·

195 1171 272 1242 quot
286 1172 407 1225 annos·
426 1160 588 1242 graciosus
598 1160 658 1223 ibit
674 1160 761 1242 apud
774 1159 973 1239 Casthoresi,
993 1160 1072 1224 duos
1083 1160 1223 1235 iratrcsi,
1247 1170 1396 1241 patronos
1408 1180 1502 1225 meos.

197 1263 289 1326 Nunc
310 1272 432 1326 mutata
460 1262 530 1326 vice
552 1262 694 1339 -Quid
724 1262 829 1344 placet
850 1270 925 1324 autr
952 1261 1025 1325 odio
1053 1268 1115 1339 est,
1144 1260 1228 1343 quod
1257 1280 1319 1325 non
1351 1263 1503 1329 mutabile

196 1364 350 1429 medacii
372 1400 408 1409 -
430 1365 509 1442 rice,
530 1364 668 1449 inquam,
691 1370 812 1426 mutata
830 1363 926 1443 vulgo
947 1361 1063 1425 dicitur
1084 1363 1228 1428 amisisse
1250 1363 1470 1429 authoritatem
1479 1367 1502 1433 ¹¹.

196 1466 224 1527 N
229 1486 304 1548 uper
326 1468 410 1547 quod
439 1474 547 1530 contra
568 1464 704 1528 edictum
727 1464 904 1545 principale
927 1462 1118 1544 prohibitam
1141 1473 1304 1543 erogasset
1325 1466 1501 1547 pecuniam,

194 1568 344 1631 multatus
370 1576 439 1631 erat
465 1588 485 1631 a
511 1575 658 1647 questore
679 1566 841 1644 (iothano,
871 1565 938 1629 viro
963 1566 1115 1630 acerrimo
1143 1573 1175 1630 et
1201 1567 1406 1647 inexorabili,
1430 1588 1503 1633 cccc

194 1669 299 1733 aurcis
320 1670 464 1732 nummis.
506 1672 555 1732 An
578 1668 680 1731 soluta
698 1668 740 1732 sit
750 1668 860 1747 multa,
880 1666 1037 1732 affirmare
1052 1687 1182 1749 nequeo.
1224 1668 1341 1734 Passus
1362 1676 1410 1734 est
1430 1689 1501 1733 sam

194 1770 408 1850 ignominiam,
431 1776 465 1831 ut
484 1768 561 1833 dixi.
605 1768 667 1831 Sed
691 1768 749 1832 hec
769 1770 892 1831 iactura
913 1769 993 1833 nihil
1013 1767 1054 1831 ad
1070 1788 1135 1833 nos.
1178 1770 1264 1833 Satis
1283 1777 1408 1835 constat
1428 1790 1498 1835 cunr

193 1872 291 1936 fuisse
313 1872 346 1935 in
366 1873 440 1935 aula
460 1870 702 1954 impetrabilem,
724 1870 793 1934 sive
805 1870 941 1951 gratiam
960 1872 1070 1935 emerit
1081 1880 1115 1935 ut
1132 1869 1223 1935 dives
1244 1879 1275 1937 et
1296 1872 1501 1955 importunus,

148 2050 153 2057 ¹
194 1974 262 2037 sive
284 1972 454 2037 blandiciis
475 1980 507 2037 et
527 1972 716 2036 adulacione
737 1972 915 2054 captaverit
935 1990 1044 2057 auram
1064 1970 1280 2055 principalem.
1322 1974 1443 2039 Proluit
1463 1994 1501 2039 eo

194 2075 286 2139 ruodo
306 2076 373 2139 suis
399 2084 431 2138 et
454 2074 545 2155 qnasi
570 2076 741 2157 imperator
769 2074 955 2138 rusticorum
982 2082 1030 2139 cst
1058 2074 1193 2139 habitus.
1236 2075 1294 2138 Est
1319 2077 1350 2139 in
1380 2084 1411 2142 te
1438 2096 1499 2143 non

194 2179 295 2241 minor
316 2177 482 2254 industria,
504 2176 747 2259 paringeniunr,
768 2174 1033 2255 doctrinamaior,
1055 2176 1215 2257 elegantia
1237 2176 1300 2240 stili
1324 2178 1500 2243 amabilior.

194 2279 228 2343 Si
249 2267 390 2357 ridetur,
411 2277 637 2341 commendabo
661 2286 692 2341 tc
714 2277 851 2342 maximo
878 2278 1055 2359 principum
1082 2297 1138 2360 pro
1159 2296 1230 2341 mea
1251 2297 1327 2359 erga
1349 2287 1379 2342 tc
1406 2280 1498 2345 beucss

192 2380 331 2444 volentia
350 2388 445 2461 atque
465 2379 669 2461 observantia
691 2398 793 2459 neque
813 2378 933 2451 dubito,
955 2380 1031 2461 quin
1054 2399 1157 2443 meum
1179 2380 1360 2463 preconium
1381 2380 1499 2447 efficiat

192 2494 223 2546 te
241 2482 464 2560 lavorabilem,
486 2482 546 2546 nisi
569 2490 691 2545 metuas
713 2481 771 2545 hec
792 2490 935 2563 tempora
956 2500 1034 2545 sane
1056 2481 1241 2564 periculosa.
1285 2482 1313 2545 N
1317 2501 1376 2546 unc
1399 2483 1497 2549 alium

191 2584 306 2648 iaciant
334 2584 582 2666 paragraphum:
613 2584 752 2665 Exquire
772 2583 849 2646 mihi
874 2583 1025 2647 famulum
1048 2583 1162 2646 Paulii
1185 2602 1395 2649 successorem
1417 2588 1497 2668 hitu-

192 2704 276 2765 rum,
306 2686 398 2749 sicuti
424 2693 456 2748 ct
475 2685 550 2749 olim
571 2685 731 2749 mandavi.
774 2681 911 2749 Castum'
931 2683 1002 2747 volo
1031 2691 1066 2748 et
1083 2685 1276 2767 simplicem,
1307 2693 1495 2751 nontamen

192 2786 465 2865 melancholicum,
498 2788 567 2851 sive
597 2786 777 2876 bucularius
813 2786 882 2850 sive
906 2786 1053 2850 Austrius
1080 2791 1134 2848 aut
1154 2786 1298 2850 Bararus
1324 2788 1374 2851 sit.
1422 2788 1495 2851 Fidi

192 2899 264 2952 snut
286 2888 408 2952 illamrn
437 2892 601 2953 nationum
624 2889 858 2965 adulescentes,
885 2908 947 2951 non
973 2906 1082 2951 omnes
1108 2886 1269 2970 impudici.
1318 2892 1496 2971 Antequam

191 2991 366 3069 conducas,
395 2992 539 3055 narrabis
566 2992 643 3055 mihi
672 2990 890 3069 condiciones,
929 2998 962 3052 ut
990 2988 1118 3071 probem
1145 2998 1200 3055 aut
1227 2976 1382 3073 respuam.
1430 2992 1497 3057 Nec

193 3101 314 3156 mutum
339 3113 441 3157 mores
469 3092 643 3173 noscenda·
673 3093 729 3156 sed
759 3098 828 3155 ctas
853 3101 886 3154 et
914 3092 1019 3173 patria
1044 3098 1076 3155 et
1101 3092 1234 3177 i'ortuna.
1282 3093 1407 3158 Diuites
1435 3113 1496 3157 non

191 3196 343 3259 serviunt.
385 3195 564 3276 Vesticipcs
577 3214 638 3258 non
651 3194 811 3258 obediunt.
846 3194 990 3257 illiterati
1013 3212 1074 3257 nou
1097 3201 1168 3258 suut
1189 3213 1326 3276 capaces
1340 3193 1496 3259 beneficii.

191 3298 328 3360 Saevum
358 3306 413 3360 aut
435 3296 590 3361 Francum
614 3297 695 3360 nolo.
741 3295 824 3378 Ego,
851 3296 915 3359 nisi
942 3296 1116 3359 timuissem
1145 3314 1241 3360 nasos
1265 3304 1296 3359 et
1322 3316 1439 3360 sannas
1465 3305 1497 3361 et

192 3397 304 3461 dentes
334 3398 514 3476 theoninos,
544 3398 742 3479 scripsissem
775 3416 832 3480 pro
860 3396 1002 3479 Pyrrho⁵
1040 3404 1154 3461 nostro.
1218 3396 1259 3460 ht
1293 3398 1433 3479 b'cq'llam
1464 3404 1497 3462 et
1577 3406 1579 3413 '

191 3497 386 3580 Charybdim
422 3499 551 3563 evitavi.
597 3501 700 3580 Agam
734 3506 840 3562 amen
875 3496 1107 3562 studiosissime
1137 3499 1236 3564 frctus
1266 3506 1320 3563 tuo
1356 3500 1497 3565 consilio.

193 3600 253 3664 Dio
288 3601 383 3680 mihi,
418 3620 490 3664 nunt
532 3600 635 3665 brevis
657 3600 767 3665 Severi
801 3600 843 3664 sit
872 3598 986 3663 editus.
1014 3599 1151 3673 limam.
1212 3600 1369 3666 Munerari
1399 3604 1497 3683 Aper-

192 3701 344 3766 bacchum
355 3704 378 3779 θ,
399 3703 559 3784 insignum
576 3701 747 3782 medicum,
766 3702 923 3783 volebam,
943 3701 999 3766 sed
1021 3701 1085 3767 diis
1102 3702 1196 3767 aliter
1215 3702 1343 3786 placuit.
1385 3686 1497 3784 Neque

260 3840 408 3893 “Faunis
502 3832 565 3893 Ι’Τκ
583 3848 705 3895 Castores.
800 3840 895 3906 ⁰Quid
915 3848 998 3907 placet
1015 3853 1059 3893 aut
1077 3847 1114 3894 hei
1133 3849 1166 3894 'I'a
1184 3849 1341 3908 oraapdassea.
1428 3830 1496 3893 “¹1¹2

191 3916 358 3963 autoritatem.

254 4132 266 4174 l
289 4135 333 4190 Br.
345 4135 383 4190 29
405 4135 431 4191 S.
445 4135 484 4189 40
504 4131 624 4191 dumi.

253 4211 267 4253 ‘2
287 4216 429 4271 Friedrich
451 4218 507 4271 und
527 4217 639 4271 Jchann
659 4235 714 4271 von
735 4216 865 4273 Sachsen.

249 4290 263 4333 ³
283 4296 382 4363 Horas,
402 4296 490 4367 Epist.
506 4297 529 4366 I,
546 4296 610 4349 101.

252 4372 422 4431 *Derselbe
444 4376 480 4431 ist
500 4377 668 4431 mindestens
689 4378 743 4432 seit
765 4377 909 4435 rohsnai
931 4378 1037 4433 hlutian
1059 4396 1193 4450 genesen.

253 4450 267 4494 ⁵
287 4456 351 4528 vgl.
371 4456 417 4511 Br.
429 4456 485 4509 237
499 4474 524 4511 n.
537 4455 616 4513 240.

253 4530 267 4574 ⁶
287 4534 351 4609 vgr.
371 4535 418 4593 Br.
430 4536 486 4590 237
498 4554 526 4589 u.
538 4536 603 4594 238.
