3625 5192
729 334 819 389 Brisie
836 334 958 391 Mutiaus
976 334 1017 389 tt
1456 334 1506 389 los

200 482 315 567 palluit
340 482 443 547 macic
469 480 619 547 detbrmis
648 488 757 547 ventre
784 481 927 565 turgido,
960 502 1014 548 cur
1038 481 1177 567 denique
1203 502 1333 567 gregem
1357 482 1507 565 reliquit?

201 583 303 666 Signa
323 590 396 648 sunt
418 603 598 665 compresse
620 592 652 649 et
672 584 835 666 gravide.“
876 582 928 649 Ad
950 586 1008 651 hec
1029 604 1098 651 curn
1127 585 1352 666 obiicerentur,
1379 586 1506 651 narravi

201 686 339 751 fabulam
359 686 400 751 de
414 684 519 767 equite
538 684 727 769 presidiario
745 687 923 770 monuique,
945 694 979 751 ut
998 706 1119 753 murum
1130 708 1151 751 a
1168 694 1257 769 tergo
1271 686 1395 753 cenobii
1416 688 1507 752 semi-

200 796 302 853 rutum
326 795 358 852 ct
378 794 535 853 vetustate
552 788 763 853 collabentem
775 788 979 855 reficiendum
992 795 1123 873 curaret,
1144 808 1185 855 nc
1197 789 1328 855 lascivis
1338 788 1506 855 iuvenibus

199 890 304 956 facilis
322 897 433 975 pateat
453 888 629 973 adpuellas
650 890 915 974 inclusasaditus‚
935 891 1072 973 garrulis
1092 910 1216 974 quoque
1237 898 1269 957 et
1288 897 1405 957 statum
1416 911 1505 957 oeno
1587 914 1594 928 ·

201 992 315 1057 bialem
345 991 379 1057 in
406 990 575 1057 discrimen
613 993 742 1057 incauta
768 992 961 1075 loquacitate
987 992 1231 1059 coniicientibus
1261 1011 1345 1075 aqua
1379 998 1412 1057 et
1439 986 1507 1074 igni

200 1094 413 1173 interdiceret,
433 1112 504 1158 com
526 1094 601 1175 sint,
622 1113 683 1177 que
704 1094 835 1159 levitate
856 1093 957 1159 animi
978 1094 1029 1159 vel
1050 1096 1154 1179 potius
1176 1095 1298 1159 invidia
1318 1101 1414 1177 atque
1434 1096 1508 1161 odio

198 1216 261 1263 non
280 1196 351 1261 visa
372 1194 508 1277 fingant,
536 1214 598 1261 non
619 1195 731 1261 audita
751 1196 928 1277 loquantur.
970 1196 1004 1261 Si
1034 1197 1118 1261 enim
1145 1214 1239 1261 sexus
1267 1196 1328 1263 istc
1353 1196 1507 1263 l'emineus

198 1304 311 1363 natura
330 1297 431 1363 futilis
451 1303 500 1363 est
521 1304 553 1363 et
571 1298 719 1362 rimarum
730 1297 852 1381 plenus,
872 1297 970 1364 multo
984 1300 1086 1381 magis
1099 1298 1133 1363 id
1149 1299 1219 1364 vitii
1237 1298 1371 1381 contigit
1381 1298 1506 1367 ociosis.

198 1400 359 1465 Postremo
386 1399 469 1464 dixit
496 1399 652 1482 propitius
681 1407 786 1483 pater:
814 1400 1017 1485 „Precipiam
1045 1401 1221 1486 preposito,
1248 1406 1282 1465 ut
1307 1400 1411 1467 edicto
1437 1422 1507 1485 pro-

199 1502 347 1568 hibitorio
367 1501 528 1569 silentium
550 1502 657 1567 faciat.
698 1500 820 1567 Mecum
842 1502 902 1567 ibit
924 1503 1088 1577 Urbanus,
1111 1503 1229 1569 crimen
1251 1502 1416 1583 inficiatur,
1438 1505 1507 1570 dies

200 1603 327 1669 tandm]
357 1605 464 1669 omnia
491 1603 675 1669 revelabit.“
722 1604 803 1669 Tum
831 1605 973 1687 suscepi:
1000 1605 1121 1689 „Recte
1145 1606 1267 1671 statuis.
1314 1605 1450 1689 Scripsit
1476 1612 1508 1673 et

199 1705 277 1770 mibi
305 1726 340 1773 se
372 1707 572 1771 innocentem
604 1725 675 1773 esse
701 1706 805 1773 Deum
840 1714 950 1773 testem
988 1706 1191 1789 advocando,
1224 1707 1349 1772 mentiri
1380 1708 1506 1787 lamam,

201 1808 307 1873 dolere
327 1807 389 1885 sibi
411 1807 614 1875 vehementer
634 1814 755 1873 tantum
769 1807 922 1875 mendatii
933 1810 1074 1875 vulnus.“
1116 1810 1175 1875 His
1195 1818 1317 1875 secreto
1338 1808 1509 1893 disputatis

201 1910 345 1977 ascendit
365 1909 408 1976 ad
428 1930 485 1977 nos
506 1911 699 1995 prepositus,
724 1909 808 1993 quud
830 1911 1022 1977 adveniente
1043 1912 1122 1996 petii
1142 1910 1341 1977 vacationem
1371 1912 1509 1995 prandii,

201 2019 236 2078 nt
252 2013 364 2077 liceret
383 2013 459 2077 mibi
484 2012 610 2077 domum
630 2014 673 2077 ad
693 2014 851 2097 hospitem
864 2014 1169 2079 affinitatciunctum
1180 2016 1203 2094 ¹,
1223 2014 1277 2096 qui
1292 2032 1342 2079 me
1362 2020 1509 2096 expecta-

203 2116 259 2194 vit,
280 2114 391 2181 redire.
433 2114 562 2179 Annuit.
605 2115 659 2180 Sic
679 2115 763 2197 quod
783 2121 833 2195 tu,
860 2116 1005 2198 Urbane,
1034 2116 1216 2183 novissimis
1236 2115 1315 2180 mihi
1335 2114 1436 2180 literis
1463 2116 1509 2179 in-

202 2216 368 2293 iunxeras,
400 2224 434 2280 ut
456 2217 650 2299 suspicerem
678 2218 930 2299 excusationem,
959 2220 1120 2285 silentium
1148 2237 1364 2303 procurarem,
1391 2218 1509 2285 amoris

201 2320 316 2386 sinceri
342 2319 532 2401 suffragator
566 2338 667 2385 essem
695 2327 727 2385 ot
751 2320 918 2401 iudicium,
951 2321 1014 2387 imo
1047 2321 1251 2406 preiuditinm
1283 2328 1415 2399 temere,
1445 2339 1507 2385 non

201 2423 324 2487 ratione
342 2429 374 2487 et
394 2421 527 2488 oonsilio
548 2422 743 2505 loquentium
764 2421 969 2503 retardarem,
989 2444 1009 2489 a
1030 2443 1080 2491 mc
1102 2422 1212 2489 sedulo
1233 2423 1350 2488 lactum
1371 2441 1441 2487 esse
1462 2424 1508 2487 in-

201 2525 328 2607 telligis.
370 2525 481 2605 Neque
510 2545 586 2591 vero
613 2528 775 2607 quiescam
800 2528 833 2591 in
860 2525 1035 2592 asserenda
1061 2524 1241 2607 tuendaque
1258 2523 1416 2607 dignitate
1444 2532 1507 2605 tua,

205 2647 300 2711 quam
321 2628 398 2691 mali
415 2638 548 2708 possunt
568 2628 733 2709 int'amare,
756 2629 829 2694 boni
842 2648 903 2693 non
916 2635 1118 2713 possuntnou
1130 2626 1260 2693 laudare
1280 2646 1319 2692 ae
1340 2624 1511 2693 defendere

203 2730 245 2794 ab
273 2728 391 2794 iniuria
401 2747 503 2794 rerum
525 2737 557 2794 et
577 2730 753 2794 verborum.
794 2731 940 2811 Navigas
962 2730 1059 2812 igitur
1079 2732 1112 2795 in
1128 2737 1219 2815 portu
1231 2729 1370 2795 securior
1389 2728 1511 2793 futurus

203 2850 296 2913 quam
318 2840 427 2897 antea.
470 2830 674 2914 Quanquam,
697 2840 732 2896 ut
751 2832 851 2899 libere
872 2842 975 2899 tecum
996 2852 1101 2915 agam,
1121 2833 1184 2899 nisi
1204 2832 1342 2897 clemens
1360 2839 1392 2895 et
1412 2832 1511 2895 nostri

202 2932 342 3015 diligens
363 2939 447 2999 esset
466 2933 641 3014 Duronius,
668 2944 772 3000 actum
795 2935 835 3000 de
856 2944 888 3001 te
909 2942 1000 3001 esset.
1044 2934 1108 3000 Sed
1129 2935 1254 3001 omissis
1284 2951 1393 2998 severe
1414 2932 1510 2999 dictis

203 3036 341 3100 civiliter
362 3044 395 3100 ct
415 3037 527 3116 amice,
549 3038 654 3118 magis
672 3037 741 3103 ioco
762 3056 857 3120 quam
879 3036 976 3118 serio,
996 3038 1023 3102 si
1043 3038 1172 3120 pateris,
1193 3056 1284 3119 rugo:
1312 3036 1346 3100 Si
1375 3034 1447 3112 l'uit,
1475 3040 1510 3099 ut

203 3139 263 3219 ais,
282 3140 364 3203 inter
384 3158 442 3202 vos
464 3140 605 3205 sincerus
626 3148 658 3206 et
678 3147 784 3205 castus
807 3160 904 3220 amor,
925 3138 1133 3205 undeventer
1153 3136 1384 3223 protuberans?
1424 3135 1508 3200 Num

203 3241 289 3305 blare
310 3241 433 3307 Urbani
454 3243 587 3308 delicias
608 3244 696 3307 velut
720 3244 852 3307 alteram
875 3242 966 3307 iliam
994 3240 1201 3324 compressit?
1242 3241 1290 3303 An
1311 3238 1372 3304 deo
1392 3238 1442 3303 ias
1461 3242 1510 3303 est

202 3342 302 3425 adyta
320 3344 433 3409 divina
453 3344 679 3424 contaminare,
698 3344 879 3409 bominibus
900 3344 1010 3408 nel'as?
1051 3343 1139 3407 Dura
1160 3342 1338 3407 mortalium
1359 3338 1509 3417 conditio,

202 3444 361 3510 Incestum
382 3446 514 3511 Martem
528 3445 627 3511 Roma
649 3446 754 3511 coluit.
796 3446 878 3511 Mira
898 3445 1056 3530 patientia
1065 3445 1286 3509 Romanorum.
1328 3443 1386 3517 Tu,
1406 3442 1508 3507 credo.

204 3566 306 3627 neque
334 3548 442 3613 lovem
470 3548 566 3614 t'erres
590 3548 787 3613 oorrivalem.
828 3548 901 3611 Non
923 3549 1003 3613 benc
1023 3567 1092 3612 cum
1115 3546 1205 3611 sotiis
1224 3563 1323 3627 regna
1341 3544 1509 3626 Venusque

202 3657 341 3714 manent.
382 3650 424 3713 Et
445 3650 524 3715 libet
545 3651 627 3714 ultra
648 3650 760 3733 vagari
777 3670 834 3733 per
858 3650 983 3715 erudita
1000 3650 1167 3715 vetustatis
1183 3648 1297 3731 spatia.
1339 3646 1508 3729 Postquam

203 3753 236 3816 in
264 3752 359 3816 Latio
385 3771 439 3817 rex
465 3751 582 3817 Procas
607 3752 773 3817 Numitore
798 3758 830 3816 et
857 3752 983 3817 Amulio
1017 3751 1091 3815 liliis
1124 3750 1347 3833 superstitibus
1380 3748 1508 3813 l'atalem

203 3862 334 3919 mortem
354 3853 448 3933 obiit,
475 3853 620 3917 Amulius
640 3872 743 3934 neque
764 3852 814 3917 ius
834 3854 976 3936 gentium
1004 3872 1106 3934 neque
1127 3850 1234 3917 fratris
1254 3856 1370 3915 etatem
1391 3851 1511 3915 veritus

204 3955 386 4036 Numitore,
406 3974 499 4035 quem
522 3973 656 4037 regnare
677 3956 832 4037 oportuit,
853 3955 885 4017 in
907 3954 1049 4018 ordinem
1072 3954 1199 4018 redacto
1224 3972 1354 4034 reguum
1376 3958 1511 4035 occupat

203 4077 263 4122 nec
282 4062 447 4123 contentus
468 4058 618 4121 maiorem
640 4058 768 4120 t'ratrem
790 4056 879 4137 regio
901 4056 1028 4119 nornine
1050 4055 1255 4139 privassent
1276 4072 1364 4137 spem
1387 4071 1511 4136 quoque

203 4159 289 4224 illius
314 4160 347 4222 in
376 4165 535 4243 posterum
560 4157 769 4241 recuperandi
800 4156 967 4231 adimeret,
995 4155 1081 4221 virili
1111 4156 1209 4240 stirpe
1237 4156 1364 4220 sublata
1388 4155 1509 4219 Rbeam

124 4328 130 4337 ,
205 4260 338 4326 silviam
369 4260 446 4339 (alio
473 4260 600 4326 nominc
628 4258 744 4323 dicitur
765 4259 838 4337 llia)
868 4258 1032 4323 Numitore
1059 4258 1216 4341 genitam,
1243 4276 1284 4322 ne
1310 4258 1510 4323 matrimonio

204 4363 309 4427 locata
327 4361 499 4428 domestice
519 4361 635 4426 iniurie
654 4360 786 4425 ultorum
809 4360 981 4443 aliquando
1008 4360 1071 4425 sibi
1097 4368 1238 4443 pareret,
1260 4358 1420 4425 Vestalem
1448 4359 1509 4425 vir-

267 4571 279 4617 ¹
300 4576 359 4635 Der
378 4575 408 4633 in
428 4575 474 4633 Br.
489 4574 526 4630 73
549 4579 689 4651 genannte
707 4571 876 4646 Apollonius
895 4572 933 4629 ist
951 4573 1082 4648 gemeint
