3625 5192
626 359 715 416 Brlele
734 358 854 416 Matiane
875 361 934 420 173.
955 362 1013 417 lta
1033 363 1091 418 175.
1463 364 1515 418 247

209 517 355 593 pungunt
375 516 407 574 et
427 510 511 572 omni
533 508 725 575 contumelia
760 509 912 576 infestant
937 519 1044 577 notum
1070 511 1179 576 buccis
1206 511 1367 578 inurentes
1391 513 1520 580 auribus

210 612 398 696 pertbratis?
440 611 494 676 Dii
514 613 644 678 meliora
660 613 724 695 piis
744 631 943 694 erroremque
965 612 1107 679 hostibus
1128 612 1250 678 illuml¹
1288 613 1383 698 Apud
1410 634 1520 682 omnes

208 722 320 794 gentes
341 722 372 779 et
396 713 529 798 populos
558 715 751 780 sacrosancti
773 713 931 780 habentdr
956 716 1098 797 insignes
1123 722 1155 780 et
1176 716 1271 780 iurati
1298 717 1414 782 nuncii.
1455 717 1520 782 Eos

209 815 329 879 violare
351 815 454 896 nel'as,
475 815 630 898 impedire
648 815 840 898 ignominia,
862 816 990 898 pulsare
1010 818 1186 900 proximum
1208 817 1388 900 latrocinio,
1409 819 1518 886 crude

209 916 280 981 liter
299 915 426 982 attinere
447 917 623 1000 pyraticam
652 923 684 982 et
704 917 842 1002 capitale
871 925 903 984 et
933 919 1028 1002 plane
1052 917 1184 1002 dignum
1212 918 1404 986 eamificinu.
1446 921 1519 986 Non

208 1020 305 1103 igitur
331 1019 447 1084 iniuria
474 1019 637 1104 sceleratis
668 1025 701 1084 et
732 1019 840 1102 impiis
868 1019 996 1104 publico
1017 1020 1154 1084 'decreto
1185 1021 1285 1103 sacris
1305 1021 1517 1105 interdictum,

209 1133 241 1186 ut
264 1121 355 1204 pravi
378 1121 523 1206 exemplo
547 1120 720 1186 reddantur·
740 1120 782 1185 ad
805 1122 953 1186 iniuriam
973 1121 1154 1186 taciendam
1182 1122 1337 1188 tardiores
1364 1130 1396 1190 at
1423 1123 1519 1189 tutior

208 1225 306 1308 spiret
328 1225 409 1289 inter
431 1229 528 1289 tetros
549 1221 738 1289 innocentia.
781 1223 910 1288 Nemini
932 1223 1072 1296 dubium,
1090 1223 1166 1305 quiu
1189 1224 1367 1290 crebrescat
1382 1226 1414 1289 in
1431 1225 1518 1310 agris

209 1327 345 1391 ululatus
364 1328 561 1404 seminarum,
579 1326 707 1405 vagitus
727 1325 905 1406 intentiosa,
924 1326 1013 1409 pueri
1036 1327 1231 1410 innuptaque
1249 1327 1354 1410 puelle
1369 1328 1516 1409 eiulatus,

207 1429 349 1494 fremitus
374 1429 490 1511 plebis,
513 1429 678 1492 multorum
706 1427 755 1492 ira
782 1435 814 1492 et
839 1428 1019 1510 indignatio
1044 1427 1172 1492 omnino
1198 1427 1327 1494 difficile
1353 1448 1424 1496 essa
1454 1431 1517 1496 ela·

208 1530 359 1595 mentium
381 1528 687 1611 nongraviterl'erre
711 1549 874 1594 censuram
897 1537 961 1592 tam
984 1529 1129 1611 rigidam.
1170 1529 1290 1613 Frangi
1312 1537 1457 1615 preterea
1477 1551 1517 1598 aa

208 1631 668 1713 debilitari'oiviumauimoe,
700 1632 863 1714 presertim
896 1630 980 1714 quod
1011 1631 1153 1696 tabidum
1185 1634 1288 1696 tumus
1319 1632 1442 1699 illatum
1474 1633 1517 1698 sit

208 1735 277 1799 urbi
299 1733 490 1818 Euphordie‚
518 1740 667 1815 tanquam
689 1734 784 1818 pinea
813 1733 920 1798 furtim
945 1734 1031 1798 laxet
1060 1734 1218 1800 clanstra²
1239 1735 1348 1800 Sinon.
1395 1735 1461 1802 Sed
1482 1737 1514 1801 in

207 1845 326 1902 tantum
348 1836 450 1901 scelus
470 1834 865 1915 severiusanimadvertet,
888 1855 980 1918 quem
994 1837 1126 1901 colimus
1137 1836 1405 1921 archiepiscopus.
1440 1838 1514 1902 Tibi

207 1957 280 2004 vero
309 1939 341 2002 in
375 1937 435 2002 hae
462 1945 649 2021 tempestate
678 1939 837 2020 tantisque
861 1935 1008 2002 fluctibus
1040 1956 1104 2000 una
1140 1956 1209 2002 cum
1236 1939 1351 2004 ceteris
1382 1941 1514 2006 notariis

207 2041 344 2107 astuanti
370 2059 431 2103 nou
462 2039 561 2104 dubia
591 2039 668 2104 lucri
696 2058 770 2124 spes
803 2039 959 2123 voluptati
985 2038 1046 2103 crit
1071 2046 1104 2104 et
1126 2040 1247 2106 solatio.
1297 2041 1408 2123 Neque
1428 2041 1513 2106 euim

206 2143 414 2210 absolutionis
437 2135 623 2208 benc'lieium
637 2141 846 2224 indulgebant
861 2141 1068 2206 ecelesiastici
1085 2141 1217 2223 iudices,
1238 2143 1300 2207 nisi
1317 2163 1374 2227 pro
1392 2145 1511 2208 enormi

206 2255 239 2312 et
259 2245 476 2330 manifestaris
495 2244 681 2310 crudelitate
707 2263 851 2329 proceres
878 2243 933 2308 isti
953 2245 1105 2326 magistro
1127 2252 1195 2324 tuo,
1222 2245 1325 2310 amieo
1351 2265 1421 2310 meo
1446 2244 1511 2309 Du·

205 2347 280 2413 doni
289 2349 312 2428 ³,
338 2347 558 2413 satisfecerint.
603 2346 699 2430 ldqne
720 2347 786 2412 iure
806 2344 968 2429 pontificio
989 2353 1114 2410 cautum
1128 2365 1272 2412 mnenon
1290 2346 1424 2429 ignoras
1457 2347 1512 2411 Sic
1560 2389 1572 2407 t

205 2451 288 2515 enirn
325 2450 423 2514 tradit
456 2449 661 2516 Innocentius
690 2449 815 2528 tertius,
847 2447 1111 2531 quemadmodum
1149 2447 1281 2512 relatum
1311 2448 1446 2530 legimus
1477 2450 1511 2510 in

205 2551 348 2635 epistolis
359 2552 594 2630 Decretalibus:
616 2551 675 2633 „Si
696 2549 817 2615 offensa
837 2555 885 2615 est
900 2550 1083 2631 manifesta,
1105 2569 1167 2614 non
1188 2549 1346 2616 eredimus
1363 2549 1510 2614 satisfieri

204 2671 351 2736 congrue,
374 2660 407 2716 ut
426 2654 584 2718 relaxetur
605 2653 775 2734 sentencia,
797 2652 859 2718 nisi
879 2653 968 2736 prins
987 2650 1143 2716 suffitiens
1163 2658 1320 2735 prestetur
1345 2650 1508 2716 emenda.“

205 2755 276 2822 Nun
304 2775 375 2820 mea
403 2756 502 2820 verba
522 2762 611 2837 sunt,
636 2755 712 2838 quia
731 2754 867 2820 emenda
887 2754 991 2835 magis
1017 2753 1167 2818 usitatum
1186 2772 1281 2834 quam
1301 2753 1435 2818 latinum
1455 2773 1509 2819 vu·

204 2858 349 2923 nabulum
371 2867 426 2924 est.
467 2857 555 2922 Vale.

274 2983 455 3030 Hurrdschril'tl.
476 2983 496 3027 F
519 2983 567 3029 108
590 2981 802 3032 fullbv-llr.

825 3128 958 3135 ..u—.—

204 3245 281 3311 ltu.
304 3243 347 3315 ll.
369 3262 416 3310 un
436 3242 622 3311 llerebord
644 3263 676 3314 r.
688 3244 722 3311 d.
734 3243 909 3314 llnrthen.
1023 3293 1027 3301 .
1104 3243 1236 3324 (Gotho
1256 3243 1506 3330 tuot-1510).

274 3369 335 3416 blut.
353 3369 407 3415 lobt
425 3369 466 3416 die
484 3369 677 3429 Beschilltignng
695 3369 738 3414 des
748 3369 877 3416 llerebord
896 3384 920 3415 v.
933 3368 956 3415 d.
968 3368 1085 3416 Mantinon
1103 3370 1149 3416 mit
1170 3369 1214 3416 der
1228 3369 1394 3430 Philosophia,
1414 3371 1508 3418 erklllrt

204 3441 265 3488 aber
282 3441 321 3486 liin
337 3440 424 3487 seinan
441 3439 495 3510 Tell
513 3439 684 3486 hemmenrod
701 3439 817 3499 glttubige
835 3439 1038 3498 Butraehtuugan
1055 3440 1189 3487 vordaban
1207 3455 1237 3486 ιιι
1257 3443 1362 3487 milassn.

284 3537 355 3600 Duo
371 3537 512 3602 seniores
533 3556 627 3601 unum
649 3536 808 3601 ethnicum
831 3536 1063 3620 philosophum,
1084 3536 1348 3602 llerebordnm
1370 3538 1506 3618 nomine,

204 3639 352 3702 salutant.
469 3691 472 3698 ,

282 3740 401 3824 Accepi
420 3739 527 3804 literas
542 3749 612 3804 tuas
635 3740 746 3823 plenas
757 3738 945 3804 eruditionis
961 3739 1099 3822 antique.
1132 3740 1231 3803 Grata
1242 3748 1315 3804 sunt
1327 3739 1506 3818 admodum,

203 3861 263 3924 que
285 3841 408 3924 scribis,
434 3862 498 3907 non
520 3853 583 3907 tam
604 3843 644 3908 ob
666 3842 769 3926 ipsam
791 3841 977 3923 doctrinam,
1006 3859 1184 3923 quanquam
1206 3843 1246 3907 <ab
1275 3863 1345 3908 eam
1372 3863 1507 3926 quoque,

124 3937 127 3942 ’
203 3961 297 4024 qnam
326 3937 454 4028 propter
479 3943 615 4007 indolem
644 3943 897 4025 suavitatemque
931 3943 1050 4024 ingenii
1081 3944 1134 4007 tui.
1182 3945 1262 4007 Num
1293 3951 1411 4010 remota
1435 3953 1509 4010 sunt

203 4044 245 4108 ab
266 4064 322 4108 usn
344 4045 573 4124 ecclesiastico,
595 4064 654 4126 quc
676 4045 735 4110 tibi
758 4045 913 4130 proponis
929 4050 962 4108 et
981 4044 1056 4108 olim
1078 4052 1111 4109 et
1121 4065 1221 4130 nuper
1242 4056 1273 4110 et
1288 4047 1352 4111 iarn
1368 4046 1508 4133 explosa.

204 4185 404 4196 m...—

267 4269 278 4312 1
299 4273 395 4346 Vergil
416 4274 518 4347 Georg.
540 4277 593 4349 111,
616 4273 683 4330 513.

264 4349 277 4392 2
298 4353 360 4426 Vgl.
378 4356 462 4428 Verg.
482 4355 551 4411 Aen.
569 4356 605 4424 ll,
625 4374 650 4411 v.
666 4355 843 4412 nus-259.

262 4428 548 4491 ³Erubischiiflicher
564 4435 679 4492 Richter·
696 4438 725 4492 in
748 4437 856 4505 Furium
877 4437 937 4492 sein
957 4440 1088 4492 ntiehster
1107 4439 1300 4510 Vorgesetater
1321 4457 1376 4495 nar
1395 4441 1508 4496 Johaun

202 4511 386 4586 Sbmmeriug.
428 4515 478 4570 Ala
499 4517 711 4592 argentorum,
731 4518 865 4573 hemlihte
886 4516 948 4572 sich
968 4517 1089 4584 Mutius,
1115 4521 1169 4573 dau
1188 4520 1312 4590 Pyrrhus
1341 4540 1374 4577 zu
1402 4522 1507 4578 amarem

201 4593 373 4669 Nauhfolger
391 4613 425 4650 su
447 4595 573 4666 macheu,
595 4597 758 4654 vermochte
777 4615 807 4654 es
822 4597 890 4656 aber
911 4597 990 4655 nicht
1009 4599 1233 4660 amchzusetzau
