3625 5192
328 353 382 407 aot
707 353 968 423 Geoehichnquetten
986 355 1035 410 der
1053 353 1128 408 Pron.
1146 353 1269 410 Sachsen.

327 509 437 566 teneas
458 501 577 566 nuliam
598 521 668 568 esse
693 502 921 584 expeditiorem
944 521 1037 584 qnam
1060 503 1202 568 eruditae
1224 503 1394 569 doctrinae
1435 505 1526 570 Hane
1547 511 1638 570 aetas

327 606 471 688 superior
482 623 539 688 per
548 603 696 668 nebulam
710 605 845 688 aspexit
868 625 951 670 nnnc
964 607 1051 671 clara
1063 607 1114 670 lnx
1128 612 1186 670 est.
1214 606 1298 670 Saue
1317 607 1425 672 horror
1436 607 1565 689 qnidam
1590 609 1637 671 iu-

327 708 412 790 grnit
422 708 554 772 alterins
569 709 776 791 tempestatis.
818 707 882 773 Sed
902 715 1031 772 nonest
1052 709 1203 792 temporis
1225 709 1308 773 istud
1331 710 1453 790 vitium,
1473 709 1635 774 bominum

328 818 385 874 est.
431 809 500 887 Quo
525 811 647 875 toedior
674 810 762 874 labes
788 810 882 874 rebus
906 811 1022 876 nostris
1049 811 1197 876 secundis
1218 813 1406 892 aspergitur.
1448 811 1634 892 Magistrum

327 918 434 984 vocari
455 915 643 998 optimarum
655 911 894 996 disciplinarum
916 919 947 975 et
968 913 1081 977 artium
1103 913 1253 996 inclytum
1274 933 1385 977 nomen
1407 921 1462 992 est,
1483 913 1539 976 sed
1560 933 1633 988 non,

328 1033 363 1088 nt
382 1023 553 1087 dictatores
574 1018 732 1101 quondam
752 1016 951 1094 dicebantur,
973 1016 1018 1079 sie
1029 1016 1173 1096 magistri
1193 1015 1300 1078 statim
1324 1023 1405 1092 sunt,
1427 1018 1479 1098 qni
1492 1017 1635 1100 apellan-

328 1135 387 1190 tur.
431 1121 601 1204 lntelligis‚
624 1119 720 1202 qnirl³
745 1121 839 1184 veiim
862 1139 964 1200 neque
992 1117 1160 1182 offenderis
1181 1119 1304 1182 scilicet
1324 1107 1362 1198 ai.
1384 1112 1529 1198 ὑποθήκῃ.
1572 1119 1633 1196 Qui

328 1233 449 1307 monet,
478 1225 581 1306 inquit
606 1223 776 1288 Sarcinasl
806 1229 915 1304 poeta,
942 1221 1032 1304 qrrasi
1058 1220 1198 1286 adiuvat.
1241 1222 1376 1286 Caetera
1401 1229 1434 1284 tn
1467 1222 1634 1303 cogitabis.

329 1329 499 1396 Verbosior
517 1347 595 1407 snm,
616 1345 710 1407 qnam
732 1345 782 1388 me
801 1344 872 1388 esse
892 1324 993 1388 solere
1008 1324 1090 1388 nosti
1112 1325 1143 1386 in
1166 1323 1266 1388 literis
1287 1323 1471 1388 scribendis.
1513 1323 1634 1390 Desino

327 1432 436 1514 igitur.
483 1428 594 1494 Saluta
619 1447 640 1490 a
664 1447 715 1492 me
740 1428 874 1510 primum
900 1433 1054 1510 κορυφαῖον
1074 1427 1170 1490 vestri
1198 1426 1332 1506 itineris,
1356 1426 1472 1490 deinde
1493 1427 1634 1492 asseclas

328 1541 361 1600 et
380 1534 461 1599 vale.

409 1636 548 1716 Gothae,
572 1655 642 1700 enm
668 1634 733 1698 iam
759 1631 919 1696 desineret
946 1651 1036 1696 urere
1065 1633 1166 1694 Sirius
1194 1651 1297 1714 agros.
1351 1631 1464 1696 Abdou
1496 1633 1633 1696 denen.²

328 1742 421 1803 Anne
442 1737 646 1802 MDXXUH·
1094 1755 1321 1820 Cbenradns
1344 1755 1552 1819 Mutianns.

398 1905 474 1957 Gedr,
498 1901 521 1963 Ι)
538 1905 606 1952 Tert.
625 1905 668 1952 lib.
689 1905 730 1952 fol.
751 1905 822 1949 btv
839 1928 854 1934 -
867 1902 942 1950 D8r.
981 1902 1005 1960 2)
1025 1901 1066 1949 Tu.
1085 1901 1137 1947 lter,
1158 1916 1196 1960 ep.
1215 1901 1277 1948 Mut.
1296 1899 1320 1948 S.
1341 1901 1452 1949 60-61,

355 2091 358 2096 ι
398 2028 410 2056 ²
428 2035 461 2080 7³:
478 2035 585 2095 quidem.

880 2127 1081 2135 ——0

328 2291 409 2362 623.
432 2289 620 2438 Frdddddd
633 2290 708 2413 ⁰der
729 2287 848 2355 Weise
869 2307 913 2352 nn
937 2285 1085 2353 Mutinu.
1208 2284 1351 2352 Setrioss
1372 2284 1516 2351 Loclrnu
1530 2284 1632 2350 1525.

398 2517 450 2562 Der
467 2516 585 2562 Kuriirrst
603 2515 804 2573 bcrruebririrtigt
822 2513 932 2572 Mutiun,
956 2513 1012 2558 dam·
1031 2509 1144 2572 Spulntin
1165 2514 1213 2559 don
1233 2514 1340 2570 Arritrug
1358 2513 1413 2572 but,
1436 2512 1477 2557 die
1496 2512 1632 2558 erbotonen

325 2587 498 2646 griechischen
516 2587 613 2633 Biiebor
630 2600 675 2633 uns
693 2586 853 2642 Wittonberg
870 2600 902 2632 nn
919 2585 1021 2632 senden.

407 2705 593 2771 Reverendo
606 2707 697 2771 nobis
710 2706 836 2786 dilecto,
855 2704 970 2769 devoto
983 2702 1129 2768 Conrado
1144 2703 1173 2766 M
1181 2705 1328 2783 ntiauo,
1350 2703 1468 2768 doctori
1479 2703 1632 2768 canonico

326 2809 491 2875 Gotbensi.

407 2914 547 2976 Salutem
579 2921 611 2975 ot
639 2911 832 2975 felicitatem.
881 2909 984 2974 'I'nam
1010 2909 1223 2988 precationem
1249 2909 1352 2972 felicis
1373 2911 1445 2972 nori
1468 2911 1560 2988 anni,
1589 2931 1633 2974 re-

325 3017 462 3081 verende
484 3015 614 3092 dilecte,
636 3013 749 3078 devote
771 3014 879 3077 doctor
902 3012 1059 3089 Metione,
1081 3013 1251 3076 elementer
1271 3013 1451 3094 accepimus
1478 3032 1542 3076 nna
1563 3032 1632 3076 cunr

325 3126 393 3183 tota
413 3117 549 3203 epistola
570 3125 633 3182 tna.
686 3118 790 3196 Atque
814 3115 895 3178 adeo
916 3116 1011 3178 etiam
1032 3115 1196 3198 Spalatiuo
1219 3115 1381 3195 negocium
1409 3115 1555 3178 (lettirnns
1583 3137 1634 3179 en-

327 3221 429 3301 rnndi‚
451 3227 486 3284 nt
507 3220 602 3284 libros
623 3237 755 3300 graecos
778 3216 1012 3298 Vuitenbergne
1034 3235 1180 3297 excusos,
1208 3236 1286 3298 qnos
1307 3203 1470 3298 tantopere
1494 3215 1634 3300 flagitas,

325 3324 510 3409 propediem
533 3322 671 3402 habeas,
709 3321 742 3384 id
772 3320 857 3401 quod
892 3324 924 3384 te
959 3339 1015 3401 pro
1040 3324 1148 3384 nostra
1179 3319 1210 3380 iu
1245 3325 1276 3384 te
1306 3319 1410 3402 gratia
1445 3320 1528 3384 elam
1563 3339 1633 3384 esse

325 3447 365 3489 uo
413 3447 443 3488 nr
484 3477 492 3491 .

369 3427 522 3591 ludtautdrm
546 3525 683 3604 Loeban,
704 3525 757 3589 die
778 3523 917 3588 secundo
939 3523 1087 3588 Ianuarii.
1129 3523 1221 3586 nono
1243 3524 1369 3588 Domini
1391 3523 1560 3590 MDXXV.

1239 3648 1470 3715 Fridericns

1140 3768 1235 3814 manu
1256 3749 1384 3835 propria
1401 3752 1550 3832 signavit.

396 3899 473 3948 Gedr.
496 3901 519 3956 1)
536 3899 604 3947 Tort.
622 3899 666 3946 tib.
685 3899 727 3946 sol.
747 3899 825 3946 Cssv.
863 3899 889 3955 2)
907 3899 949 3944 Tz.
970 3898 1023 3945 not.
1042 3913 1080 3956 ep.
1101 3895 1163 3945 Mut.
1181 3894 1336 3944 sits-64.

388 4171 398 4214 ¹
420 4175 544 4230 Piantns.
573 4174 703 4228 Curculio
723 4173 783 4229 nd.

385 4252 399 4294 2
420 4257 468 4314 30.
490 4256 557 4310 duli.
