3625 5192
667 371 755 428 Briele
774 369 894 428 Muliaus
913 370 970 426 tta.
992 371 1049 428 lla.
1460 369 1513 424 hou

200 523 376 597 calliditas,
414 543 475 588 non
505 531 568 587 lam
596 523 731 588 scicntia
757 539 851 604 quam
878 523 1055 604 temeritas,
1087 543 1149 586 nou
1169 529 1233 586 tarn
1256 521 1398 606 probitas
1418 541 1513 604 qnam

200 626 338 692 malicia.
379 625 429 690 dd
452 645 500 706 ea,
522 626 549 689 si
563 625 611 690 vis
632 645 702 690 esse
724 625 856 706 aliquid,
878 625 1094 707 cogitacioncs
1113 624 1227 706 dirige.
1269 622 1374 687 liostri
1394 643 1515 704 versus,

201 737 305 794 nostre
327 729 492 808 sententie,
514 735 623 792 nostra
640 727 830 792 emblemata
840 726 918 810 quid
939 727 1027 792 aliud
1048 733 1123 790 sunt
1142 745 1237 808 quam
1258 723 1381 789 flosculi
1401 724 1514 804 diales,
1597 715 1601 722 ’

201 833 254 914 qui
278 830 390 896 codem
412 839 568 894 momento
589 827 701 895 lloreut
722 837 861 896 clarent
903 829 1242 910 llenningusveravia
1262 828 1380 891 nititur.
1426 827 1516 890 hunc

202 933 336 998 imitare.
383 933 543 1000 Murtianus
569 941 674 1015 preter
700 931 825 996 l'abulas
854 940 886 996 et
912 930 1134 995 monachornm
1164 930 1282 1013 piacita
1309 927 1388 992 nihil
1415 929 1515 1010 preci-

122 1039 125 1044 ’
201 1056 276 1120 pere
300 1043 411 1119 potest.
459 1033 571 1100 Verum
596 1036 653 1098 hec
674 1035 763 1099 alius.
817 1039 929 1098 Servet
951 1042 983 1098 te
1004 1032 1218 1098 Christianum
1245 1029 1418 1096 caduceum
1439 1048 1516 1094 crux

204 1137 357 1207 heatilica.

283 1239 332 1304 Ex
355 1239 461 1304 (lotha
477 1239 597 1304 MDlX.

775 1319 936 1386 hlntianus

388 1423 620 1504 grammatista,
642 1422 906 1506 philosophaster,
927 1421 1122 1487 decretorum
1144 1419 1328 1502 indagator:

505 1526 596 1590 aul'er
617 1524 735 1605 titulos,
757 1525 832 1606 quid
856 1526 1020 1589 remanet?
1042 1523 1211 1588 Mulianus

269 1648 454 1696 llaudsclrriill.
473 1648 493 1694 l’
511 1649 555 1696 tll
578 1649 619 1698 lol.
637 1647 804 1696 rosv-108
812 1664 834 1694 v.

204 1872 282 1942 llll.
304 1868 347 1942 ll.
362 1889 406 1938 an
419 1871 604 1940 llerobord
617 1891 651 1939 v.
664 1873 699 1940 d.
713 1871 887 1944 llarthcn.
1014 1871 1276 1958 (betharaba).
1308 1872 1445 1953 August
1456 1870 1511 1936 21.

274 1995 328 2040 Mul
355 1996 434 2044 tadelt
453 1997 502 2043 den
523 1997 651 2044 Herebord
670 2013 694 2044 v.
709 1999 733 2044 d.
749 1997 877 2058 llartlron,
903 1998 959 2043 weil
979 2012 1006 2043 er
1023 2013 1050 2042 so
1069 1999 1149 2044 seiten
1167 1998 1217 2043 und
1236 1997 1299 2042 daau
1317 2011 1345 2042 so
1364 1995 1446 2052 wonig
1463 1995 1512 2039 elc-

204 2073 265 2122 gant
283 2081 315 2112 an
335 2067 378 2112 ihu
398 2067 518 2114 achreihs
555 2069 588 2114 Er
607 2069 663 2116 teilt
681 2069 733 2116 ihm
752 2070 801 2116 deu
819 2067 996 2116 Schabcrnack
1020 2069 1080 2127 mit,
1103 2069 1214 2114 walchen
1234 2069 1324 2113 Grotus
1341 2066 1390 2112 den
1412 2065 1512 2124 „Thoo-

205 2133 296 2194 logau“
316 2137 341 2184 in
362 2137 441 2184 eirrcm
463 2138 590 2184 Kalender
609 2139 714 2199 gospielt
734 2140 785 2186 luat.

283 2233 465 2300 Herebordo
487 2233 714 2318 Margarita.
762 2231 765 2239 ’
1081 2299 1085 2308 ,

284 2339 316 2400 S.
358 2337 584 2421 Corripicndus
604 2357 640 2403 es
661 2340 879 2424 potiusquam
900 2339 1129 2420 admonendus,
1150 2357 1191 2404 ne
1207 2336 1339 2402 blutiani
1361 2343 1395 2400 ut
1416 2334 1511 2400 amici

203 2437 402 2504 obliviscaris
424 2459 503 2503 neve
523 2446 717 2523 contemnas,
738 2457 830 2523 quem
852 2441 987 2524 diligere
1008 2440 1115 2506 debes.
1157 2438 1307 2504 venitin
1329 2437 1405 2503 edes
1426 2455 1512 2502 meas

203 2540 308 2604 scriba
332 2540 499 2616 Geortalis,
523 2543 656 2624 rogavit,
677 2563 718 2607 an
739 2544 945 2627 scripsissem.
990 2534 1098 2625 Exigit
1123 2542 1274 2606 debitum.
1316 2540 1385 2618 Quo
1407 2549 1441 2605 tu
1462 2560 1511 2618 me

204 2641 323 2706 credito
343 2643 515 2726 obligasti?
557 2641 690 2710 Promisi
715 2665 763 2708 mc
789 2643 884 2710 lidum
908 2646 940 2710 iu
968 2645 1116 2710 amicicia
1142 2646 1278 2709 futurum
1303 2642 1512 2720 daturumque
1595 2656 1598 2665 ’

205 2744 313 2810 literas
333 2745 470 2810 libenter
491 2755 522 2810 ct
544 2755 696 2814 amanter.
738 2747 891 2824 Quocirco
915 2747 1078 2830 promissis
1103 2745 1270 2828 alligatum
1290 2747 1421 2810 resolvo.
1462 2743 1512 2806 Tu

205 2865 279 2910 vcro
301 2848 422 2931 spolias
442 2867 492 2914 mc
515 2849 691 2932 voluptate,
719 2867 813 2928 quam
835 2869 874 2913 ex
897 2850 960 2912 tuis
980 2848 1079 2912 literis
1101 2847 1265 2932 percipere
1285 2845 1380 2910 soleo.
1423 2844 1513 2909 Dura

204 2949 382 3014 frustracio!
433 2950 469 3013 Si
497 2971 547 3014 me
573 2970 679 3032 amas,
711 2957 885 3034 torpentem
916 2951 999 3015 inter
1025 2969 1117 3015 curas
1147 2967 1261 3013 recrea.
1304 2948 1387 3012 Nam
1413 2947 1511 3012 vicini

180 3051 283 3116 nihi
302 3051 447 3127 invident¹
467 3059 499 3117 et
521 3052 644 3116 molesti
666 3071 736 3117 csse
762 3073 823 3116 non
852 3060 987 3116 cessant.
1028 3051 1133 3115 l'num
1162 3051 1194 3114 in
1220 3049 1407 3115 lectionibus
1430 3051 1511 3114 sola-

205 3153 301 3232 cium,
329 3152 444 3235 quibus
473 3161 506 3216 tu
534 3153 655 3234 aliquid
681 3153 821 3218 adiicere
848 3153 980 3219 deberes
1006 3159 1038 3218 et
1058 3151 1149 3234 quasi
1176 3153 1347 3216 soriciuere.
1389 3150 1511 3230 Mirum,

205 3273 298 3335 quam
332 3257 469 3320 iucunde
498 3265 633 3320 avocent
656 3241 786 3320 erudite
822 3255 1116 3332 contabulacioues,
1152 3275 1172 3318 a
1207 3253 1322 3335 onibus
1351 3252 1511 3325 abhorres.

204 3355 300 3435 Pigro
320 3364 439 3421 tantuin
463 3365 493 3421 cl
516 3357 689 3422 lentissime
712 3377 814 3442 panca
830 3355 951 3422 scribis.
995 3356 1091 3420 Nulla
1107 3355 1272 3419 uerborum
1289 3355 1412 3436 electio,
1432 3353 1511 3418 nihil

206 3467 367 3538 remotum,
387 3461 495 3524 ornnia
516 3460 669 3542 vulgaria.
712 3459 828 3523 Fateor
851 3452 893 3522 ila
910 3457 1109 3522 scribendum
1124 3478 1194 3522 esse
1215 3457 1256 3521 ad
1280 3458 1370 3538 alios,
1389 3455 1432 3519 ad
1452 3475 1512 3536 ure,

205 3579 312 3642 quesn,
335 3561 441 3626 mittas
461 3563 676 3644 exquisitiora.
700 3572 733 3626 ut
754 3561 868 3626 studiis
886 3561 949 3625 tuis
966 3559 1115 3624 exanimi
1133 3560 1291 3625 sententia
1310 3558 1511 3642 gratulemur.

208 3661 277 3728 Non
299 3663 377 3727 satis
400 3671 448 3728 est
470 3663 607 3728 barbara
631 3663 727 3728 verba
750 3663 932 3746 repudiare,
961 3662 1021 3725 nisi
1051 3662 1177 3727 diuersa
1197 3680 1351 3726 assumas.
1397 3660 1513 3726 Excita

205 3766 341 3848 sopitum
365 3765 534 3847 ingenium.
578 3767 626 3832 lla
648 3765 843 3830 exhilaratus
858 3766 984 3848 ineptas
1002 3763 1227 3829 cavillacioucs
1248 3763 1409 3827 advirum
1430 3781 1511 3826 rese-

206 3865 295 3930 cabis
315 3879 347 3929 et
370 3867 446 3930 milri
470 3885 620 3931 rrauseorn
642 3865 802 3932 discuties.
845 3866 928 3930 Nam
957 3876 1085 3930 veterno
1113 3885 1238 3947 pressos
1265 3885 1457 3930 consenesco
1481 3872 1513 3928 el

206 3967 275 4031 ocio
305 3967 484 4034 sedentario
513 3969 678 4033 hebetatus
706 3971 768 4034 tuis
797 3968 933 4032 literatis
959 3969 1060 4032 literis
1088 3969 1179 4049 quasi
1214 3966 1375 4032 dolabella
1398 3967 1512 4030 exacui

208 4089 343 4152 possum.
385 4072 517 4154 Aspice,
548 4079 580 4134 ut
602 4069 708 4134 rustici
732 4069 822 4152 palm
843 4070 962 4150 dolent,
985 4069 1109 4135 dolatos
1130 4078 1263 4149 acuant,
1289 4069 1404 4151 quihus
1432 4053 1513 4134 vites

207 4179 429 4236 sustentantur.
470 4173 524 4236 Sic
553 4171 743 4236 llacccsceus
771 4171 931 4252 ingenium
961 4170 1135 4255 putandum
1165 4179 1213 4236 est
1239 4178 1271 4236 ct
1299 4169 1511 4234 dedolandurn

207 4273 458 4356 accendamque,
485 4283 519 4337 ut
540 4274 661 4338 cultura
689 4273 763 4336 anni
787 4294 842 4357 pro
865 4274 1010 4357 impensa
1035 4296 1074 4338 ac
1096 4273 1203 4339 labore
1229 4275 1362 4338 linctum
1390 4271 1512 4336 reddat.

208 4373 279 4440 Misi
301 4375 409 4440 literas
431 4385 501 4440 tuas
522 4377 562 4440 ad
585 4374 800 4459 Spalatirrurn,
829 4374 970 4440 edituum
992 4376 1080 4439 cdis¹
1108 4377 1282 4457 Gaugolvi,
1311 4375 1512 4458 pedagogum

207 4517 339 4524 κ---ῌ-
360 4521 366 4524 .

270 4603 281 4644 ¹
303 4606 367 4678 vgl.
386 4606 433 4661 Br.
449 4606 504 4661 107
527 4605 555 4662 h.
573 4606 629 4660 149
650 4606 731 4662 Aum.
743 4607 768 4664 3.

255 4709 421 4766 ssmilehtaqu.
431 4710 453 4754 (1.
463 4709 500 4754 Pr.
510 4708 533 4752 S.
542 4709 623 4754 Xlllll.
