3625 5192
639 295 725 351 Drirfc
744 296 863 352 Martiana
883 296 942 352 272,
962 297 1020 351 art.
1041 298 1100 355 art.
1253 252 1258 259 ·
1473 300 1525 351 251)

219 442 364 521 maurini,
393 443 474 509 adeo
501 444 675 526 inequalis,
701 453 734 510 ut
758 446 904 527 quamvis
926 448 1128 531 introspicias
1150 446 1373 531 ἀκριβεστέρως,
1401 448 1525 513 nescias

219 551 338 623 tarnem
367 564 514 627 quorsum
544 547 664 611 tendat
710 548 830 613 Doctus
857 554 921 627 est,
950 551 1050 614 multa
1076 550 1151 632 scit,
1184 571 1247 615 nou
1276 558 1381 615 tamen
1409 551 1525 625 omnia,

218 646 275 711 sed
287 646 330 728 id,
343 647 428 729 quod
441 648 511 728 scit,
530 649 633 730 eloqui
652 668 713 715 nen
729 656 841 733 potest.
873 650 971 714 lieret
982 652 1013 715 in
1030 652 1113 715 omui
1131 652 1275 717 iunctura
1286 658 1317 717 et
1336 651 1388 714 ubi
1402 650 1525 734 grande

217 747 295 830 quid
320 768 491 831 personare
518 750 658 831 ridetur,
683 750 711 815 si
740 752 1018 835 propinquaveris,
1044 753 1207 817 evanescit
1228 761 1379 835 tanquam
1401 754 1525 819 nebula.

220 850 411 916 Veterncsns
437 860 486 917 est
511 851 618 929 stilus,
645 854 757 917 author
780 853 943 919 solecistes
967 851 1014 941 e't,
1040 854 1114 917 dum
1144 862 1282 919 ostentat
1306 855 1524 934 eruditionem,
1585 890 1590 898 ·

218 951 298 1017 nibil
318 953 406 1017 aliud
428 974 522 1039 quarn
544 973 647 1019 meras
667 974 769 1036 nugas
790 962 919 1037 prestat.
962 956 1039 1021 Tria
1054 957 1274 1038 potentissima
1294 958 1407 1021 dicam.
1451 957 1525 1021 Plus
1629 998 1633 1004 -

218 1054 335 1131 laboris
373 1056 555 1121 exanclavit
587 1055 619 1119 iu
652 1057 862 1138 congerendis
892 1056 1031 1139 undique
1061 1058 1154 1125 rebus
1190 1078 1283 1140 quarn
1322 1058 1523 1123 collocandis.

219 1156 344 1221 Deinde
362 1157 546 1222 Bernard0¹
572 1178 662 1223 snam
688 1159 823 1239 gloriam
851 1178 914 1223 nou
941 1158 1080 1223 abstulit.
1123 1158 1282 1225 Postremo
1304 1161 1430 1223 tametsi
1454 1160 1525 1225 bar-

219 1258 368 1323 barismis
393 1267 510 1340 scatet,
538 1267 717 1325 esttamen
744 1259 882 1342 ineptior
911 1279 1004 1342 quam
1032 1261 1264 1343 inelegantior..
1301 1262 1333 1327 ln
1364 1262 1524 1326 llernardo

218 1360 365 1425 landatur
395 1361 605 1445 perspicuitas
632 1369 663 1426 et
688 1360 847 1426 sacrarum
877 1361 1036 1427 literarum
1069 1362 1217 1427 sciencia.
1261 1364 1347 1429 ldenr
1375 1364 1524 1428 distincte

217 1463 354 1544 loquitur
368 1469 400 1528 et
416 1470 467 1527 est
481 1464 589 1546 procul
604 1462 701 1527 dubio
719 1463 764 1527 tni
780 1463 901 1529 ordinis
919 1463 1200 1544 eloquentissimus.
1232 1464 1341 1529 Redde
1353 1466 1523 1549 Canrpegn,

218 1564 300 1647 quod
318 1584 408 1629 suurn
428 1571 485 1631 est.
528 1564 597 1648 Ego
616 1566 804 1630 conveniam
824 1565 1015 1646 Duronium,
1045 1566 1072 1631 si
1100 1566 1161 1631 buu
1190 1568 1329 1647 venerit,
1358 1574 1522 1631 venturum

217 1674 321 1730 autem
348 1666 442 1732 credo
467 1668 543 1733 solis
567 1668 620 1732 die
648 1668 799 1749 proximo.
846 1668 882 1733 Si
912 1687 974 1732 non
1002 1668 1140 1749 venerit,
1177 1667 1313 1733 invisam
1344 1688 1399 1751 per·
1428 1668 1522 1734 officii

216 1769 364 1852 speciem.
405 1768 443 1832 ln
465 1778 529 1833 tam
550 1769 666 1834 celebri
689 1758 771 1842 lucc,
789 1768 942 1834 intentis
963 1770 1114 1851 negotiis,
1139 1770 1216 1851 quid
1239 1770 1334 1835 l'aciet
1352 1772 1461 1836 asinus
1482 1771 1523 1834 ad

217 1871 318 1955 lyram
327 1873 349 1950 ²,
371 1870 476 1952 idest,
497 1872 705 1956 manipularis
716 1870 832 1953 aliquis
853 1871 1035 1953 inexpertus
1056 1879 1088 1935 et
1109 1871 1249 1937 bardus?
1290 1872 1361 1937 Nou
1384 1883 1433 1937 est
1454 1872 1523 1938 leve

217 1979 262 2037 tut
288 1992 455 2057 procurare
483 1973 603 2039 reditus
630 1982 662 2040 et
687 1962 892 2037 nibilominus
920 1974 1093 2038 vicinorum
1121 1974 1256 2039 retinere
1281 1976 1432 2056 graciam.
1476 1974 1524 2038 De

216 2075 310 2139 domn
337 2094 408 2141 urea
437 2075 483 2140 sic
507 2074 644 2140 habeas:
680 2073 941 2157 Quandoquidem
977 2074 1131 2140 cerebrcsi
1159 2082 1232 2139 sunt
1260 2076 1395 2140 vicarii³
1422 2084 1454 2140 et
1477 2076 1523 2140 iu·

217 2178 355 2259 nuilinus
375 2178 489 2244 cedere
509 2184 647 2257 recusat,
676 2177 780 2257 silice,
801 2183 835 2240 ut
859 2176 1095 2257 llngelrnannus
1116 2197 1204 2241 snnru
1226 2177 1314 2242 illum
1337 2177 1523 2243 introducat.

216 2280 277 2345 Pro
305 2287 446 2365 tempore
472 2299 582 2364 parurn
609 2278 743 2345 edificet.
785 2276 909 2342 Addam
933 2277 1052 2359 aliquid
1104 2278 1191 2343 Nihil
1212 2278 1254 2341 ab
1274 2280 1383 2344 endem
1406 2286 1522 2361 petam,

217 2378 273 2445 sed
297 2381 431 2465 siugulis
464 2380 558 2445 annis
587 2381 681 2445 ambo
709 2387 939 2457 construamus,
980 2378 1082 2461 quoad
1119 2380 1267 2445 fulciatur
1300 2381 1459 2445 ruinosum
1491 2388 1524 2445 et

215 2490 340 2549 nutans.
387 2481 450 2548 Sed
479 2483 608 2548 nimium
638 2482 757 2547 amiens
782 2499 888 2563 urgeo.
938 2481 1049 2546 Scribe
1078 2489 1111 2545 tu
1142 2483 1184 2546 ad
1214 2482 1422 2568 Spalatinnm.
1472 2480 1523 2545 Me

215 2586 319 2670 carpit
350 2593 469 2664 motus,
507 2584 656 2666 arbitror,
687 2585 819 2649 infamia
847 2584 1010 2649 Reueblin.
1064 2584 1115 2647 Dii
1145 2584 1279 2667 perdant
1305 2583 1520 2665 tlreolngistas.

215 2687 381 2753 Tiloninus
418 2687 600 2771 profiteatur
640 2706 725 2751 more
764 2707 830 2752 suo.
887 2686 971 2764 Quid
1002 2694 1094 2751 nocet
1126 2686 1290 2769 plagium?
1342 2685 1462 2750 Doceat
1491 2694 1523 2749 et

216 2795 329 2873 pergat
356 2789 497 2855 excitare
522 2789 622 2854 bonas
642 2789 751 2854 literas
771 2790 823 2853 rel
845 2788 1072 2853 comitantibus
1095 2786 1366 2871 pbilosoplrastris.
1410 2786 1522 2852 Melius

217 2899 265 2957 est
293 2910 351 2956 sno
381 2891 475 2956 modo
511 2890 650 2956 insanire
684 2910 776 2973 quam
810 2891 922 2955 audire
953 2892 1003 2955 vel
1037 2890 1202 2975 pbysicum
1236 2890 1286 2953 rel
1319 2888 1520 2954 dialecticum

215 2992 413 3057 Parvulum4.
454 2992 518 3058 Sed
540 2993 598 3057 bec
618 2992 770 3075 mysteria
790 3003 892 3057 suum.
936 2991 1024 3055 Vale.

296 3094 392 3160 Festo
413 3094 466 3183 die
487 3095 686 3159 immaculate
704 3093 875 3177 Margarita
896 3114 980 3158 anno
1002 3092 1101 3174 blesis,
1122 3092 1272 3157 llDXlll.
1315 3093 1453 3177 Raptim.

286 3217 466 3285 Handsrlrriltl.
477 3218 497 3263 F
507 3216 556 3265 ets
577 3218 619 3266 sol.
630 3216 735 3263 roar-
743 3216 793 3265 2112
799 3232 825 3265 v.

170 3424 174 3427 ⁴
216 3438 295 3505 274.
317 3438 362 3509 11.
384 3457 429 3505 arr
451 3439 586 3507 Urban.
1088 3434 1220 3517 (betha
1236 3434 1341 3520 1513.)
1375 3380 1519 3528 111122.

286 3562 348 3608 utut.
367 3562 459 3608 meldct
479 3562 535 3608 dem
553 3562 649 3622 Urbau,
668 3564 724 3609 ders
743 3561 872 3632 ltnsnrdnff
890 3561 924 3605 im
944 3560 1063 3606 rritrlrstnn
1082 3561 1177 3617 Arrgnst
1195 3559 1247 3604 scin
1268 3556 1365 3614 (crater)
1385 3558 1520 3618 lleesupser

216 3632 367 3692 darbrirrgen
388 3633 478 3679 werde.
514 3632 548 3679 Er
566 3633 648 3678 werde
666 3647 699 3678 au
720 3633 842 3679 Rencblin
861 3631 917 3677 eine
936 3644 1018 3691 grosse
1035 3630 1144 3676 silberne
1160 3627 1249 3675 Miinza
1267 3628 1370 3674 senden.
1407 3628 1520 3689 Petrejus

215 3705 276 3749 selle
297 3718 330 3749 an
348 3702 392 3748 ihn
412 3702 550 3749 schreiben.

296 3800 431 3866 Henrico
454 3800 610 3865 Urbano
632 3784 791 3863 blutiauus
813 3798 920 3863 Rul'ns.

295 3904 327 3968 S.
368 3902 489 3967 Adiuro
504 3909 536 3967 te
553 3920 609 3986 per
624 3902 741 3981 Musas,
763 3907 796 3964 ut
811 3918 872 3981 que
886 3898 993 3981 scripi,
1014 3916 1075 3979 (rue
1098 3897 1274 3977 scribimus,
1293 3916 1354 3979 que
1373 3897 1519 3981 scripturi

213 4025 321 4071 snmus
339 4006 381 4070 ad
402 4011 433 4069 te
454 4013 575 4087 patrem
596 4002 777 4082 amandum,
797 4002 931 4065 amicum
952 4000 1178 4078 dulcissimum,
1199 3994 1299 4061 virnru
1319 4005 1521 4082 prestantem,

216 4107 289 4171 boni
323 4106 478 4171 consulas.
533 4106 644 4187 Neque
674 4104 757 4168 enirn
790 4102 872 4168 male
899 4102 1015 4182 sentio,
1051 4098 1107 4167 sed
1139 4106 1242 4166 tecum
1272 4100 1318 4165 ita
1343 4100 1452 4183 loquor
1486 4110 1520 4165 ut

256 4334 261 4345 Ι
278 4268 289 4310 ¹
311 4272 384 4326 Dern
404 4273 527 4344 heiligen
544 4272 695 4329 Bernhard.

276 4348 290 4391 ²
311 4352 512 4424 VglErasmus
523 4352 632 4422 Adagia
641 4370 667 4422 p,
680 4348 776 4423 14516.

276 4427 291 4471 ³
310 4433 375 4504 Vgl.
389 4451 415 4487 u.
427 4452 451 4488 a
462 4433 507 4488 Br.
522 4432 589 4500 253,
599 4432 667 4499 259,
678 4431 735 4485 269
751 4450 777 4487 u,
790 4430 856 4484 270.

274 4507 290 4557 ⁴
310 4512 425 4572 Damals
444 4513 661 4593 gebriiuchliche
681 4510 879 4572 scholastische
899 4508 1098 4567 Schulbiicher.
