3625 5192
607 346 696 427 orreo
714 371 833 426 ultrane
851 372 911 424 aaa.
930 372 989 425 sor.
1009 371 1067 425 aaa.
1434 372 1486 423 ara

179 520 397 606 responderis,
418 522 477 586 boc
498 528 560 602 est,
580 527 612 586 te
638 529 802 586 ventarum
828 526 860 585 et
880 521 1085 602 migraturum
1107 520 1139 585 iu
1162 520 1350 600 saxoniam,
1369 518 1485 602 gaude-

180 624 283 688 bimus
305 644 420 689 omnes.
463 625 549 689 Beue
570 626 642 688 vale
663 643 732 688 cam
754 624 869 687 nostris
890 623 1045 687 omnibus.
1086 622 1221 687 Garsim.

261 726 308 791 Ex
329 746 402 791 arce
423 726 583 791 Alstetiua
605 724 758 809 postridie
780 726 918 790 Sanctae
930 724 1121 789 Gatharioae
1142 723 1281 790 leXX.

944 827 1146 908 Georgius
1166 825 1405 909 Spalatinus.

251 952 326 1000 Gedr.
347 949 372 1015 1)
390 953 457 1001 Tort.
476 953 519 1001 lib.
540 953 581 999 iol.
602 952 625 997 D
638 950 800 999 Sv-Dlr,
838 945 864 1013 2)
884 950 927 1001 Ta.
946 950 1000 1001 Bel.
1022 964 1060 1009 ep.
1079 950 1142 995 Mat.
1158 944 1183 997 S.
1197 948 1322 995 45-46.

180 1214 261 1282 598.
283 1214 326 1281 ll.
348 1233 393 1282 an
415 1214 542 1281 iustus
565 1214 713 1282 lonas.1
1076 1211 1211 1295 (Gotba
1232 1212 1487 1294 lura-1520.)

180 1410 197 1455 b
217 1410 233 1455 d
252 1340 314 1386 Mna.
335 1339 459 1386 lrritislort
478 1340 518 1385 ein
535 1340 587 1385 ihm
606 1338 772 1398 geschenlrtes
783 1338 904 1385 Gemiilde
923 1337 974 1384 und
991 1338 1344 1397 stelltBetracbtuugsniiber
1357 1334 1489 1399 Heiligou·

199 1410 216 1457 il
235 1424 262 1458 ar
280 1424 321 1457 an.
1224 1413 1226 1416 '

260 1508 280 1573 J
286 1528 358 1591 one,
377 1508 396 1573 J
403 1514 486 1573 usto
508 1528 578 1575 cum
610 1508 720 1592 primis
741 1509 882 1591 eleganti
903 1516 936 1573 et
953 1506 1071 1573 diserto
1093 1507 1202 1591 Ulyssi
1224 1506 1410 1590 pulpitario,
1431 1505 1488 1571 sed

181 1617 214 1675 et
235 1611 320 1676 claro
340 1610 453 1695 pictori
474 1630 531 1677 suo
552 1610 678 1675 Mutius.
1382 1655 1385 1660 >

240 1712 365 1779 'Salve
407 1712 508 1777 Grata
529 1720 577 1779 est
598 1712 729 1777 tabula‘2
752 1713 801 1779 vel
828 1732 945 1795 magno
971 1713 1004 1776 in
1032 1712 1148 1777 bonore
1169 1709 1304 1775 babetur
1327 1716 1390 1774 tam
1412 1710 1487 1774 deli·

180 1822 285 1880 catum
310 1814 522 1897 gymnasium.
569 1814 717 1879 Lusitant
743 1816 819 1879 nudi
848 1814 985 1898 pueruli,
1012 1814 1113 1879 divini
1137 1814 1277 1896 encolpi,
1298 1812 1490 1896 spectabiles

181 1917 340 1981 ecuncale.
383 1916 454 1980 Non
477 1924 550 1980 sunt
566 1914 734 1999 ἀκροθίνια
752 1926 900 2001 πυγμαῖα,
928 1937 991 1981 uon
1018 1924 1127 1998 turpes
1154 1914 1309 1991 clauduli,
1335 1914 1393 1979 scd
1419 1916 1490 1997 puri

181 2020 247 2102 puti
270 2038 308 2082 ac
328 2019 460 2083 celestes
480 2018 576 2099 genii.
619 2019 653 2082 Si
675 2018 746 2099 quis
767 2016 803 2078 τὸ
824 2010 928 2100 δῶρον,
954 2025 1020 2083 tam
1044 2017 1273 2099 hellespontia,
1294 2024 1358 2080 tam
1376 2034 1490 2081 suaves

180 2120 338 2185 oculorum
360 2120 525 2184 illecebras
545 2122 696 2185 donasset
716 2122 791 2185 olim
810 2121 894 2185 divis
905 2120 1077 2185 Cesaribus
1089 2119 1167 2184 lulio
1178 2117 1335 2196 dictatori,
1356 2120 1491 2183 Octavio

180 2224 332 2302 Augusto,
360 2221 481 2303 Narve,
507 2221 647 2285 'lbaiano
673 2223 725 2287 vel
751 2223 932 2303 cognomini
958 2242 1028 2287 meo
1048 2221 1166 2298 Quinto
1191 2220 1291 2284 llutio
1317 2222 1367 2285 vel
1394 2219 1490 2284 unde

182 2342 304 2406 cunque
335 2322 519 2388 doctissimo
552 2323 657 2389 Marco
689 2325 836 2405 Varroni,
870 2326 1010 2408 prolecto
1046 2342 1108 2389 nou
1144 2322 1314 2387 indonatus
1349 2322 1491 2388 abiisset.

183 2417 385 2490 Dedicabant
399 2432 521 2489 veteres
534 2426 689 2491 eiusmodi
710 2427 837 2492 tabulas
858 2434 890 2490 et
909 2427 1003 2507 signa
1024 2426 1055 2489 in
1077 2424 1223 2490 cubiculo
1235 2425 1309 2489 bari
1330 2426 1491 2490 familiari.

183 2526 334 2591 Videmus
359 2526 391 2591 in
418 2526 545 2608 templis
573 2528 721 2611 pulchras
747 2535 870 2593 statuas
902 2529 1065 2609 utriusque
1091 2546 1186 2591 sexus
1206 2535 1244 2592 et
1269 2529 1372 2591 omnis
1397 2527 1493 2593 etatis

184 2636 217 2693 et
242 2628 345 2691 curnis
372 2628 503 2693 ordinis.
550 2629 611 2694 Hic
637 2637 700 2693 stat
726 2630 878 2695 barbatus
904 2630 1055 2694 Nicolaas
1083 2649 1154 2693 curu
1180 2630 1326 2709 speciosa
1351 2630 1493 2694 Barbara

184 2729 367 2807 lavendula,
394 2729 460 2795 illio
487 2731 612 2795 visendi
642 2739 799 2815 apparent
820 2751 898 2815 puer
920 2732 1033 2796 Vitbus
1051 2739 1083 2796 et
1107 2730 1262 2796 Martinus
1280 2743 1410 2814 eques,·
1435 2730 1493 2796 sed

185 2832 296 2897 babitu
328 2833 435 2897 velati.
485 2833 637 2898 Nicolaus
668 2833 834 2899 sacrificali
863 2834 975 2898 trabea
1005 2834 1152 2913 amictus,
1186 2834 1328 2899 Barbara
1360 2833 1491 2917 puellari

183 2934 301 2999 mundo
323 2936 437 2999 obruta
456 2935 559 3016 magis
579 2954 672 3017 quam
695 2944 790 3015 tecta,
814 2935 927 3000 Vithus
956 2944 1161 3019 pretextatus,
1183 2936 1336 2999 lllartinus
1364 2935 1494 2999 chlami-

185 3035 295 3117 datus,
327 3035 384 3099 alii
419 3035 494 3099 aliis
521 3036 733 3101 velaminibus
765 3036 917 3102 investiti.
974 3037 1182 3103 Sebastianus
1212 3039 1315 3101 nudus
1342 3044 1405 3117 est,
1436 3036 1493 3101 sed

183 3137 312 3203 histriae
331 3138 497 3221 spinosior,
524 3137 673 3202 lluasnrus
699 3137 892 3218 seminudae,
922 3138 979 3203 scd
1007 3140 1147 3203 cruciatu
1174 3138 1330 3203 viscerum
1357 3138 1493 3202 saucius.

184 3239 278 3305 Solus
300 3259 376 3323 puer
398 3240 490 3303 nobis
511 3247 604 3305 narras
625 3240 667 3303 ad
690 3240 769 3305 berre
790 3240 922 3305 vivendi
944 3241 1101 3322 regulam,
1127 3241 1185 3306 soli
1208 3240 1296 3321 genii
1317 3239 1394 3305 alati
1416 3240 1491 3304 cuti·
1582 3250 1595 3263 ‘¹

187 3342 289 3407 culam
312 3350 344 3407 ot
364 3348 477 3425 aperta
502 3362 559 3406 sara
584 3343 678 3424 signa
703 3342 934 3425 spectatoribus
955 3341 1135 3407 ostendunt.
1175 3342 1312 3407 Volebat
1331 3341 1405 3407 olim
1428 3342 1493 3406 Pri-

186 3464 268 3528 apus
289 3445 321 3507 in
344 3444 442 3509 bortis
463 3444 565 3509 nudus
585 3444 721 3527 spectari
742 3450 838 3526 atque
859 3464 930 3509 eam
951 3445 1113 3510 licentiam
1139 3450 1243 3509 tuetur
1270 3444 1421 3527 gravibus
1445 3462 1494 3509 ar-

184 3546 357 3630 gumentis,
384 3566 453 3611 curn
476 3552 508 3611 et
534 3546 630 3610 ceteri
652 3545 697 3609 dii
717 3564 776 3611 sua
801 3547 942 3629 insignia
972 3547 1079 3629 palam
1100 3552 1302 3611 ostentarent.
1344 3545 1407 3610 Sed
1429 3547 1495 3611 alia

185 3656 233 3713 est
253 3648 533 3731 Priapilascivia,
562 3648 627 3711 alia
649 3648 844 3731 Ganymedis
871 3648 1113 3714 administratio.
1155 3648 1271 3733 Priapo
1298 3648 1392 3713 datur
1410 3648 1492 3713 horti

186 3750 332 3815 custodia
383 3750 524 3814 Formosi
547 3748 644 3832 puelli
664 3768 784 3813 summo
809 3749 873 3812 lovi
896 3750 1026 3831 coloque
1047 3749 1256 3814 subserviant.
1296 3750 1346 3815 ab
1357 3750 1494 3815 ethnicis

187 3852 294 3934 genii,
323 3872 343 3917 a
364 3852 520 3933 theologis
543 3850 666 3932 angeli,
692 3870 713 3914 a
742 3852 845 3934 poetis
869 3852 927 3938 sub
949 3852 1147 3935 Ganymedis
1168 3850 1276 3927 labala
1296 3852 1496 3916 celebrantur

186 3953 363 4037 Corydonis
384 3953 508 4019 delicie.
551 3951 652 4018 Viciis
680 3952 825 4017 laborant
855 3952 1004 4034 diversis,
1031 3973 1072 4018 ne
1098 3955 1210 4020 credas
1233 3954 1493 4020 absolutissimos.

187 4056 292 4120 Namb
314 4056 443 4123 sinister
463 4063 512 4121 est
532 4075 614 4138 equo
636 4055 850 4138 membrosior,
871 4056 965 4121 sicuti
987 4058 1053 4123 fere
1073 4064 1147 4122 sunt
1166 4059 1253 4138 nani,
1273 4056 1385 4122 dexter
1406 4056 1494 4140 pedi·

257 4179 339 4227 ‘Dua
357 4196 369 4227 s
386 4180 418 4227 iat
436 4177 578 4239 alapae-isaeo.
651 4164 788 4238 ”baptizat
805 4194 850 4226 uras
868 4180 942 4229 Na..

251 4440 263 4483 ¹
285 4444 348 4515 Vgl.
369 4442 483 4499 &342
505 4442 532 4500 S.
544 4442 602 4497 435
623 4442 706 4499 Anm.
718 4443 743 4497 4.

251 4520 265 4563 ²
287 4524 360 4579 Dass
381 4524 488 4578 Mutian
510 4524 554 4578 eiu
576 4542 684 4595 grosscr
704 4525 815 4579 Frcuud
836 4542 888 4579 von
917 4522 1109 4580 sobomlrafton
1131 4523 1286 4579 Gemiildeu
1311 4523 1378 4576 odor
1398 4522 1493 4576 Zoicb

189 4623 301 4677 rrurrgen
322 4622 387 4669 war,
407 4605 474 4677 geht
494 4622 544 4660 aus
566 4605 707 4659 mehr-cren
730 4606 842 4661 liriefon
864 4606 969 4662 lacrvor.
990 4606 1052 4675 Vgl.
1075 4604 1120 4661 Br.
1133 4604 1187 4657 501
1214 4605 1242 4660 S.
1256 4604 1322 4660 16⁶2.

241 4716 407 4766 umbrosum.
417 4716 438 4756 u.
448 4716 484 4757 ar.
494 4715 515 4756 s.
530 4716 612 4756 xviri.
1261 4701 1294 4753 ts
