3625 5192
689 360 778 423 Briele
796 363 916 425 Mutians
934 368 976 425 84.
995 368 1036 425 85.
1470 362 1519 424 125

289 516 321 582 S.
363 514 501 580 Tantum
524 515 602 580 milui
623 517 778 582 divinitas
798 520 914 599 lavent,
937 527 1089 601 quantum
1111 540 1171 603 ego
1194 520 1259 585 tibi.
1304 518 1383 601 Legi
1405 519 1518 585 diebus

209 618 424 703 superioribus
451 621 551 683 vitam
577 621 678 683 saneti
708 621 897 686 Vincentii1.
941 623 972 687 ls
995 642 1109 687 nomen
1134 644 1154 687 a
1175 622 1300 687 devicto
1328 622 1444 687 mundo
1466 641 1515 687 ac-

209 722 303 804 cepit.
346 722 609 804 Ambiguitasest
629 723 770 788 inverbo
792 724 930 805 etfacit,
953 732 987 790 nt
1008 728 1049 790 sit
1070 725 1260 806 enarranda,
1282 732 1352 791 tuus
1374 745 1451 807 erga
1466 744 1515 789 me

209 842 305 888 amor.
357 824 429 888 Non
458 823 607 888 mundum
633 826 724 904 vicit,
751 832 785 889 nt
813 827 913 909 inepti
940 826 1099 907 dicerent,
1126 828 1179 911 qui
1207 828 1254 892 sic
1274 826 1378 893 dictus
1404 834 1453 893 ent
1475 828 1517 892 ab

208 926 383 1008 elegantia,
413 933 447 990 ut
477 926 677 1009 Pythagoras
707 927 805 992 tradit
838 935 870 992 et
895 928 1039 993 ΡΙίιιίιῑε2
1064 930 1173 1009 refert,
1202 930 1291 995 cuius
1316 928 1517 996 circumflexu

208 1028 347 1109 degunta
368 1029 485 1093 omnia.
529 1028 591 1092 Vos
613 1028 754 1110 religiosi
775 1029 924 1093 mundum
945 1037 1049 1095 vestro
1071 1032 1138 1095 iure
1159 1031 1331 1116 appellatis
1352 1038 1516 1116 peccatum

183 1128 241 1194 'ct
262 1131 387 1213 culpam
423 1130 475 1194 rel
506 1131 610 1213 potius
630 1151 753 1195 omnem
776 1132 841 1196 rite
860 1132 982 1212 labem,
1009 1134 1182 1213 insaniam,
1210 1134 1327 1214 seclus,
1351 1134 1518 1219 flagitium,

209 1232 325 1297 sordes.
371 1231 462 1297 Unde
483 1231 622 1297 loannes
647 1230 727 1297 dicit
747 1235 928 1317 superbiam
956 1242 988 1299 et
1009 1236 1217 1317 cupiditatem
1238 1242 1302 1299 tum
1324 1238 1429 1302 earnis
1451 1246 1516 1302 tum

207 1334 366 1399 oculorum
395 1354 434 1398 ex
463 1335 580 1399 mundo
607 1336 708 1399 esse³.
751 1334 816 1401 Sed
845 1342 990 1401 auctores
1008 1337 1115 1403 idonei
1137 1339 1278 1403 scribunt
1300 1339 1341 1404 ad
1365 1339 1517 1405 mundum

207 1436 392 1501 muliebrem
424 1436 569 1522 specula,
597 1443 761 1519 unguenta
783 1444 815 1502 et
836 1438 867 1501 id
891 1457 993 1520 genus
1014 1446 1120 1504 cetera
1139 1442 1306 1525 pertinere.
1349 1442 1439 1524 „Non
1462 1463 1517 1509 au·

209 1558 275 1602 rum
298 1538 391 1604 uredo
413 1538 498 1619 lris“,
523 1539 650 1604 Livius⁴
674 1539 792 1621 inqrrit,
816 1541 895 1620 „aed
925 1549 956 1605 et
978 1549 1135 1624 postremo
1161 1548 1281 1609 vestem
1305 1544 1516 1627 mundumque

207 1660 331 1705 omnem
353 1640 539 1705 muliebrem
559 1641 707 1706 ademit“.
738 1642 875 1726 Separat
888 1642 1067 1727 Ulpianus-⁵
1089 1644 1238 1709 mundum
1257 1646 1299 1710 ab
1321 1656 1516 1727 ornamento,

208 1743 291 1825 quod
312 1742 381 1808 fleri
403 1744 516 1827 possit,
544 1751 578 1807 ut
604 1744 713 1826 aliqua
729 1745 772 1808 sit
792 1744 926 1825 munda,
954 1765 1017 1810 non
1039 1750 1145 1811 tamen
1172 1753 1284 1813 ornata
1305 1754 1337 1813 et
1360 1750 1515 1817 ediverso.

208 1846 272 1910 Sed
300 1845 359 1910 heo
387 1846 550 1911 distinctio
576 1847 718 1927 argutior
748 1852 797 1911 eet
824 1867 919 1929 quam
948 1849 1063 1928 verior,
1098 1867 1195 1931 quum
1230 1849 1315 1934 apud
1347 1853 1517 1937 scriptores

208 1948 478 2032 prestantissimos
502 1948 639 2013 mundus
663 1949 761 2013 etiam
798 1950 840 2013 ait
869 1958 1062 2016 ornamento.
1117 1950 1272 2029 Quorsum
1304 1953 1388 2019 ista?
1445 1955 1516 2021 Meo

207 2050 335 2132 quidem
361 2049 480 2115 iudicio
497 2052 626 2115 martirb
647 2051 700 2116 ille
726 2052 804 2116 vicit
830 2050 980 2116 mundum
1006 2054 1187 2118 universum
1209 2054 1345 2120 monitus
1366 2077 1387 2122 a
1408 2056 1515 2132 Paulo,

210 2158 326 2216 utnon
347 2151 496 2217 seductus
516 2154 679 2218 elementis
695 2153 992 2218 ultramuudanume
1008 2154 1109 2219 Deum
1131 2156 1366 2238 negligentiusd
1389 2160 1515 2226 coleret.

211 2254 295 2318 Vicit
321 2274 413 2319 omne
439 2254 555 2319 vicium
581 2255 819 2339 popularitatis,
849 2256 927 2321 vicit
957 2257 1125 2323 muliebres
1156 2258 1338 2339 illecebras,
1365 2262 1515 2327 mundum

209 2357 331 2423 scilicet
358 2365 391 2421 et
415 2364 611 2422 ornarnenta.
665 2358 715 2422 ob
741 2358 774 2422 id
807 2358 968 2423 laureatus
995 2360 1201 2443 triumphavit
1231 2362 1263 2425 in
1292 2363 1367 2427 aula
1397 2364 1515 2430 celesti.

209 2461 276 2524 Hec
296 2480 357 2524 nou
380 2467 428 2524 est
457 2460 555 2543 polita
576 2460 740 2525 verborum
763 2462 967 2543 munstructio,
987 2462 1044 2526 sed
1066 2464 1121 2545 pia
1142 2462 1277 2545 quedam
1299 2470 1515 2531 remunerante

208 2571 331 2627 tuorum
357 2564 390 2627 in
419 2582 470 2627 me
497 2562 728 2627 beneficiorum.
770 2563 853 2627 Nam
880 2564 965 2646 quod
987 2564 1081 2629 aliter
1101 2565 1290 2649 respondere
1312 2570 1432 2635 meritis
1452 2572 1516 2635 tuin

209 2686 270 2730 non
293 2684 429 2748 possum,
451 2664 548 2729 offero
569 2665 627 2729 tibi
654 2666 870 2731 concionatori
892 2674 1112 2748 argumentum
1133 2670 1273 2735 salutare
1294 2672 1449 2737 contionis
1470 2674 1516 2737 lir-

209 2777 284 2831 ture.
327 2766 419 2845 Quod
444 2774 550 2831 antem
580 2765 621 2830 ad
648 2769 794 2834 inimicos
820 2776 890 2833 tuos
919 2770 1046 2848 attinet,
1074 2771 1139 2834 noli
1167 2789 1236 2835 cum
1264 2772 1304 2836 iia
1335 2774 1515 2857 confligere,

208 2888 287 2951 aaron
312 2870 353 2934 ob
379 2889 485 2933 eorum
512 2871 738 2952 turpitudinem
765 2871 930 2955 despicere
950 2872 1056 2937 debes.
1102 2872 1210 2937 Habes
1236 2874 1320 2938 enim
1345 2875 1444 2942 multa
1471 2879 1515 2943 in·

210 2972 297 3053 genii
321 2970 470 3054 presidia,
491 2972 723 3037 multaauxilia
736 2973 888 3054 doctrine,
912 2976 1027 3055 quibus
1048 2974 1198 3059 illipares
1219 2994 1362 3041 essenon
1376 2987 1515 3061 possunt.

209 3072 275 3137 Fae
298 3094 367 3138 meo
393 3075 553 3156 exemplo,
579 3083 613 3138 ut
633 3075 806 3140 maledicta
830 3087 862 3140 et
886 3078 1020 3142 timorem
1043 3078 1157 3142 abiecti
1181 3086 1214 3143 et
1237 3080 1353 3161 perditi
1376 3080 1515 3164 prodigii

288 3234 343 3285 '¹1¹'
358 3246 483 3301 teguntur.
538 3224 601 3287 1’Τπ
622 3246 724 3303 martyr.
779 3236 842 3289 ‘'st
860 3245 926 3289 ultra
944 3244 1104 3290 mundanum.
1157 3232 1170 3265 ‘¹
1190 3246 1222 3291 Tc
1240 3246 1389 3305 diligentius.
1414 3248 1479 3307 crurrj.

271 3555 282 3595 ¹
307 3557 372 3612 Scin
394 3558 616 3629 (lediichtuistag
635 3558 701 3612 ratu
721 3557 772 3611 arrl'
791 3560 845 3612 dcn
867 3556 916 3616 22.
935 3558 1047 3615 «ianuar.

271 3656 285 3699 ²
309 3662 427 3727 Pliuiua,
447 3661 519 3718 Hiat.
543 3668 597 3715 nat,
615 3660 643 3713 tl
667 3661 690 3715 l.
733 3660 866 3714 Murrulum
897 3668 924 3714 ct
952 3661 1005 3715 lucc
1027 3662 1223 3731 quanticumque
1246 3660 1357 3716 nominc
1376 3663 1432 3717 alio
1456 3682 1515 3719 cae·

208 3742 265 3794 lum
287 3742 428 3813 appellare
451 3741 542 3810 libuit,
564 3742 642 3795 cuius
658 3741 836 3796 circumflexu
855 3742 960 3812 degunt
983 3743 1076 3797 omnia
1096 3742 1151 3795 und
1168 3741 1239 3797 ll.3.
1261 3760 1323 3797 ruam
1343 3761 1425 3814 cpuem
1447 3734 1515 3799 κόσ-

208 3836 263 3897 pnu
284 3822 384 3877 Graeci
410 3821 522 3877 nomine
553 3822 707 3877 orrraurenti
728 3822 914 3892 appellavere,
942 3840 1004 3876 cum
1034 3829 1062 3876 ct
1083 3840 1132 3875 nos
1153 3840 1169 3876 a
1190 3822 1314 3893 perlecta
1333 3824 1515 3895 absolutaque

207 3902 347 3973 elegantia
364 3904 507 3958 mundum.

269 4000 283 4042 ³
307 4005 331 4059 l.
350 4004 493 4059 dolrannea
511 4004 538 4062 2.
560 4006 604 4060 lli.

264 4103 278 4144 ⁴
301 4107 397 4161 Livius
417 4107 540 4164 XXXII.
559 4106 607 4163 40.

268 4205 416 4281 ftDigcata
429 4210 657 4281 xxx1v,2.2o.
700 4210 870 4265 (tentamenta
897 4210 1044 4266 muliebria
1063 4218 1136 4279 sarrit,
1157 4210 1259 4281 quibua
1282 4211 1381 4264 mtrllcr
1402 4218 1515 4265 ornatur

208 4290 297 4345 uelrrti
318 4291 428 4344 inaures
448 4291 587 4359 armillae,
612 4291 726 4344 viriolae
729 4332 879 4349 ......
900 4292 1021 4345 Mundus
1044 4292 1187 4346 rrrtrliebris
1208 4292 1373 4363 lFricdberg
1392 4292 1514 4346 schreibt

207 4370 342 4439 nurlieris)
362 4377 413 4440 cst,
434 4389 489 4441 quo
511 4372 611 4426 mulier
628 4372 757 4425 mundior
779 4370 821 4425 lit:
845 4372 1023 4426 contincutur
1044 4390 1077 4426 eo
1098 4372 1211 4442 specula
1232 4372 1352 4425 matulae
1374 4380 1515 4442 uugueutu

207 4494 255 4505 ...
277 4494 284 4505 .
304 4449 383 4505 Sicut
403 4459 432 4505 et
453 4451 553 4505 mulier
572 4458 741 4521 potestesse
764 4454 875 4518 muruda,
893 4471 949 4505 non
969 4460 1062 4507 tamen
1084 4460 1188 4521 ornata,
1208 4460 1239 4505 ut
1260 4452 1331 4506 solet
1352 4452 1513 4522 contingere

206 4532 235 4584 in
257 4531 317 4601 bis,
338 4549 409 4601 quac
430 4550 459 4585 se
481 4533 689 4593 euurndaucrint
709 4533 782 4586 lotae
804 4532 832 4585 in
853 4533 953 4587 balneo
976 4550 1065 4603 neque
1083 4552 1112 4587 ae
1134 4534 1292 4587 ornaverint
1308 4540 1336 4586 et
1358 4540 1453 4587 eontra
1474 4540 1516 4586 eet

206 4612 302 4683 aliqua
323 4630 356 4666 ex
377 4631 474 4667 somno
496 4613 588 4667 statim
612 4619 717 4683 oruata,
737 4631 790 4666 nou
813 4622 906 4667 tauron
930 4615 1129 4672 corurnentlata.
