3625 5192
321 346 372 399 184
693 347 953 414 (leschiehtequellen
972 351 1021 403 der
1038 349 1112 403 Prov.
1131 350 1254 404 Ssehsen.

402 495 523 558 Rhamis
553 502 661 559 noster
687 497 775 580 eupit
802 516 871 560 esse
894 497 1043 562 notarius.
1085 498 1137 561 Da
1160 499 1231 562 huic
1258 498 1384 562 inanem
1414 499 1538 563 titulum
1568 499 1630 564 sibi

322 600 514 681 prolaturum
538 605 570 661 et
591 601 724 663 tortasse
746 599 840 663 rehns
856 601 926 664 tuis.
969 601 1081 664 Facito
1097 602 1321 683 authenticum,
1338 609 1371 664 ut
1387 602 1506 665 scribat
1522 603 1630 665 autho-

320 723 386 766 rem
414 722 504 765 sirum
530 721 601 764 esse
629 722 690 764 non
717 702 817 765 solum
846 722 964 784 papam
994 711 1025 766 et
1051 722 1206 782 cesarem,
1232 702 1407 767 sedetiam
1430 703 1628 783 regemPer-

321 811 481 868 sarumet
501 803 616 866 abbam
636 803 823 868 l'uldanum.
869 803 955 867 ldenr
971 804 1092 868 Rhanis
1111 812 1217 868 noster
1233 805 1348 870 trustra
1369 811 1512 869 senatum
1535 805 1626 869 istum

270 923 275 930 ·
322 905 504 989 interpellat
521 905 561 970 de
580 925 676 968 usura
690 906 739 969 soi
761 906 885 969 fenoris.
928 906 1239 987 Pret'eratureeteris,
1259 907 1287 969 si
1306 925 1442 988 unquam
1464 907 1631 972 habebitur

323 1009 355 1072 iu
384 1007 593 1091 persolvendo
620 1026 673 1070 ere
698 1006 802 1070 alieno
827 1007 910 1070 bone
939 1007 1012 1071 fidei
1041 1008 1132 1071 ratio.
1181 1007 1250 1088 Ego
1277 1008 1356 1072 nihil
1384 1029 1440 1091 pro
1468 1028 1518 1072 me
1549 1015 1634 1092 peto,

323 1118 444 1174 tantiam
476 1116 566 1190 opto,
596 1117 630 1172 ut
652 1110 861 1174 benevaleas
883 1109 1146 1190 etTrasybulum
1174 1110 1308 1174 imiteris
1334 1111 1366 1174 in
1394 1111 1574 1175 reducenda
1600 1120 1633 1176 et

217 1265 223 1275 .
322 1211 515 1278 stabilienda
533 1216 640 1294 pacel.
684 1210 881 1293 'Prasybulus
897 1213 991 1290 enirn,
1012 1229 1082 1274 ouur
1099 1212 1260 1276 civitatem
1276 1213 1518 1278 Atheniensium
1536 1213 1630 1277 XXX

323 1324 525 1398 tyrannorum
561 1314 678 1378 sevitia
710 1313 892 1392 liberasset,
924 1313 1114 1395 pchisoitum
1141 1314 1342 1397 interposuit,
1370 1335 1410 1379 ne
1439 1337 1502 1397 qua
1531 1324 1631 1397 prete-

324 1420 453 1480 ritarum
480 1435 582 1478 verum
603 1415 721 1478 mentio
750 1415 847 1480 lieret.
894 1414 985 1478 Hane
1015 1415 1174 1497 publicam
1198 1417 1340 1495 veniam,
1369 1419 1450 1480 hanc
1480 1419 1632 1492 nudorum

326 1519 518 1584 oblivionem
538 1516 702 1600 ἀμνηστίαν
724 1526 847 1581 vocant.
890 1517 939 1580 lle
961 1538 1025 1598 quia
1042 1518 1239 1582 thullius³
1260 1518 1306 1582 ita
1325 1519 1475 1599 loquitur:
1498 1519 1553 1596 „ln
1570 1539 1632 1599 quo

324 1624 456 1705 templo,
482 1630 632 1703 quantum
662 1621 694 1682 in
721 1641 771 1683 mc
798 1620 872 1701 tuit,
899 1620 959 1684 ieci
990 1619 1196 1684 fundamenta
1217 1621 1306 1701 pacis
1327 1620 1632 1702 Atheniensiumque

324 1725 475 1789 renovavi
497 1730 587 1788 vetus
608 1722 795 1805 exemplum.
838 1724 970 1786 thecum
994 1723 1099 1785 eciam
1116 1720 1243 1785 verbum
1266 1723 1433 1804 usurpavi,
1460 1721 1545 1803 quarn
1567 1731 1632 1786 turn

325 1830 358 1892 in
380 1826 531 1891 sedandis
552 1825 722 1889 discordiis
742 1831 951 1905 usurpaverat
972 1824 1087 1888 civitas
1109 1824 1165 1887 illa
1186 1832 1281 1904 enque
1302 1845 1426 1890 omnem
1448 1825 1630 1888 urernorianr

324 1929 553 1994 discordiarum
580 1927 742 1992 oblivione
769 1927 963 2010 sempiterna
994 1925 1161 1990 delendam
1193 1927 1329 1991 oensui.“
1376 1926 1471 2008 Apud
1498 1925 1631 1991 llerodi-

324 2033 439 2095 anuml
456 2029 795 2113 imperatorMaximus
813 2029 873 2092 hoe
890 2028 984 2092 modo
1006 2028 1147 2092 disserit:
1172 2029 1304 2109 „Neque
1331 2049 1405 2092 vcro
1427 2030 1633 2112 suspicemini

323 2153 425 2199 rerum
441 2134 637 2216 superiorum
658 2132 841 2196 memoriam
864 2130 959 2194 ullam
981 2130 1143 2212 superlore
1163 2141 1219 2193 aut
1242 2131 1273 2192 in
1290 2131 1391 2206 nohis,
1413 2131 1532 2216 qnippe
1553 2132 1633 2196 nihil

324 2338 364 2402 ob
392 2342 542 2418 acceptas
567 2335 700 2398 iniurias
726 2335 939 2400 desciverunt.
982 2336 1030 2397 stt
1059 2335 1198 2398 omnium
1224 2334 1356 2410 oblivio,
1389 2335 1542 2420 sitlt'edus
1563 2355 1634 2398 con·

324 2439 438 2504 stantis
472 2438 617 2501 amicicie
654 2436 794 2517 lidesoue
826 2436 1047 2501 benevolentie
1079 2457 1118 2500 ac
1153 2436 1379 2502 moderationis
1410 2438 1632 2520 sempiterna.“

324 2542 414 2605 Alias
436 2540 527 2622 plura
547 2537 651 2603 dicam
672 2539 712 2602 dc
728 2538 790 2602 hae
804 2539 969 2602 amnestia.
1013 2538 1204 2603 Commendo
1221 2557 1271 2601 me
1289 2547 1341 2603 tue
1360 2539 1520 2621 dignitati,
1544 2548 1635 2623 pater

325 2655 357 2707 et
384 2643 511 2706 domine
537 2652 656 2713 nomer,
683 2642 757 2704 item
777 2640 962 2704 commendo
985 2640 1152 2704 Nicolaum
1174 2639 1457 2721 Engelmannum5,
1478 2641 1634 2706 theutonem

323 2765 441 2823 meum,
464 2744 627 2807 Euhenum
649 2744 783 2808 Heseum
807 2750 933 2826 poetam
956 2743 1194 2807 celeberrimum
1216 2751 1248 2806 et
1269 2742 1437 2806 llcuricum
1462 2742 1635 2820 hrbanum,

324 2847 457 2910 latinum
479 2854 511 2910 et
531 2846 675 2910 solertem
698 2846 811 2926 vimm,
830 2845 884 2927 qui
908 2853 979 2909 tuus
1000 2846 1209 2910 correellarins
1229 2845 1256 2908 si
1278 2853 1370 2922 esset,
1392 2844 1460 2906 laus
1482 2851 1513 2907 et
1530 2843 1636 2924 gloria

325 2950 437 3012 mirum
464 2949 496 3013 in
523 2949 648 3012 modum
678 2956 861 3030 augeretur,
887 2949 1053 3031 presertim
1078 2955 1132 3012 tua
1159 2947 1329 3029 prudentia
1349 2946 1457 3010 literas
1479 2945 1563 3009 illius
1586 2965 1635 3008 re-

325 3058 543 3133 cognoscente·
586 3050 664 3115 Vale
685 3052 770 3116 l'elix.

406 3154 539 3217 thXV.
582 3154 716 3218 Eidibus
738 3153 869 3217 Martiis.

398 3276 576 3321 Harrdsrhristl.
596 3277 677 3321 vare
697 3275 945 3321 surdelt—abne.
988 3275 1062 3320 licdr.
1084 3276 1105 3321 b.
1126 3275 1167 3320 Tr..
1187 3273 1300 3322 S.‘200-·
1320 3273 1366 3319 ‘lot
1390 3289 1434 3319 rou
1453 3272 1528 3318 Gothi
1554 3275 1638 3320 urtslri

291 3359 296 3375 ·
326 3347 365 3394 bis
384 3347 483 3406 qundem
504 3348 632 3392 lrsevouus.

878 3435 1078 3442 .-.—-....—..—-.

326 3553 404 3621 lid.
431 3551 474 3616 ll.
498 3569 543 3616 an
566 3551 733 3617 Valentln
757 3549 997 3617 Sunthausen.
1182 3549 1330 3632 (Gotho)
1344 3550 1434 3616 1515.
1471 3548 1566 3615 llhrz
1580 3553 1639 3618 15.

397 3675 460 3721 hlut.
483 3675 617 3734 hospiittelt
647 3676 692 3720 llas
720 3675 811 3720 Fasten
842 3675 893 3720 und
923 3673 1091 3732 crrtsehuldigt
1118 3674 1170 3719 siu-h
1198 3689 1284 3730 numen
1313 3675 1394 3720 selues
1422 3673 1639 3723 urtheileutcnden

329 3745 430 3791 Briel'es.
469 3747 552 3790 llarau
571 3746 662 3803 luniipl't
681 3760 707 3790 or
727 3745 774 3790 den
795 3745 915 3804 Wunseh,
935 3745 978 3790 das
999 3744 1184 3790 Friedcrrswerh
1207 3745 1232 3790 iu
1253 3745 1337 3790 Erhrvt
1355 3747 1425 3804 mogo
1444 3745 1561 3804 gelirrgerr
1585 3749 1642 3793 trud

328 3815 368 3860 die
392 3815 563 3872 Verhannong
582 3816 626 3860 dor
644 3816 767 3861 Patrizier
785 3815 825 3860 ihr
843 3815 913 3860 Ende
932 3815 1023 3860 finden.

409 3913 576 3976 Valentino
593 3913 711 3976 Sunth
723 3913 892 3985 usenioss,
912 3911 1009 3992 eqrriti
1029 3920 1060 3974 et
1075 3911 1286 3976 iureconsulto
1302 3911 1508 3992 nobilissimo,
1531 3915 1643 3982 amieo
1662 3935 1664 3938 ·

328 4013 486 4097 precipuo,
508 4014 668 4078 blutianus
689 4014 794 4078 nurus.

393 4185 401 4225 ¹
427 4188 488 4258 Vgl.
500 4187 546 4242 ΒΓ.
559 4187 616 4240 410
639 4188 665 4244 S.
683 4189 737 4240 125
758 4189 839 4242 rhum.
852 4189 879 4242 5.

390 4263 403 4305 ²
424 4268 565 4321 Zwischen
587 4270 639 4322 deu
660 4269 811 4322 Patriziern
833 4271 890 4324 und
911 4271 960 4324 der
981 4269 1124 4325 Gemeine.
1167 4270 1228 4341 Vgl.
1242 4269 1289 4324 Br.
1305 4269 1370 4323 4ῖ11.

390 4343 404 4386 3
424 4348 547 4417 Philipp.
560 4349 580 4400 1
600 4350 623 4402 l.
640 4348 665 4404 l.

388 4425 401 4466 ⁴
425 4429 565 4482 Herodian
577 4429 653 4481 Vlll.
666 4429 691 4482 7.
704 4429 729 4482 6.

389 4503 403 4546 ⁵
424 4509 545 4562 hlainaer
568 4509 807 4566 Kiiehenmeister.

391 4585 404 4628 6
426 4589 489 4665 Vgl.
504 4588 621 4645 Baete
645 4588 674 4648 S.
690 4589 744 4643 111
768 4590 849 4645 Aum.
864 4591 891 4645 8.
