3625 5192
609 381 696 437 Brieie
714 382 833 437 Mutianu
857 381 912 434 lte.
936 381 993 435 lid.
1017 381 1074 436 177.
1261 408 1265 414 ·
1362 454 1366 463 .
1439 373 1492 430 tlt

189 531 273 596 Dens
295 531 459 596 tumultum
488 551 567 614 paee
589 537 693 594 mutet.
737 529 874 595 Decribe
894 529 971 594 mibi
994 531 1111 610 legem:
1134 530 1322 594 Nemineml
1346 576 1452 592 ......
1464 545 1491 590 c.

186 635 227 698 de
249 633 458 698 sacrosanctis
479 633 631 697 ecclesiis.
667 631 777 710 -Quero
800 634 831 696 in
848 631 975 697 Tibullo
996 653 1037 696 an
1060 632 1228 712 legendnm
1249 632 1305 694 sit:
1328 679 1345 710 „
1354 629 1394 692 Et
1415 627 1490 691 mihi

187 736 345 819 precipue,
368 742 477 800 taceo·
495 753 563 797 curn
577 734 703 799 saueius
715 737 843 798 aruumb
856 736 906 798 rel
918 736 1025 817 potius
1039 737 1170 798 trucum.2
1204 733 1292 798 Mens
1304 731 1383 795 liber
1398 730 1494 793 babet

186 838 338 901 arvumin
351 837 590 920 epigrammate,
610 839 698 900 cuius
710 836 912 900 estiuitium:
936 837 1072 919 {mpiger
1086 837 1203 901 unca-²³.
1234 833 1494 910 ColeUrbanum,

187 939 287 1002 virum
310 940 416 1020 magni
439 938 552 1016 animi,
575 939 645 1019 qui,
673 939 733 1004 nisi
760 939 932 1004 monachus
954 949 1053 1019 esset,
1079 959 1134 1004 rex
1155 938 1220 1002 dici
1246 942 1361 1022 posset.
1402 932 1493 998 Adeo

188 1040 286 1105 solers
306 1048 339 1104 et
359 1041 487 1122 sagacis
508 1047 556 1105 est
576 1041 709 1105 utinsilii.
752 1041 828 1106 Vale
852 1051 883 1104 et
901 1059 987 1121 cura,
1007 1049 1041 1104 ut
1062 1041 1179 1106 valeas.

269 1141 317 1205 Ex
341 1141 455 1207 Gotho.

258 1265 438 1312 Hundsehristl.
459 1265 478 1311 1¹¹
499 1265 547 1313 296
568 1267 698 1314 l01.189v.
726 1267 802 1314 Gedr.
814 1267 838 1312 b.
849 1267 883 1312 Tz
892 1268 918 1314 S.
933 1267 979 1313 149
991 1283 1035 1314 ron
1047 1267 1152 1326 Negotia
1162 1267 1306 1327 publicante
1315 1279 1376 1326 paee
1386 1267 1474 1310 mutet.

258 1364 316 1415 'In
333 1370 378 1416 den
399 1371 522 1431 Arrapoben
542 1371 619 1419 inuno.
692 1357 704 1394 ὴ
723 1371 751 1418 Iu
771 1374 816 1418 (len
837 1373 963 1433 :lrnpoben
981 1387 1081 1420 arratum.

190 1577 261 1648 177.
305 1577 347 1654 lt.
368 1597 412 1645 an
435 1579 619 1647 llorebord
643 1599 675 1652 r.
691 1582 727 1647 d.
740 1580 913 1649 llnrthon.
1097 1575 1492 1665 (docueruut-1510.)

259 1705 319 1749 lllut.
341 1705 437 1751 bolehrt
457 1705 505 1751 den
524 1707 652 1752 llerebord
670 1722 693 1752 v.
708 1707 732 1758 d¹
744 1705 859 1752 Martbcn
878 1707 940 1752 iiber
958 1707 1014 1752 eino
1033 1707 1129 1751 Arrzabl
1143 1704 1301 1764 juristiselrer
1317 1701 1471 1748 Ausdriiekc.

270 1801 450 1866 Herebordo
473 1801 690 1886 Margarito
713 1803 873 1868 Mutianns
896 1803 1002 1868 Rufus.

270 1903 372 1967 Salus.
422 1903 525 1970 Hodie
552 1907 706 1970 matutino
743 1904 880 1969 diluculo
907 1903 1033 1969 Oddoni
1061 1903 1216 1987 carpant
1252 1903 1362 1966 literas
1394 1899 1436 1964 ad
1463 1909 1493 1963 te

189 2003 257 2066 dari
282 2005 438 2086 iussimus,
463 2007 495 2070 in
520 2007 633 2088 quibus
656 2007 812 2104 herentem
830 2007 952 2071 teinea
966 2005 1172 2080 dubitatione,
1195 2003 1270 2086 qnid
1295 2003 1337 2066 sit
1357 2001 1494 2084 spoliare

188 2106 337 2188 cingulo⁵
359 2107 497 2187 militari,
518 2109 652 2173 libenter
666 2109 811 2192 expedio.
855 2109 938 2173 Vera
950 2108 1075 2190 quidem
1095 2116 1143 2172 est
1155 2103 1315 2191 Euripidis
1324 2103 1492 2170 sententia:

190 2207 259 2286 Qua
280 2209 312 2272 in
336 2229 367 2270 re
388 2210 490 2274 clarus
511 2211 642 2292 quisque
663 2219 725 2291 est,
754 2211 794 2276 ad
817 2231 886 2276 eam
915 2219 1080 2294 properat,
1104 2211 1141 2273 in
1164 2229 1227 2290 qna
1248 2227 1321 2270 vero
1349 2205 1440 2268 nihili
1462 2211 1495 2267 et

191 2309 354 2393 stupidior,
378 2311 451 2374 inde
474 2311 583 2394 effugit
601 2321 632 2376 et
657 2313 838 2378 contemnit.
881 2313 1037 2390 Quantum
1061 2313 1144 2377 enim
1161 2309 1374 2374 balbutientes
1389 2308 1494 2387 legum

189 2421 383 2478 eruscatores
406 2414 567 2496 prestigiis
586 2413 767 2496 olfutiisque
784 2417 849 2480 suis
864 2419 981 2494 tarent,
1004 2424 1123 2478 tantum
1146 2432 1206 2492 ego
1227 2411 1268 2474 ab
1290 2410 1409 2474 umbris
1431 2408 1496 2472 illis

190 2515 354 2578 uerborum
386 2515 526 2578 inanium
553 2524 584 2580 et
616 2517 742 2600 l'rigidis
771 2517 863 2598 nugis
895 2516 1041 2580 resiliens
1079 2514 1245 2596 acquiesco
1276 2513 1339 2575 tuis
1369 2509 1493 2574 studiis.

189 2614 294 2679 Media
323 2625 477 2692 uetustas,
504 2639 564 2682 non
593 2618 648 2681 illa
671 2619 813 2702 politior,
848 2626 990 2682 numerat
1018 2618 1100 2682 inter
1128 2616 1279 2680 militaria
1307 2620 1495 2678 ornamenta

188 2725 341 2782 scorteum
364 2719 478 2797 lorum,
507 2720 590 2802 qnod
613 2721 667 2784 alii
690 2721 851 2804 cingulum
874 2729 996 2786 vocant.
1039 2720 1124 2784 illim
1151 2717 1240 2802 pueri
1270 2715 1408 2780 libertini
1437 2733 1494 2798 pro

190 2819 275 2884 bulla
286 2820 384 2884 lorum
397 2831 550 2886 scorteum
564 2821 743 2902 gestabant.
789 2823 916 2886 invenio
928 2832 1063 2903 torques,
1082 2819 1352 2898 arurillas,bastas
1372 2829 1494 2901 puras⁸,

190 2921 347 3004 phaleras,
368 2941 499 2986 coronas
522 2924 604 2987 inter
624 2924 708 2988 dona
727 2925 885 2988 militaria.
929 2922 1023 3001 Quid,
1043 2925 1068 2986 si
1093 2932 1233 3003 torquem
1247 2921 1333 2984 illum
1356 2917 1502 2991 aureum,

189 3043 250 3105 quo
271 3022 458 3087 desolantur
479 3031 563 3089 etate
585 3035 701 3106 nostra,
723 3026 775 3107 qni
799 3026 829 3089 in
849 3027 962 3089 militia
983 3026 1102 3088 lbrtiter
1124 3028 1236 3103 iecere,
1256 3021 1416 3102 cingulum
1439 3041 1493 3104 ap·

190 3124 342 3206 pellemus
370 3125 582 3208 acingcndo,
617 3126 700 3210 qnod
722 3127 834 3192 collum
862 3135 1032 3210 pectusque
1060 3127 1194 3210 cingat?
1241 3124 1315 3188 Vidi
1346 3123 1496 3207 patricios

191 3225 327 3291 Venetos
349 3236 494 3308 gerentes
515 3228 674 3308 cingulum
697 3249 734 3294 ex
757 3229 857 3292 serico
880 3249 897 3290 a
916 3229 996 3292 collo
1008 3228 1039 3291 in
1052 3228 1134 3290 latus
1145 3225 1329 3310 dependens
1350 3224 1495 3287 alterum-
1552 3271 1559 3284 .

190 3348 251 3410 que
274 3329 436 3394 brachium
466 3330 616 3394 ambiens.
659 3329 853 3394 Modestinus
883 3331 1134 3394 iureconsultnsl
1162 3330 1254 3413 penis
1282 3327 1414 3390 militum
1441 3325 1495 3389 ad-

190 3439 333 3495 numerat
354 3431 610 3514 castigationem,
638 3432 777 3506 multam,
799 3453 961 3497 muncrum
982 3432 1243 3508 interdictionem,
1265 3429 1377 3492 militie
1398 3437 1495 3491 muta-
1607 3438 1613 3447 “

190 3532 322 3612 tionem,
350 3521 469 3614 gradus
489 3533 714 3614 deiectionem,
736 3535 979 3615 ignominiosam
1002 3535 1190 3598 missionem.
1239 3531 1382 3606 Gelliusl
1403 3532 1497 3593 relert

191 3634 271 3697 inter
290 3635 483 3715 ignominias
503 3636 666 3716 militares,
688 3635 801 3718 quibus
823 3638 941 3701 milites
957 3636 1189 3714 coercebantur,
1210 3635 1308 3698 titisse
1330 3632 1497 3713 sauguinis

192 3737 399 3800 missionem·
420 3736 534 3814 Queris
553 3737 675 3801 locum?
705 3737 799 3802 Libro
815 3739 845 3802 X
864 3741 970 3822 capite
984 3738 1058 3801 Vlll
1073 3737 1259 3802 Plutarchus
1277 3735 1375 3799 tradit
1396 3753 1496 3816 genus

196 3845 200 3850 ·
260 3839 315 3891 *a*
328 3860 397 3906 pura.

256 4037 264 4079 ¹
286 4041 349 4114 Von
371 4043 425 4097 den
449 4041 466 4094 4
488 4043 539 4096 mit
558 4043 703 4096 Neminem
726 4043 919 4113 beginnenden
934 4041 1061 4096 Curiones
1081 4050 1158 4112 passt
1177 4042 1274 4096 keiner
1298 4041 1418 4094 hierbae.
1459 4039 1496 4093 Es

193 4121 396 4192 liegtdeshalb
423 4123 652 4178 wahrschrinlieh
674 4123 717 4177 ein
742 4123 841 4176 lurtum
868 4125 917 4176 des
938 4123 1138 4176 Abscbrcibers
1167 4141 1222 4176 vor.
1270 4118 1283 4158 ‘²
1304 4120 1408 4174 Tibull.
1419 4119 1456 4185 11,
1467 4119 1494 4176 5.

194 4201 258 4256 109.
322 4196 337 4240 3
357 4201 607 4257 Tiberinides.
668 4199 682 4240 ‘²
705 4203 758 4258 Die
781 4202 1004 4258 Persiinliehkcit
1029 4203 1065 4256 ist
1090 4205 1143 4256 mir
1163 4208 1240 4256 coust
1262 4202 1341 4254 nicht
1362 4200 1495 4255 bekannt.

192 4276 206 4320 ⁵
229 4281 281 4334 uin
301 4281 338 4334 im
361 4281 453 4336 Codex
474 4282 642 4337 Iustinianue
666 4285 722 4336 und
743 4283 815 4336 auch
840 4292 918 4337 ronst
938 4285 1010 4338 no'eb
1030 4283 1215 4353 gebrauchter
1234 4280 1389 4334 Ausdruek.
1432 4279 1495 4334 wie

192 4379 242 4417 aue
262 4363 315 4416 den
338 4363 432 4417 wciter
442 4369 527 4417 untcn
539 4363 679 4417 erkliirten
692 4362 821 4422 Wbrtern
844 4381 876 4416 au
888 4365 1002 4418 erschcn
1014 4364 1058 4426 ist,
1077 4363 1125 4416 hat
1138 4362 1281 4416 Herebord
1292 4380 1317 4412 v.
1328 4362 1352 4414 d.
1368 4360 1496 4414 Marthcn

193 4443 241 4496 ihu
263 4441 307 4496 bei
335 4443 397 4496 dem
419 4441 546 4497 Studium
573 4443 622 4497 der
648 4449 768 4497 erstcren
790 4443 988 4512 Rechtsqnellc
1014 4441 1185 4512 angetroffen
1208 4439 1286 4507 (cod.
1309 4441 1375 4498 luet.
1393 4439 1495 4508 1,1.4:

193 4522 215 4576 si
237 4539 301 4576 uero
323 4515 423 4576 militia
445 4523 584 4592 praeditus
606 4523 656 4586 sit,
676 4524 788 4591 cingulo
809 4524 979 4593 spoliabitur.
1051 4521 1063 4560 ὅ
1085 4521 1260 4594 Digamus,
1273 4521 1317 4578 16,
1330 4521 1357 4574 3.
1428 4515 1440 4559 ⁷
1463 4519 1495 4574 ln

193 4603 241 4657 der
264 4601 455 4658 Ueberscbrift
475 4621 508 4656 zu
530 4602 578 4658 lib.
592 4603 628 4662 X.
653 4621 711 4673 cup.
726 4603 802 4658 Vlll.
