3625 5192
313 321 363 373 152
684 317 943 388 Gesehichtsquellea
961 319 1010 372 der
1030 317 1106 371 Prot.
1126 318 1252 372 Sechseu.

311 467 380 538 111.
404 465 502 537 ll.un
515 465 701 534 llercborrl
715 464 971 536 r.el.llm·thcn.
995 463 1233 550 (bethel-308.
1247 450 1620 549 orthonoismus.)

382 595 442 642 hlut.
464 596 585 642 hadabert
604 595 659 642 dem
679 595 808 642 llerobord
822 610 846 640 u.
858 595 881 639 el.
894 595 1010 640 blurtlren
1025 594 1179 653 gegerrliber,
1199 594 1255 639 dass
1274 595 1338 640 arrelr
1357 594 1413 640 sein
1426 593 1623 640 b'atcherluelr
1721 652 1725 661 ι

313 667 384 712 nieht
403 667 532 712 verrnoelrt
552 666 631 728 hubo,
655 666 703 712 den
722 667 811 712 l’elrns
830 665 970 712 lleltwinus
988 665 1014 710 in
1036 665 1092 710 dem
1110 664 1319 723 'sarrs-lmentari
1338 665 1384 710 mit
1402 664 1520 710 Findisen
1540 678 1624 710 umen·

312 737 436 784 stimmon.

393 835 530 916 Egregie
555 834 717 899 literarum
739 833 906 916 professori
929 833 1160 897 Herebordo
1182 831 1366 915 Margarita.

392 942 422 1002 S.
467 936 582 1018 „Qirod
604 937 838 1003 medicamenta
859 934 991 1016 morbis,
1020 935 1078 1000 hoe
1099 936 1250 1000 exhibent
1277 937 1346 1000 iura
1368 935 1532 1018 negotiis.“
1577 933 1625 997 lta

313 1041 470 1125 proditum
491 1048 539 1105 cst
565 1041 597 1103 in
619 1029 857 1104 Arretentiea¹.'
881 1039 948 1103 Hoc
970 1038 1165 1103 constitucio.
1208 1037 1360 1120 Magister
1371 1041 1394 1113 ²,
1424 1037 1523 1103 bonus
1546 1037 1624 1100 alio-

311 1144 385 1227 qrrin
411 1143 542 1222 iuvenis,
564 1143 690 1206 laborat
709 1142 793 1207 vicio
815 1141 1011 1206 contumacie
1025 1140 1433 1205 etbcnemonentibusnon
1455 1137 1623 1203 auscultat·

311 1247 346 1311 Si
369 1247 438 1310 iura
459 1251 532 1310 sunt
552 1243 708 1325 remedia,
730 1243 848 1308 nullum
870 1263 931 1325 ego
950 1242 1103 1307 auxilium
1124 1242 1267 1323 invenie,
1287 1261 1348 1324 quo
1368 1241 1532 1307 medeatur
1554 1253 1624 1324 per·

310 1347 435 1414 tinacie.
479 1346 594 1410 Pater³
616 1354 704 1420 tuus,
732 1345 946 1429 amplissimus
969 1363 1086 1428 preses,
1116 1354 1169 1409 tuo
1190 1345 1313 1408 lrertatu
1336 1353 1367 1409 et
1394 1365 1455 1430 ope
1476 1344 1623 1410 consilio-

304 1467 371 1533 ‘que
399 1469 455 1514 suo
484 1467 664 1531 quanquam
691 1447 927 1531 sapientissimo
955 1466 1017 1510 non
1045 1447 1147 1530 potuit
1173 1465 1336 1512 assensum
1363 1446 1486 1512 elicere.
1532 1446 1622 1514 Adeo

310 1552 434 1634 rigidus
454 1559 486 1616 et
507 1550 714 1616 inexorabilis
737 1558 798 1631 est,
826 1550 879 1632 qui
905 1551 975 1634 plus
996 1547 1166 1633 cupiditati
1194 1548 1339 1632 indulget
1365 1569 1459 1630 quam
1481 1550 1623 1616 honestis

312 1655 468 1740 precibus,
510 1653 574 1719 Sed
602 1653 708 1718 valeat
736 1653 795 1718 iste
821 1653 974 1734 magister
1002 1670 1073 1716 cum
1101 1670 1160 1716 sea
1180 1671 1272 1716 cassa
1297 1653 1433 1734 specula.
1481 1653 1622 1718 Incertus

312 1759 416 1831 futuri,
438 1765 553 1837 tamen,
575 1755 666 1840 qnasi
688 1757 769 1822 sciat
791 1755 879 1820 brevi
901 1756 1084 1819 meriturum
1106 1753 1301 1830 Findisium‚
1328 1755 1353 1818 it
1372 1753 1499 1819 obviem
1524 1763 1556 1820 et
1577 1755 1620 1820 in-

313 1858 461 1941 tercedit,
496 1879 536 1924 ne
574 1867 661 1924 recta
690 1857 924 1943 proficiscamur
950 1857 991 1921 ad
1018 1855 1307 1922 commutacionem.
1353 1857 1403 1922 sit
1429 1857 1622 1940 interruptus

313 1983 392 2047 pons
412 1981 548 2036 sursum,
571 1961 730 2041 deorsum,
758 1960 969 2040 dextrorsum,
993 1958 1209 2048 sinistrorsum
1232 1960 1291 2024 iter·
1311 1960 1516 2041 facientibus,
1530 1967 1621 2042 ,retro

312 2073 417 2132 tamen
440 2067 485 2130 ire
507 2085 598 2130 nemo
621 2063 774 2149 prohibet.
816 2062 907 2140 Quod
929 2063 957 2126 si
976 2062 1111 2127 mutabit
1126 2061 1320 2126 sentenciam
1341 2069 1373 2126 ct
1389 2063 1471 2127 rotis
1492 2069 1620 2145 annuet,

312 2163 344 2228 id
367 2171 399 2227 tu
422 2163 513 2228 nobis
534 2161 671 2228 lidcliter
691 2161 878 2242 significato.
921 2159 1084 2244 Euripidis
1105 2163 1190 2226 estz⁵
1511 2151 1516 2158 ’

593 2286 731 2351 Pecunia
753 2284 865 2366 ingens
887 2284 1014 2366 generis
1036 2284 1164 2350 humani
1187 2286 1301 2351 bonum

557 2389 682 2469 Ubique
705 2387 964 2470 perterritisque,
987 2393 1139 2470 quantum
1159 2387 1278 2464 habuit,
1301 2388 1368 2454 l'uit.

391 2513 476 2596 Ergo
502 2513 593 2578 dives
619 2531 690 2576 esse
717 2512 784 2575 vult
808 2512 973 2592 magister,
1003 2511 1060 2577 sed
1087 2511 1181 2577 ee‘elet
1209 2512 1242 2574 in
1268 2515 1476 2598 muscipulam
1498 2515 1619 2583 diaboli

312 2609 469 2696 seductus,
490 2615 634 2696 arbitror,
649 2633 760 2680 ¹eorum
772 2615 985 2696 persuasione,
1006 2613 1293 2697 quiautlindisio,
1315 2617 1620 2703 sanctissimopope,

400 2733 411 2762 ‘⁸
430 2741 560 2787 Flentes.

314 2871 515 2878 ---—-—-—--·-—-

375 2959 386 3002 ¹
408 2964 473 3034 Vgl.
500 2964 546 3018 lln
573 2961 666 3035 Gange
694 2963 799 3018 Gloss:
837 2963 1038 3034 Anthemione,
1066 2963 1198 3018 Nouellue
1225 2961 1444 3020 Constitutiones
1471 2966 1618 3024 lastiniani

311 3045 444 3114 appellari
468 3053 597 3115 coeptae,
628 3063 660 3098 ex
687 3063 741 3115 quo
770 3041 873 3115 rejecta
902 3044 1005 3098 Iuliani
1037 3044 1229 3098 Aruteccssoris
1256 3045 1382 3100 versione
1411 3064 1459 3099 sen
1487 3048 1619 3120 editione,

311 3127 469 3180 esrrrrndcrn
494 3125 610 3180 barbara
631 3124 743 3196 Belgari
765 3131 889 3194 tompore
911 3125 986 3179 faeta
1006 3125 1172 3192 translatio,
1188 3125 1262 3195 quod
1284 3125 1396 3180 uberior
1415 3127 1561 3199 videretur,
1581 3132 1617 3186 ab

311 3204 445 3260 Accersio
465 3211 578 3276 recepta
598 3211 652 3274 est,
673 3205 721 3276 qui
742 3203 940 3260 authenticam
962 3205 1127 3277 appellavit,
1148 3205 1279 3276 quoniam
1301 3223 1333 3260 ex
1353 3206 1414 3277 ipse
1435 3205 1543 3264 Graece
1564 3211 1617 3266 o'ri-

311 3283 454 3356 ginali'ad
475 3286 584 3340 literam
606 3286 732 3340 traducta
754 3292 832 3341 esset.
1133 3345 1137 3350 ,

372 3362 387 3404 ‘2
407 3365 524 3420 Derim
546 3366 660 3437 vorigea
680 3365 773 3427 Briefo
794 3372 934 3438 gcnannte
954 3366 1054 3420 Petrus
1076 3366 1237 3420 Heltruinus.

373 3441 387 3485 ³
409 3445 529 3501 Gerlach
559 3464 612 3501 von
640 3446 688 3500 eler
709 3446 837 3500 Mertlren
865 3447 922 3500 und
943 3446 1119 3518 Idwerrhrrrg
1146 3465 1201 3502 war
1220 3445 1342 3502 Mainzer
1359 3448 1558 3507 vicedominus
1585 3473 1618 3509 zu

219 3549 222 3554 ·
311 3527 405 3580 Erfurt
424 3545 477 3581 von
502 3524 718 3581 reos-1504.
766 3527 803 3580 Er·
829 3527 940 3581 u'ohnte
959 3527 1080 3582 daselbst
1101 3527 1129 3580 in
1150 3529 1213 3582 dem
1234 3546 1288 3582 von
1310 3528 1367 3582 ihm
1389 3530 1541 3600 gekarrften
1561 3537 1617 3593 uod

312 3607 384 3662 noch
405 3608 488 3662 heuto
509 3607 670 3661 erhaltenen
684 3606 777 3661 Hause
798 3625 859 3660 zum
881 3607 1001 3662 'l‘urnier
1021 3609 1049 3660 in
1070 3608 1119 3661 der
1139 3607 1344 3679 Turniergasse.
1387 3611 1616 3686 tl'gl.llartung:

311 3687 365 3742 Die
387 3683 642 3742 lliluser-Chronllr
663 3688 712 3742 eler
734 3683 814 3742 Stant
833 3687 936 3755 Effert,
958 3687 986 3741 S.
1001 3677 1079 3765 197.)
1120 3687 1202 3742 Scine
1220 3688 1338 3742 Familie
1359 3691 1412 3744 soll
1433 3709 1482 3746 ures
1496 3693 1616 3763 Spamen

311 3769 383 3822 nach
410 3767 572 3838 Thiiringen
599 3766 766 3837 gekommen
794 3768 862 3824 sein.
910 3766 1003 3822 Sehon
1037 3767 1113 3820 1369
1147 3785 1203 3822 war
1233 3769 1278 3822 ein
1306 3769 1464 3825 Dieterieus
1490 3791 1544 3827 uon
1568 3776 1617 3830 der

311 3848 497 3918 Margaretten
525 3847 580 3900 und
601 3847 770 3918 Lauenburg
790 3849 912 3903 decenus
933 3849 1066 3903 eeclesiae
1087 3848 1121 3906 B.
1143 3848 1230 3902 llario
1245 3849 1376 3920 Virginis.
1418 3850 1464 3906 ste
1490 3872 1546 3908 war
1569 3874 1617 3910 zur

310 3927 370 3982 Zeit
391 3926 512 3982 Mutians
531 3927 560 3982 in
583 3928 727 3982 mehreren
745 3927 870 4000 Zureigen
892 3930 921 3981 in
947 3929 1042 3982 Effert
1062 3935 1207 3984 vertreten.
1250 3928 1329 3984 Noch
1349 3933 1412 3985 dem
1436 3932 1512 3986 1525
1533 3951 1616 4008 arige-

310 4010 403 4079 legten
431 4008 599 4080 ,‚Erbbrreh‚
633 4007 761 4080 Register
787 4010 844 4062 und
865 4009 1057 4064 Verzeiehniss
1082 4010 1132 4064 der
1159 4010 1233 4063 zinrm
1257 4011 1314 4064 und
1340 4018 1434 4083 gotter
1460 4013 1616 4071 llerehordi

309 4107 363 4144 von
384 4088 434 4142 der
454 4087 638 4160 llargmiten.
653 4130 658 4142 .
673 4129 692 4158 .‚
713 4107 743 4143 so
765 4107 795 4143 er·
814 4107 867 4143 ron
888 4090 993 4144 seinem
1015 4090 1108 4143 lichen
1129 4096 1206 4145 vater
1227 4091 1333 4162 seligcn
1354 4093 1436 4146 herrn
1458 4093 1614 4152 Gerlaehen

309 4187 363 4224 von
379 4170 428 4224 der
447 4168 615 4240 blergariten
633 4212 639 4224 .
660 4212 666 4226 .
686 4212 692 4223 .
713 4169 762 4223 ‹ler
782 4170 811 4223 in
832 4169 893 4224 Zeit
919 4189 984 4240 syns
1011 4171 1107 4224 lebens
1122 4170 1285 4225 Vitztlrumb
1314 4191 1347 4226 zu
1375 4173 1479 4229 Erffurt
1504 4186 1616 4247 gewest,

309 4249 402 4304 crerbt
435 4249 503 4304 lrat“
536 4247 720 4319 (Manuseript
751 4249 799 4304 der
824 4247 936 4321 Kbnigl.
963 4249 1125 4305 Bihliotlrck
1154 4251 1183 4304 in
1211 4251 1317 4321 Effert)
1348 4256 1458 4308 miissen
1491 4256 1536 4310 die
1563 4257 1616 4314 Be-

309 4329 452 4402 sitzungen
472 4329 641 4385 Gerlaelrsv.
655 4330 681 4384 d.
697 4329 733 4384 tl.
755 4329 783 4383 in
810 4331 865 4383 und
887 4349 934 4383 um
956 4330 1051 4385 Erfurt
1075 4331 1155 4386 nieht
1175 4333 1369 4388 enbedeutend
1397 4353 1524 4406 genesen
1549 4340 1616 4393 sein.

309 4409 403 4466 Ueber
422 4411 517 4466 seinen
538 4408 687 4464 Character
707 4409 814 4463 crl‘sihrt
834 4428 898 4478 marr
919 4429 968 4465 aus
989 4411 1111 4466 Matiane
1131 4411 1244 4468 Briefea
1266 4431 1318 4469 nur
1336 4415 1535 4490 Ungiinstiges.

369 4487 383 4530 ⁴
404 4491 468 4562 Vgl.
487 4491 540 4544 den
561 4489 673 4561 vorigen
695 4489 776 4544 Bri'ef
794 4489 875 4544 rhuni.
892 4491 916 4545 1,
1578 4505 1582 4512 ·

369 4567 383 4612 ⁵
404 4571 483 4628 Nach
505 4569 610 4628 Seneca
631 4569 772 4645 Epistolae
796 4569 922 4644 115,14.
