3625 5192
279 299 332 362 386
658 297 920 376 Goschichtaquellen
939 307 988 361 dor
1005 291 1083 360 Prov.
1102 291 1225 392 Sachseti.

279 456 337 521 sed
361 462 503 520 maturus
527 462 560 521 et
577 457 687 538 gravis
707 455 881 538 theologus.
924 456 958 520 Si
981 455 1063 520 hunc
1086 453 1270 534 honorabis,
1298 453 1470 535 pertinebit
1490 452 1588 517 honor

278 557 321 622 ad
340 564 476 622 vestram
497 558 642 639 gloriam,
663 559 781 621 inseret
797 557 885 621 'enim
902 577 959 622 vos
974 555 1344 622 victurismouimentisa
1386 554 1589 620 Herebordus

278 658 429 723 invitabit
453 667 485 724 et
507 658 793 739 Cotio,·salntabit
818 657 994 724 Tiloninus.
1043 657 1161 723 Audiet
1188 657 1332 722 Petreius
1356 657 1441 722 circa
1466 655 1586 743 Padum

279 779 349 826 esse
371 760 466 841 bella,
485 767 521 824 ut
540 767 608 825 tuto
628 759 794 824 Patavium
816 761 934 825 intrare
955 761 1010 824 vix
1032 760 1135 824 liceat.
1177 759 1267 835 Vale,
1289 760 1331 822 mi
1355 758 1491 824 Urbane.

243 897 248 904 ’
348 874 460 940 'Kmffl
476 883 651 928 monumentis.
720 915 729 924 .

349 969 530 1018 Handschriftl.
551 971 597 1016 No.
609 970 659 1016 848
680 972 721 1017 fol.
733 969 931 1028 arev-arra
968 970 1043 1018 (isdr.
1072 969 1094 1026 l)
1115 970 1138 1016 b.
1149 969 1190 1016 Tr..
1208 971 1231 1016 S.
1245 969 1292 1016 167
1314 969 1417 1016 noallic
1436 973 1473 1014 ost
1491 967 1528 1012 bia
1545 967 1588 1012 vix

278 1038 425 1155 &Mltimg
445 1040 484 1156 ins:
500 1040 586 1158 {3630st
605 1041 655 1085 und
667 1040 826 1126 Dolrumente
844 1050 888 1086 aus
907 1040 1016 1128 dorZoit
1035 1039 1276 1086 dcrlleiormatiou.
1294 1072 1315 1087 ..
1336 1041 1402 1099 brug,
1422 1053 1473 1086 vora
1488 1037 1518 1084 K.
1537 1037 1588 1082 uud

184 1267 193 1285 ’
278 1225 365 1338 tou.
385 1264 430 1332 ll.
451 1285 498 1332 au
519 1265 653 1337 Urban.
800 1219 807 1228 .
905 1264 1038 1350 (uerna
1052 1266 1145 1337 1513.
1184 1265 1282 1333 Kurn
1293 1265 1412 1333 vor21
1424 1264 1587 1368 August.)
1690 1343 1694 1352 ¹

349 1368 412 1438 um.
434 1391 568 1450 bodonem,
598 1392 655 1437 dass
677 1392 865 1451 docticampian
886 1391 914 1437 in
938 1391 1023 1437 llrlurt
1049 1407 1075 1438 so
1102 1391 1300 1449 vernachliissigt
1326 1391 1426 1438 worden
1450 1390 1490 1438 ist.
1536 1391 1588 1435 Nur

278 1462 381 1508 Tilonin
398 1462 464 1508 habe
483 1462 526 1507 ilrn
546 1462 655 1507 daselbst
674 1462 794 1520 bogriisst.
833 1462 963 1508 [oetaterer
983 1461 1047 1508 babo
1066 1461 1116 1507 ihm
1135 1461 1213 1507 durch
1229 1461 1298 1506 Tium
1317 1461 1357 1506 oin
1371 1461 1495 1520 erstspiel
1517 1459 1588 1506 dher-

281 1533 363 1592 sundt,
383 1524 411 1578 in
431 1532 488 1578 dem
506 1531 564 1578 eino
581 1532 658 1578 Stella
676 1532 720 1577 ibn
739 1547 770 1577 au
786 1531 838 1577 dan
856 1531 1033 1590 beilolgonden
1053 1531 1147 1577 Versen
1166 1533 1327 1577 veranlassto.

360 1628 514 1694 Henrioo⁸
538 1628 700 1694 Urbano
722 1629 883 1694 blutianus
905 1625 1036 1694 Rullus'

359 1733 391 1796 S.
432 1731 543 1794 Amice
570 1731 705 1794 Urbane.
748 1731 909 1795 Subsedit·
925 1731 1010 1795 lroris
1035 1733 1156 1813 aliquot
1181 1730 1359 1814 Erpburdie
1379 1728 1589 1812 Aesticampi·

280 1835 379 1908 anns}
408 1831 574 1928 theologus
600 1839 631 1896 et
659 1839 767 1915 poeta,
798 1832 937 1897 extincte
962 1833 1133 1898 latinitatis
1160 1834 1329 1913 excitator,
1356 1833 1426 1912 qui,
1453 1839 1589 1913 quantus

215 1947 218 1952 ·
279 1935 322 1998 sit
343 1936 376 1997 in
399 1932 580 1998 asserendis
600 1933 694 1997 bonis
715 1933 825 2012 literis,
850 1933 1010 2018 discipuli,
1032 1935 1277 2016 quosssononie,
1296 1933 1468 2015 Mogontia,
1490 1931 1589 2015 Lipsi‚
1654 1965 1655 1970 .

278 2035 520 2118 Francofordie,
545 2035 726 2119 Agrippino
752 2035 901 2114 instituit,
934 2035 1028 2100 l‘acile
1049 2035 1220 2112 declarant.
1268 2035 1319 2098 Ad
1340 2055 1410 2099 eum
1432 2035 1587 2099 ventitare

279 2137 456 2219 neglexisti.
499 2137 558 2199 ‘lis
599 2137 697 2218 igitur
724 2137 942 2217 obiurgandus
973 2145 1005 2201 et
1042 2139 1182 2218 peccasti
1212 2140 1352 2220 graviter
1383 2145 1417 2201 ut
1448 2137 1590 2201 desertor

280 2238 487 2310 humanitatis
514 2245 547 2302 et
573 2238 677 2301 otiicii.
727 2237 1029 2303 Audivisses'nova
1055 2247 1162 2320 gesta,
1192 2259 1275 2302 nova
1301 2239 1417 2322 prelia,
1443 2240 1589 2320 quamvis

279 2341 431 2420 nonnulla
451 2341 484 2402 in
504 2340 625 2405 Vallem
646 2349 731 2403 tuam
754 2341 891 2422 legenda
912 2347 992 2404 teste
1014 2340 1162 2404 Musardc
1185 2342 1315 2405 miseris.
1359 2340 1588 2424 Respondebis,

278 2443 405 2527 opinor,
433 2443 630 2523 obiurgatus:
660 2441 825 2521 Mentiris,
860 2448 921 2504 ivon
955 2442 1095 2525 peccavi.
1125 2437 1236 2506 ¹Soles
1263 2442 1346 2507 euim
1373 2461 1496 2506 omnem
1526 2442 1589 2504 cul·

281 2564 355 2628 pam
384 2544 504 2608 diluere
529 2545 652 2618 conari,
686 2544 803 2606 nullam
834 2543 1021 2626 simpliciter
1056 2563 1238 2626 agnoscere.
1285 2545 1350 2609 Sed
1385 2551 1416 2608 et
1445 2543 1588 2609 Petreius

279 2653 386 2711 noster
412 2646 589 2711 audivisset
620 2646 731 2708 ardere
761 2645 853 2708 bellis
881 2645 1014 2710 ltaliam.
1067 2647 1204 2710 Tantum
1236 2647 1404 2710 Tilcninus
1436 2646 1589 2708 salutavit

279 2748 561 2832 Esticampianum.
603 2748 771 2812 Tiloninus
794 2747 862 2825 illc,
885 2755 971 2811 tuum
994 2746 1183 2828 deliciolum,
1208 2749 1261 2830 qni
1284 2748 1325 2812 ad
1346 2768 1397 2812 me
1418 2747 1527 2812 scribit
1547 2747 1588 2812 de
1681 2791 1683 2796 -

280 2851 434 2916 cuniculis
463 2859 496 2915 et
526 2850 652 2914 insidiis
677 2849 910 2932 sophistarumb
941 2869 1038 2930 suque
1071 2857 1186 2933 purgat
1214 2857 1246 2916 et
1279 2858 1382 2914 tuetur
1414 2849 1589 2931 ingeniosis
1663 2897 1665 2900 -

280 2952 464 3017 rationibus.
505 2951 574 3033 Ego
603 2958 637 3014 nt
654 2953 812 3015 Cairrenas
840 2950 871 3012 in
900 2951 971 3014 sinu
997 2953 1103 3029 foveo,
1132 2952 1177 3014 ita
1197 2951 1283 3015 lusus
1304 2961 1336 3016 et
1357 2952 1495 3032 ineptias
1515 2971 1588 3035 poe-

281 3060 381 3118 tarum
409 3054 481 3118 boui
508 3054 644 3118 consulo.
692 3053 840 3116 Ostendit
870 3052 947 3115 milri
978 3073 1035 3135 per
1061 3054 1188 3116 ΤἰΙιιιιι2
1225 3055 1401 3118 comediam
1440 3054 1588 3117 iuvenilis

280 3155 414 3220 audacie
434 3157 571 3240 plenam.
615 3155 725 3217 Inveni
748 3154 805 3218 hos
828 3155 930 3237 ipsius
946 3154 1139 3224 versiculos:

477 3317 480 3324 -
563 3279 724 3342 Humanas
743 3279 848 3362 superi
864 3293 977 3348 sacros
998 3279 1124 3344 voluere
1146 3286 1256 3361 poetas

521 3381 613 3444 Pacis
634 3381 667 3444 in
688 3379 826 3444 umbella
848 3380 942 3444 docta
964 3379 1106 3444 Minerva
1127 3381 1231 3446 cubat.
1342 3426 1344 3434 .

250 3585 256 3596 Ι
360 3500 418 3585 llis
437 3501 528 3565 lectis
549 3501 656 3564 statim
678 3519 717 3562 ex
739 3505 879 3581 tempore
899 3499 1146 3580 subiungebam:

521 3623 556 3686 Si
572 3622 678 3705 superi
698 3628 840 3686 statuunt
861 3623 955 3686 mites
976 3623 1182 3706 placidosque
1206 3630 1317 3706 poetas

522 3723 561 3787 Et
583 3723 703 3806 placuit
724 3724 837 3806 sophie,
859 3726 948 3806 pacis
971 3711 1098 3790 alumna
1119 3727 1220 3807 quies,
1316 3749 1318 3754 ·

521 3827 584 3890 Cur
604 3827 702 3890 tocies
723 3826 904 3909 pharetram
927 3827 1040 3891 tribuis
1061 3829 1108 3892 vel
1131 3828 1255 3909 spicula
1275 3827 1395 3892 Musis?

518 3927 714 3992 Castalidum
737 3947 797 3991 nou
821 3929 863 3992 sit
882 3924 1127 4010 sauguinolenta
1149 3949 1260 3994 manus

521 4030 590 4094 Nec
612 4032 686 4094 licet
707 4030 850 4093 imbelles
872 4030 1023 4114 romphea
1044 4049 1168 4094 armare
1189 4031 1357 4114 Camenas,

525 4131 592 4197 uas
612 4134 691 4215 lyra,
714 4132 887 4196 Bellonam.
899 4133 1034 4197 classica
1055 4152 1131 4197 seva
1148 4133 1271 4198 decent.

350 4233 418 4319 sic
439 4261 510 4320 tuas
528 4240 657 4320 delitias
678 4256 789 4320 invasi.
835 4255 914 4320 lllud
937 4256 1062 4336 addam,
1086 4264 1118 4320 ut
1140 4256 1253 4322 rideas.

350 4370 362 4398 ⁸
381 4377 492 4424 Hearico
503 4378 571 4438 sebit
589 4376 627 4423 bei
646 4377 732 4436 Ir'raffl.
786 4362 799 4398 ὴ
816 4377 868 4422 Dus
885 4378 974 4423 Dntrrm
988 4377 1031 4424 uei
1049 4377 1128 4438 Kroffi
1142 4379 1202 4424 steht
1221 4379 1286 4426 retulit
1306 4379 1332 4426 t'n
1352 4379 1396 4426 der
1414 4380 1592 4440 Ihadarbnfl.

284 4481 468 4488 ——-—-.

345 4530 356 4573 ¹
379 4532 442 4607 Vgl.
458 4536 512 4589 den
533 4536 777 4606 vorhergebenden
799 4534 883 4590 Bricf.
966 4531 979 4574 ²
1000 4535 1063 4606 Vgl
1074 4533 1118 4590 Br.
1130 4533 1188 4588 245
1204 4533 1230 4591 S.
1242 4521 1300 4588 32'2
1317 4533 1439 4598 Asanam.
