3625 5192
682 337 769 392 ltriele
787 337 906 392 Mutians
927 337 1054 392 184185.
1466 335 1519 388 259

213 485 320 550 multis
343 484 437 550 annis
459 484 586 566 genium
614 505 703 550 suum
729 485 922 552 defraudans
948 485 1079 568 collegit
1099 504 1156 569 pro
1172 481 1371 550 celebrandis
1387 482 1518 562 inferiis,

214 606 253 652 ea
273 587 379 652 l'nrtim
401 587 530 651 vulturii
551 589 718 672 dissipant.
760 587 810 654 De
830 587 1078 654 testamentariis
1092 607 1167 652 vero
1187 587 1326 668 loquitur
1346 586 1401 650 ille
1420 585 1518 650 versi-

213 689 337 754 culus1:
360 689 498 770 „Nonne
514 689 600 754 Dens
621 691 757 772 requiret
778 691 862 754 ista?
903 691 977 772 lpse
996 689 1080 754 enim
1097 689 1186 753 novit
1205 687 1394 753 abscondita
1414 685 1519 750 crudis

213 792 310 856 nostri
318 793 345 856 ·‘.
387 791 494 856 Habes
516 792 656 856 remedia
676 793 930 858 conturbationis
952 791 1106 856 hesterna.
1148 790 1216 868 Qua
1243 790 1317 855 ideo
1338 789 1518 873 perscripsi,

213 901 246 958 ut
266 893 324 958 suh
349 893 484 976 exempli
515 895 696 959 narratione
722 902 753 958 te
782 894 923 958 hortarer
948 893 990 958 ad
1016 894 1182 958 lectionem
1210 891 1426 960 ecclesiastice
1453 890 1517 954 dis

209 995 336 1079 cipliue,
359 1015 452 1077 qnam
475 994 556 1060 adeo
578 996 692 1060 Picus²
714 995 835 1060 amavit
854 1003 887 1059 et
906 996 1026 1074 coluit‚⁸
1048 1003 1081 1060 ut
1101 1003 1185 1058 esset
1200 994 1283 1058 inter
1303 993 1517 1058 nobilissimos
1629 991 1636 1004 ‘

211 1098 338 1182 diuinus
360 1097 460 1178 homo,
482 1097 563 1162 inter
584 1096 784 1163 doctissimos
806 1098 968 1162 etatissue
984 1116 1133 1187 magnum
1145 1095 1338 1160 miraculum.
1383 1095 1516 1159 Enarra-

214 1199 261 1264 vit
281 1199 437 1282 psalmum
458 1197 516 1262 XV
530 1199 552 1263 ³.
594 1182 755 1264 Thomas⁴
777 1218 900 1281 qnoque
922 1218 1019 1278 meus,
1041 1199 1178 1263 simam
1199 1217 1282 1263 nunc
1298 1197 1382 1262 dicib
1404 1204 1516 1280 potest,

211 1301 264 1383 qui
284 1309 423 1365 mortuus
444 1308 500 1380 est,
523 1319 617 1384 unum
637 1310 732 1384 atque
753 1301 884 1366 alterum
900 1301 1057 1384 exposuit.
1099 1300 1214 1365 Horum
1236 1319 1368 1383 sequere
1379 1301 1518 1380 vestigia

210 1409 242 1466 et
263 1402 469 1468 consimiliter
490 1405 612 1484 attinge
633 1414 666 1468 et
685 1403 830 1488 perspice
851 1413 883 1467 et
904 1403 1031 1487 explica
1053 1422 1145 1467 saera
1170 1403 1314 1484 eloquia⁶
1335 1401 1428 1485 nugis
1446 1420 1516 1485 pre

212 1504 388 1570 verbiorum
408 1504 542 1570 omissis.
584 1505 723 1583 Quarum
735 1525 785 1570 me
805 1505 904 1589 pudet
915 1505 1073 1589 pigetque,
1095 1505 1218 1587 quoties
1237 1504 1352 1588 sopitis
1370 1503 1517 1567 sensibus

211 1608 333 1672 mente‘¹
360 1606 462 1670 Deum
491 1607 596 1672 adoro.
649 1607 717 1690 Ego
751 1607 901 1674 constitui
936 1609 1089 1672 rationem
1122 1604 1298 1671 studiorum
1328 1605 1449 1686 ingenii
1486 1612 1518 1668 et

209 1708 352 1773 doctrine
374 1707 415 1772 ad
439 1709 590 1790 pietatem
613 1708 773 1780 inflectere
795 1708 938 1790 nihilque
959 1708 1046 1772 aliud
1062 1707 1147 1791 apud
1159 1713 1280 1802 poetas,
1301 1705 1516 1790 philosophos,

212 1809 386 1884 historicos,
408 1809 636 1876 iureconsulros
658 1810 827 1894 decerpere
845 1810 917 1874 volo
938 1829 1032 1892 qnam
1050 1829 1098 1890 ea,
1119 1829 1184 1897 qne
1201 1809 1267 1873 vite
1290 1816 1322 1874 et
1339 1809 1518 1874 christiani·

211 1911 269 1976 tati
293 1913 477 1977 satisfacere
504 1931 597 1995 posse
625 1913 801 1978 videantur.
844 1911 964 1995 Impius
979 1918 1037 1985 est,
1059 1911 1202 1994 quisquis
1222 1911 1294 1995 plus
1314 1929 1428 1994 sapere
1451 1910 1518 1974 vult

210 2033 304 2096 quam
327 2013 473 2078 eeclesia.
516 2017 565 2078 An
587 2034 647 2097 ego
669 2014 770 2078 Deum
798 2021 830 2079 et
858 2015 1000 2078 homines
1020 2013 1178 2078 offendam
1199 2012 1233 2077 in
1260 2011 1376 2094 nugis?
1423 2011 1517 2076 Certe

209 2135 270 2179 non
293 2115 461 2180 offendam.
504 2115 669 2180 Portemus
690 2115 723 2179 in
744 2117 845 2180 lionte
857 2115 996 2197 sigillum
1007 2113 1120 2193 crucis,
1140 2113 1292 2179 uexillum
1313 2111 1516 2194 regisuostri.

210 2217 280 2282 Nou
301 2217 399 2282 simus
420 2217 593 2299 transfuga,
614 2237 705 2283 nemo
728 2225 831 2302 potest
853 2217 979 2282 Christo
997 2224 1030 2281 et
1050 2215 1128 2280 Baal
1150 2215 1280 2281 servire.
1321 2215 1440 2305 §aucta
1462 2213 1517 2276 im·
1634 2207 1637 2212 ’

209 2320 364 2404 peratoris
385 2315 483 2384 nostri
505 2319 629 2384 militia.
678 2318 748 2383 Non
777 2319 819 2383 sit
846 2319 1009 2383 nobiscnm
1038 2318 1070 2381 in
1097 2317 1229 2382 castris⁶
1257 2299 1321 2380 ulla
1344 2313 1516 2396 torpitudo.

210 2419 374 2486 scribatur
392 2420 426 2485 in
447 2421 556 2486 limine
567 2421 742 2486 cenobialis
753 2419 903 2484 vestibuli
915 2419 1166 2502 Vergilianum¹⁵
1180 2417 1272 2482 illud:
1295 2415 1517 2500 „Castapudi-
1566 2437 1569 2442 ·
1608 2420 1612 2427 “

210 2523 326 2588 eiciam
347 2531 456 2588 servat
475 2522 620 2586 domus“.
661 2522 753 2586 Absit
776 2543 796 2586 a
817 2520 909 2586 vohis
930 2520 1010 2585 illud
1031 2520 1210 2605 Cipriani⁸:

452 2645 569 2726 „hlulti
591 2646 687 2710 etiarn
709 2651 836 2709 sanetas
855 2644 926 2708 ausi
945 2645 1130 2726 contingere
1150 2648 1271 2707 mentes

410 2747 593 2812 Discessere
616 2748 726 2811 iterum
748 2745 853 2810 subito
874 2752 1019 2828 retroque
1040 2744 1158 2828 relapsi

409 2849 564 2914 Sardibus
586 2856 617 2912 et
638 2867 715 2912 ceno
737 2848 827 2912 mixti
850 2847 1019 2910 volvuntur
1039 2845 1185 2911 eodem“.
1264 2846 1268 2854 ’

289 2975 324 3038 Si
345 2973 441 3038 vultis
462 2971 572 3037 celesti
593 2971 746 3036 alimonia
766 2970 867 3050 vesci,
898 2968 1023 3052 diligite
1045 2969 1247 3054 pudiciciam.
1289 2969 1403 3050 „llens
1429 2971 1518 3055 capit

209 3075 385 3140 ambrosias
406 3077 455 3160 (ut
476 3073 578 3156 inquit
600 3073 725 3149 fratem)
751 3092 811 3135 non
825 3071 885 3136 nisi
898 3079 987 3136 casta
996 3070 1098 3154 dapes
1106 3072 1135 3132 “.
1175 3069 1296 3138 Audivi
1313 3070 1516 3156 impudicum,

209 3177 264 3260 qni
284 3175 485 3260 impudenter
505 3175 705 3240 reclamaret:
729 3174 817 3256 „Hoc
837 3173 917 3237 nihil
934 3178 991 3257 est.
1033 3173 1296 3238 Futnarialibido
1312 3193 1375 3238 non
1387 3181 1517 3257 estpee-
1592 3238 1595 3244 ,

209 3286 333 3358 catum,
353 3277 519 3362 pedicaria
534 3296 633 3341 venus
657 3277 757 3359 turpis
784 3275 864 3340 est“.
909 3274 1006 3352 Quasi
1027 3273 1213 3356 monachus,
1239 3294 1279 3340 ne
1301 3276 1451 3358 pedicare
1472 3276 1517 3338 in-

207 3380 307 3464 cipiat
323 3379 459 3460 sodales,
479 3379 599 3444 l'utuere
621 3386 725 3442 scorta
746 3376 819 3442 l'eda
836 3375 964 3442 debeat.
1007 3375 1178 3458 Utrumque
1189 3377 1292 3441 scelus
1305 3385 1353 3440 est
1364 3377 1515 3460 piandum

207 3481 392 3546 verberibus
413 3490 445 3545 et
467 3483 581 3564 scopis.
623 3481 784 3546 Osacram
807 3479 1007 3562 scripturam,
1027 3477 1116 3540 cuius
1130 3476 1282 3542 beneficio
1295 3477 1375 3544 hene
1388 3480 1517 3569 pudice-

207 3569 426 3666 quesivimus,
448 3584 517 3646 sine
539 3582 699 3666 superbia,
720 3581 789 3646 sine
811 3580 988 3664 petulantia
1008 3586 1049 3658 et,
1071 3579 1154 3660 quod
1176 3588 1224 3644 est
1243 3581 1425 3662 maximum,
1446 3581 1522 3646 sine

207 3684 358 3750 avaritia!
400 3683 540 3748 'levite
570 3684 699 3748 honeste
729 3688 860 3747 matrem
881 3681 975 3746 Piens
1004 3681 1096 3745 unice
1123 3689 1292 3748 veneratus
1320 3690 1376 3748 est.
1425 3683 1517 3748 Hune

277 3828 334 3874 ⁸02
353 3827 430 3882 eorum
442 3827 508 3887 seru
528 3827 565 3872 nr
585 3828 623 3872 rs.
688 3811 753 3872 ”ra
771 3827 822 3872 ara
840 3840 915 3873 nme.
978 3817 1042 3870 0‘1'2
1056 3825 1144 3885 elogia.
1214 3810 1402 3886 “ammam
1418 3826 1456 3874 rm·
1475 3829 1515 3874 m.

208 3893 272 3944 ‘Te
291 3899 318 3945 in
339 3897 428 3944 castris
448 3897 545 3944 nostris.
601 3887 661 3942 ''J'e
681 3897 853 3956 Virgilianum.
911 3887 978 3940 ⁸72·
999 3895 1126 3954 Cypriani.
1179 3881 1280 3942 ”aaut
1298 3896 1336 3942 tei
1356 3897 1396 3944 Te.

213 4045 355 4053 —-.-.-—-.

272 4151 280 4192 ¹
304 4155 431 4226 Spriiohe
454 4154 609 4208 Salomonis
621 4151 670 4218 24,
682 4153 727 4210 12,

268 4231 281 4272 ²
303 4235 364 4306 Vgl.
389 4235 470 4293 Bau
493 4234 547 4289 su
571 4235 652 4296 Auru.
666 4232 692 4286 4.

268 4311 282 4354 ³
306 4316 385 4370 Naoh
405 4315 534 4384 Meiners,
551 4312 901 4384 Leheusbeschreibungen
916 4311 954 4381 11,
973 4309 1000 4366 S.
1014 4311 1048 4364 51
1074 4309 1198 4367 befindet
1217 4313 1277 4367 sich
1297 4312 1517 4385 dieAuslegung

210 4395 259 4450 des
279 4395 410 4450 anhllten
431 4393 557 4449 Psalmes
579 4399 660 4446 untur
679 4393 732 4446 den
753 4391 924 4463 gedruekten
945 4390 1084 4446 Schriften
1105 4392 1155 4446 des
1174 4391 1260 4446 Picus
1278 4409 1332 4446 von
1354 4391 1516 4448 Mirandula.

269 4471 285 4513 4
313 4475 436 4530 Thomas
451 4473 546 4530 Wolff.
574 4473 638 4544 Vgl.
659 4470 737 4529 Bae
758 4471 784 4527 S.
799 4471 835 4524 12
858 4471 967 4526 Armi
991 4472 1048 4525 und
1064 4468 1114 4527 'Br.
1128 4471 1166 4524 66
1187 4469 1214 4528 S.
1230 4471 1266 4524 93
1290 4471 1373 4527 Arum.
1384 4471 1410 4526 ὃ.

268 4548 284 4594 ⁵
313 4551 617 4628 Georg.1ib.11,524.

1260 4601 1315 4702 lt*
