3625 5192
313 363 366 419 ale
392 409 396 424 .
694 365 954 435 Gesehichtsquellen
973 365 1023 420 der
1039 363 1118 420 Prov.
1136 365 1259 420 Sechsen.

393 514 593 579 Herebordus
610 513 664 579 nbi
678 514 762 580 sitet
781 515 855 596 quid
877 522 965 596 agat,
986 534 1114 598 prorsus
1134 515 1254 596 ignoro.
1288 512 1377 577 Nihil
1400 513 1483 578 euim
1504 512 1545 576 ad
1565 531 1616 576 me

310 617 428 681 scribit.
481 617 583 681 Meam
615 617 714 698 igitur
742 616 910 699 epistolam
941 619 1057 681 frustra
1091 617 1132 680 ad
1167 635 1238 680 cum
1274 616 1424 699 scriptam
1458 615 1615 680 combure.

311 717 502 782 Benedictus
520 730 624 784 noster
639 713 800 802 ὑπωρόφιος
813 710 968 796 antepor-
979 718 1090 782 visitat
1106 737 1177 782 meo
1189 717 1339 782 mandato
1350 724 1476 799 gentem
1486 717 1615 781 Hassia-

311 821 416 897 tioam‚
438 819 477 884 de
490 839 554 901 qua
568 820 644 884 mibi
660 821 849 886 nunciantur
868 820 995 884 horrida
1015 820 1149 885 hella'et
1167 819 1422 884 conturbationes
1442 819 1615 900 regiminis.

311 921 472 985 Scinditur
482 922 513 984 in
528 931 644 1005 partes.
673 923 784 987 Altera
791 922 897 987 studet
908 922 1045 1007 principi
1053 920 1291 987 vecordiusculo
1301 923 1322 1001 1,
1337 921 1438 985 altera
1445 921 1527 1003 gerit
1537 927 1615 985 tute·

311 1023 374 1086 lam
387 1023 511 1106 pupilli.
543 1023 613 1088 Non
627 1022 743 1088 collata
756 1024 825 1112 acie
836 1023 1000 1104 dimicant,
1009 1023 1065 1088 sed
1077 1031 1145 1086 arte
1156 1030 1188 1087 et
1199 1022 1378 1086 incursibus
1390 1029 1519 1086 vastant
1528 1022 1617 1086 vicos

310 1131 341 1188 et
356 1142 450 1205 agros
464 1133 496 1187 et
508 1124 721 1188 comilitonum
734 1129 879 1188 nrauurnvn
894 1124 1033 1189 invitant
1047 1126 1079 1188 in
1094 1124 1343 1190 communionem
1354 1121 1460 1206 prede.
1491 1121 1615 1200 Quidin

310 1224 508 1308 Duriugia?c
539 1225 595 1290 Vis
612 1226 642 1290 vi
665 1225 836 1309 repellitur.
876 1226 1010 1291 Habetis
1026 1226 1110 1290 intra
1129 1245 1233 1291 muros
1247 1224 1469 1308 hiporoxotas2
1484 1223 1616 1309 presidii

309 1326 387 1406 loco,
412 1326 505 1391 credo
523 1337 688 1392 strennuos
705 1327 816 1406 virosl,
834 1327 960 1393 habetis
977 1327 1074 1392 ctiam
1093 1326 1336 1411 sarissophoros,
1360 1337 1394 1390 at
1409 1327 1474 1391 iam
1488 1345 1618 1391 necesse

309 1448 371 1492 uon
400 1429 442 1494 sit
467 1429 602 1512 pecunia
631 1429 830 1494 securitatem
865 1437 899 1492 ut
921 1438 996 1493 aute
1024 1428 1185 1493 redimere.
1233 1428 1320 1492 Deua
1341 1428 1438 1509 lauit,
1469 1437 1503 1492 ut
1528 1428 1618 1512 pacis

309 1549 527 1611 armorumque
555 1528 666 1594 arbitri
703 1548 767 1594 rem
794 1539 999 1613 componant,
1038 1531 1235 1596 maiestatem
1268 1530 1409 1595 nutantia
1445 1529 1618 1613 reipublice

309 1631 475 1696 stabiliant
512 1639 544 1696 et
582 1631 735 1696 Martini³
774 1630 928 1696 ditionem
959 1651 1015 1702 ac,
1035 1632 1200 1715 imperinm
1246 1632 1385 1696 Saxouie
1423 1630 1619 1697 concorditer

310 1739 464 1798 tueantur.
518 1733 596 1798 Vale
615 1742 647 1798 et
665 1733 762 1798 salve.

390 1840 481 1900 stato
501 1835 644 1916 festoque
665 1835 790 1917 patroni
808 1835 943 1900 ecclesie
963 1834 1148 1916 Moguutiue
1169 1835 1347 1918 pervigilio.

380 1957 560 2005 Bandschrlltl.
581 1959 600 2006 F
620 1957 652 2006 95
672 1957 815 2006 ror.66r—
829 1959 881 2005 err
951 1958 1066 2010 Gedru
1092 1958 1127 2005 Tz
1144 1957 1207 2006 §.81
1236 1974 1280 2005 nora
1298 1957 1450 2006 Benedictus
1472 1967 1558 2005 aroster
1584 1958 1620 2005 bia

312 2028 470 2076 concorditer
488 2033 614 2076 tucantur.

381 2125 571 2196 ῑΕκησεμών,
591 2134 624 2180 'I'a
641 2122 767 2196 κησαμὼν.
853 2120 919 2180 bTa
937 2134 1054 2181 animum.
1144 2129 1207 2180 ‘'l'a
1224 2135 1368 2194 Thurlngia.
1457 2120 1523 2180 “Ta
1541 2134 1620 2182 Gra-lo

311 2209 425 2251 strennos
445 2203 512 2251 viros
531 2203 629 2251 habetis
647 2203 674 2250 in
693 2203 855 2252 sarissoloros.

866 2325 1067 2332 —-..-—-—-..

312 2406 389 2472 174.
413 2379 457 2472 ll.
481 2422 526 2471 an
547 2403 711 2488 Pyrrhus
733 2403 887 2476 Tubero.
1212 2403 1344 2490 (autho
1364 2404 1617 2491 loca-1510).

385 2530 594 2646 lh‘l1ut.hboapricht
612 2529 661 2576 deu
671 2529 797 2576 Uoberlsll
818 2529 886 2576 cinea
900 2530 1128 2577 orabiselrdllichon
1140 2530 1229 2592 Rotas,
1248 2545 1336 2576 wovon
1346 2531 1457 2591 Pyrrhus
1467 2529 1521 2576 ihm
1530 2530 1619 2590 jlingat

314 2615 384 2660 genre
412 2605 437 2646 ot
474 2606 534 2648 otte.

395 2697 562 2780 Pyrrho⁴
585 2697 794 2777 Tuberoni,
815 2696 995 2761 formulario
1017 2696 1117 2761 literis
1140 2697 1340 2779 politioribus
1360 2696 1489 2763 imbuto.

396 2797 500 2864 Salve.
548 2800 618 2880 Ago
646 2798 704 2862 tibi
732 2785 867 2879 gratias,
893 2797 977 2878 quod
1003 2797 1231 2862 immanissima
1259 2800 1344 2862 t'acta
1378 2799 1484 2869 nescio
1510 2799 1620 2863 cuius5

316 2901 392 2964 nrihi
423 2920 479 2983 per
507 2902 616 2965 literas
646 2900 824 2964 insinuasti.
874 2898 1031 2964 Admonet
1060 2901 1143 2964 enim
1166 2900 1222 2963 illa
1241 2907 1296 2964 tua
1323 2901 1466 2965 parracio
1492 2900 1621 2965 minime

316 3001 475 3067 fidendum
497 3023 567 3068 esse
587 3001 733 3085 gloriosis
754 3000 944 3084 proceribus.
991 3001 1073 3064 Nam
1095 3010 1215 3084 quauta
1237 3002 1353 3066 sevitia
1371 3011 1550 3085 grassatum
1570 3003 1621 3084 sit,

303 3107 411 3186 'quam
434 3106 582 3170 atrociter
601 3103 733 3167 affectus
755 3121 863 3166 cursor
883 3102 1048 3186 episcopii,
1072 3103 1178 3187 palam
1204 3113 1261 3168 est.
1316 3103 1399 3182 Quid
1428 3105 1621 3188 privatorum

317 3206 495 3271 tabellariis
514 3205 647 3284 facient,
669 3205 723 3286 qni
745 3203 937 3288 principales
958 3205 1132 3270 annuncios
1153 3203 1262 3270 inedia
1283 3215 1461 3299 macerant,
1486 3207 1622 3270 stimulis

384 3386 550 3446 ¹Wilhelm
572 3389 602 3458 1.‚
621 3390 670 3444 der
690 3388 817 3456 haltere,
843 3405 899 3442 war
924 3389 974 3443 auf
992 3389 1083 3443 aeiner
1099 3387 1182 3444 Reiae
1208 3390 1280 3444 uach
1301 3389 1445 3445 Pellistina
1464 3388 1623 3458 triibsinnig

324 3473 470 3544 geworden
491 3472 548 3526 nud
566 3470 643 3524 hatte
663 3469 778 3523 dcshalb
800 3465 902 3540 (1493)
923 3469 1026 3524 aeinern
1048 3468 1155 3524 Brnder
1174 3468 1309 3524 Wilbelm
1329 3469 1376 3536 ll.,
1397 3470 1459 3524 dem
1473 3467 1622 3535 Mittleren‚

322 3553 366 3607 die
391 3551 522 3621 alleinigc
550 3547 708 3620 Regierung
732 3549 898 3603 iiberlaseeu.
946 3549 998 3602 au
1026 3549 1116 3604 dieser
1143 3548 1221 3602 1509
1246 3550 1407 3620 gestorben,
1433 3548 1536 3602 bildete
1562 3547 1622 3601 sich

292 3635 294 3638 ’
322 3639 403 3686 unter
431 3629 707 3700 Beiseiteschiebung
737 3631 785 3683 der
817 3646 870 3682 von
902 3629 960 3682 ihm
989 3629 1174 3700 eingesetzten
1200 3629 1375 3683 Vormiinder
1407 3628 1469 3682 eine
1503 3627 1623 3698 Regent·

321 3711 413 3767 schaft
431 3711 477 3765 fiir
496 3711 549 3764 den
570 3709 675 3764 damals
695 3708 885 3780 funffldhrigen
897 3709 1013 3780 Philipp
1029 3709 1051 3766 I.
1073 3711 1180 3779 (apiiter
1198 3710 1244 3763 der
1257 3707 1359 3764 Grosee
1378 3707 1520 3779 genannt).
1550 3707 1622 3762 Dem

321 3792 482 3865 geganiiber
501 3796 556 3845 trat
581 3789 625 3843 die
647 3787 795 3844 Gemahliu
821 3789 869 3842 des
896 3789 970 3844 noch
996 3789 1131 3844 lebenden
1151 3788 1288 3842 Wilhelrn
1309 3789 1330 3844 l.
1359 3789 1416 3843 und
1436 3787 1480 3841 ihr
1502 3787 1624 3860 Anhang

322 3871 374 3926 mit
402 3870 583 3941 Auspriichen
603 3869 654 3924 auf
672 3869 715 3923 die
736 3868 895 3939 Regierung
916 3870 964 3923 dea
983 3869 1093 3923 Laiades
1113 3867 1169 3924 auf.

385 3947 399 3990 2
419 3951 478 4006 Der
497 3948 662 4004 Erzbischof
679 3966 732 4003 rou
746 3949 837 4002 Maius
856 3949 934 4003 hatte
954 3967 1002 4002 zur
1020 3949 1149 4003 besem
1164 3945 1320 4020 Sicherung
1338 3949 1387 4003 der
1403 3945 1482 4002 Stadt
1496 3947 1555 4001 200
1569 3947 1623 4003 Be-

322 4032 422 4086 rittene
453 4031 481 4084 in
520 4029 581 4084 dem
615 4028 736 4084 Mainzer
751 4028 826 4084 -Hof
854 4029 1043 4100 einquartiert
1091 4027 1154 4099 Vgl.
1187 4027 1381 4096 Pallrenatein‚
1409 4027 1533 4084 Historia
1568 4047 1623 4084 rou

319 4111 442 4165 Erffurth
463 4109 488 4164 S.
500 4108 565 4163 490.

382 4185 397 4230 ³
416 4190 471 4244 Die
491 4189 615 4244 Mainzer
631 4189 801 4244 Herrschaft

381 4265 480 4341 ⁴Vgt
500 4269 544 4323 Br.
560 4269 597 4323 78
619 4267 645 4324 S.
661 4268 715 4322 117
738 4268 820 4322 Anm.
834 4267 858 4322 l.

382 4344 510 4403 ⁵Wenu
538 4351 610 4404 auch
634 4349 678 4404 die
703 4348 791 4416 salle,
812 4349 874 4402 dass
895 4347 1075 4403 Privatboten
1096 4347 1260 4416 iiberfallen‚
1280 4348 1449 4419 auageraubt
1468 4348 1524 4403 und
1546 4348 1624 4402 mise-

320 4429 436 4484 handelt
463 4431 589 4498 worden,
614 4429 720 4483 damale
748 4426 845 4500 haufig
869 4427 929 4482 sich
951 4428 1123 4498 ereigneten‚
1143 4447 1173 4483 eo
1194 4428 1259 4482 licea
1280 4445 1343 4482 man
1364 4429 1437 4483 doch
1457 4427 1547 4482 Bolon
1568 4445 1623 4484 von

320 4509 438 4563 Phratou
470 4509 526 4563 und
560 4507 711 4564 Bischlifen
736 4507 925 4579 nnbehelligt,
959 4508 1023 4563 weil
1052 4509 1127 4564 dicae
1158 4507 1339 4564 meiatenteila
1374 4508 1420 4564 die
1455 4506 1624 4584 &emmung
1729 4565 1733 4572 ,

319 4590 369 4647 der
388 4587 496 4648 Thdter
514 4588 713 4647 herbeifrihren
732 4588 863 4646 konnten.
